timestamp,elapsed_sec,up_bid_p1,up_bid_s1,up_bid_p2,up_bid_s2,up_ask_p1,up_ask_s1,up_ask_p2,up_ask_s2,down_bid_p1,down_bid_s1,down_bid_p2,down_bid_s2,down_ask_p1,down_ask_s1,down_ask_p2,down_ask_s2,up_spread,down_spread,bnb_price,bnb_oracle_ts
1776215411.416,11.416,0.38,5.0,0.37,5.0,0.45,5.0,0.47,5.0,0.55,5.0,0.53,5.0,0.62,5.0,0.63,5.0,0.07,0.07,617.462,1776215410000
1776215411.792,11.792,0.38,5.0,0.37,5.0,0.45,5.0,0.47,5.0,0.55,5.0,0.53,5.0,0.62,5.0,0.63,5.0,0.07,0.07,617.462,1776215410000
1776215412.194,12.194,0.38,5.0,0.37,5.0,0.45,5.0,0.47,5.0,0.55,5.0,0.53,5.0,0.62,5.0,0.63,5.0,0.07,0.07,617.467,1776215411000
1776215413.309,13.309,0.38,5.0,0.37,5.0,0.45,5.0,0.47,5.0,0.55,5.0,0.53,5.0,0.62,5.0,0.63,5.0,0.07,0.07,617.468,1776215412000
1776215413.974,13.974,0.38,5.0,0.37,5.0,0.45,5.0,0.47,5.0,0.55,5.0,0.53,5.0,0.62,5.0,0.63,5.0,0.07,0.07,617.468,1776215413000
1776215415.177,15.177,0.38,5.0,0.37,5.0,0.45,5.0,0.47,5.0,0.55,5.0,0.53,5.0,0.62,5.0,0.63,5.0,0.07,0.07,617.47,1776215414000
1776215416.611,16.611,0.38,5.0,0.37,5.0,0.45,5.0,0.47,5.0,0.55,5.0,0.53,5.0,0.62,5.0,0.63,5.0,0.07,0.07,617.474,1776215415000
1776215417.098,17.098,0.38,5.0,0.37,5.0,0.45,5.0,0.47,5.0,0.55,5.0,0.53,5.0,0.62,5.0,0.63,5.0,0.07,0.07,617.472,1776215416000
1776215418.287,18.287,0.38,5.0,0.37,5.0,0.45,5.0,0.47,5.0,0.55,5.0,0.53,5.0,0.62,5.0,0.63,5.0,0.07,0.07,617.489,1776215417000
1776215418.92,18.92,0.38,5.0,0.37,5.0,0.45,5.0,0.47,5.0,0.55,5.0,0.53,5.0,0.62,5.0,0.63,5.0,0.07,0.07,617.489976,1776215418000
1776215420.44,20.44,0.38,5.0,0.37,5.0,0.45,5.0,0.47,5.0,0.55,5.0,0.53,5.0,0.62,5.0,0.63,5.0,0.07,0.07,617.49,1776215419000
1776215420.916,20.916,0.38,5.0,0.37,5.0,0.45,5.0,0.47,5.0,0.55,5.0,0.53,5.0,0.62,5.0,0.63,5.0,0.07,0.07,617.474,1776215420000
1776215422.571,22.571,0.38,5.0,0.37,5.0,0.45,5.0,0.47,5.0,0.55,5.0,0.53,5.0,0.62,5.0,0.63,5.0,0.07,0.07,617.479,1776215421000
1776215423.141,23.141,0.38,5.0,0.37,5.0,0.45,5.0,0.47,5.0,0.55,5.0,0.53,5.0,0.62,5.0,0.63,5.0,0.07,0.07,617.479,1776215422000
1776215424.595,24.595,0.38,5.0,0.37,5.0,0.45,5.0,0.47,5.0,0.55,5.0,0.53,5.0,0.62,5.0,0.63,5.0,0.07,0.07,617.48,1776215423000
1776215425.127,25.127,0.38,5.0,0.37,5.0,0.45,5.0,0.47,5.0,0.55,5.0,0.53,5.0,0.62,5.0,0.63,5.0,0.07,0.07,617.48,1776215424000
1776215426.464,26.464,0.38,5.0,0.37,5.0,0.45,5.0,0.47,5.0,0.55,5.0,0.53,5.0,0.62,5.0,0.63,5.0,0.07,0.07,617.473,1776215425000
1776215426.984,26.984,0.38,5.0,0.37,5.0,0.45,5.0,0.47,5.0,0.55,5.0,0.53,5.0,0.62,5.0,0.63,5.0,0.07,0.07,617.472,1776215426000
1776215428.161,28.161,0.38,5.0,0.37,5.0,0.45,5.0,0.47,5.0,0.55,5.0,0.53,5.0,0.62,5.0,0.63,5.0,0.07,0.07,617.471,1776215427000
1776215429.283,29.283,0.38,5.0,0.37,5.0,0.45,5.0,0.47,5.0,0.55,5.0,0.53,5.0,0.62,5.0,0.63,5.0,0.07,0.07,617.466,1776215428000
1776215430.45,30.45,0.38,5.0,0.37,5.0,0.45,5.0,0.47,5.0,0.55,5.0,0.53,5.0,0.62,5.0,0.63,5.0,0.07,0.07,617.466,1776215429000
1776215431.019,31.019,0.38,5.0,0.37,5.0,0.45,5.0,0.47,5.0,0.55,5.0,0.53,5.0,0.62,5.0,0.63,5.0,0.07,0.07,617.463,1776215430000
1776215432.189,32.189,0.38,5.0,0.37,5.0,0.45,5.0,0.47,5.0,0.55,5.0,0.53,5.0,0.62,5.0,0.63,5.0,0.07,0.07,617.478,1776215431000
1776215433.321,33.321,0.38,5.0,0.37,5.0,0.45,5.0,0.47,5.0,0.55,5.0,0.53,5.0,0.62,5.0,0.63,5.0,0.07,0.07,617.478,1776215432000
1776215434.346,34.346,0.38,5.0,0.37,5.0,0.45,5.0,0.47,5.0,0.55,5.0,0.53,5.0,0.62,5.0,0.63,5.0,0.07,0.07,617.472,1776215433000
1776215434.869,34.869,0.38,5.0,0.37,5.0,0.45,5.0,0.47,5.0,0.55,5.0,0.53,5.0,0.62,5.0,0.63,5.0,0.07,0.07,617.472,1776215434000
1776215436.029,36.029,0.38,5.0,0.37,5.0,0.45,5.0,0.47,5.0,0.55,5.0,0.53,5.0,0.62,5.0,0.63,5.0,0.07,0.07,617.475,1776215435000
1776215437.753,37.753,0.38,5.0,0.37,5.0,0.45,5.0,0.47,5.0,0.55,5.0,0.53,5.0,0.62,5.0,0.63,5.0,0.07,0.07,617.483,1776215436000
1776215438.376,38.376,0.38,5.0,0.37,5.0,0.45,5.0,0.47,5.0,0.55,5.0,0.53,5.0,0.62,5.0,0.63,5.0,0.07,0.07,617.479,1776215437000
1776215439.107,39.107,0.38,5.0,0.37,5.0,0.45,5.0,0.47,5.0,0.55,5.0,0.53,5.0,0.62,5.0,0.63,5.0,0.07,0.07,617.479,1776215438000
1776215440.508,40.508,0.38,5.0,0.37,5.0,0.45,5.0,0.47,5.0,0.55,5.0,0.53,5.0,0.62,5.0,0.63,5.0,0.07,0.07,617.478,1776215439000
1776215441.252,41.252,0.38,5.0,0.37,5.0,0.45,5.0,0.47,5.0,0.55,5.0,0.53,5.0,0.62,5.0,0.63,5.0,0.07,0.07,617.478,1776215440000
1776215442.602,42.602,0.38,5.0,0.37,5.0,0.45,5.0,0.47,5.0,0.55,5.0,0.53,5.0,0.62,5.0,0.63,5.0,0.07,0.07,617.456,1776215441000
1776215443.323,43.323,0.38,5.0,0.37,5.0,0.45,5.0,0.47,5.0,0.55,5.0,0.53,5.0,0.62,5.0,0.63,5.0,0.07,0.07,617.456,1776215442000
1776215443.926,43.926,0.38,5.0,0.37,5.0,0.45,5.0,0.47,5.0,0.55,5.0,0.53,5.0,0.62,5.0,0.63,5.0,0.07,0.07,617.459,1776215443000
1776215445.214,45.214,0.38,5.0,0.37,5.0,0.45,5.0,0.47,5.0,0.55,5.0,0.53,5.0,0.62,5.0,0.63,5.0,0.07,0.07,617.464,1776215444000
1776215446.502,46.502,0.38,5.0,0.37,5.0,0.45,5.0,0.47,5.0,0.55,5.0,0.53,5.0,0.62,5.0,0.63,5.0,0.07,0.07,617.47,1776215445000
1776215447.118,47.118,0.38,5.0,0.37,5.0,0.45,5.0,0.47,5.0,0.55,5.0,0.53,5.0,0.62,5.0,0.63,5.0,0.07,0.07,617.47,1776215446000
1776215448.387,48.387,0.38,5.0,0.37,5.0,0.45,5.0,0.47,5.0,0.55,5.0,0.53,5.0,0.62,5.0,0.63,5.0,0.07,0.07,617.471,1776215447000
1776215448.989,48.989,0.38,5.0,0.37,5.0,0.45,5.0,0.47,5.0,0.55,5.0,0.53,5.0,0.62,5.0,0.63,5.0,0.07,0.07,617.471,1776215448000
1776215450.311,50.311,0.38,5.0,0.37,5.0,0.45,5.0,0.47,5.0,0.55,5.0,0.53,5.0,0.62,5.0,0.63,5.0,0.07,0.07,617.467,1776215449000
1776215450.964,50.964,0.38,5.0,0.37,5.0,0.45,5.0,0.47,5.0,0.55,5.0,0.53,5.0,0.62,5.0,0.63,5.0,0.07,0.07,617.467,1776215450000
1776215452.319,52.319,0.38,5.0,0.37,5.0,0.45,5.0,0.47,5.0,0.55,5.0,0.53,5.0,0.62,5.0,0.63,5.0,0.07,0.07,617.467,1776215451000
1776215453.128,53.128,0.38,5.0,0.37,5.0,0.45,5.0,0.47,5.0,0.55,5.0,0.53,5.0,0.62,5.0,0.63,5.0,0.07,0.07,617.466,1776215452000
1776215453.41,53.41,0.34,10.0,0.28,17.9,0.39,5.0,0.42,5.0,0.55,5.0,0.53,5.0,0.62,5.0,0.63,5.0,0.05,0.07,617.466,1776215452000
1776215454.903,54.903,0.34,5.0,0.28,17.9,0.39,10.0,0.42,5.0,0.61,5.0,0.58,5.0,0.66,10.0,0.72,17.9,0.05,0.05,617.466,1776215452000
1776215455.175,55.175,0.34,5.0,0.28,17.9,0.39,10.0,0.42,5.0,0.61,10.0,0.58,5.0,0.66,5.0,0.72,17.9,0.05,0.05,617.437553,1776215454000
1776215456.295,56.295,0.34,5.0,0.28,17.9,0.39,10.0,0.42,5.0,0.61,10.0,0.58,5.0,0.66,5.0,0.72,17.9,0.05,0.05,617.40557,1776215455000
1776215457.001,57.001,0.34,5.0,0.28,17.9,0.39,10.0,0.42,5.0,0.61,10.0,0.58,5.0,0.66,5.0,0.72,17.9,0.05,0.05,617.43025,1776215456000
1776215458.166,58.166,0.34,5.0,0.28,17.9,0.39,10.0,0.42,5.0,0.61,10.0,0.58,5.0,0.66,5.0,0.72,17.9,0.05,0.05,617.43334,1776215457000
1776215459.39,59.39,0.34,5.0,0.28,17.9,0.39,10.0,0.42,5.0,0.61,10.0,0.58,5.0,0.66,5.0,0.72,17.9,0.05,0.05,617.43037,1776215458000
1776215460.053,60.053,0.34,5.0,0.28,17.9,0.39,10.0,0.42,5.0,0.61,10.0,0.58,5.0,0.66,5.0,0.72,17.9,0.05,0.05,617.43124,1776215459000
1776215461.252,61.252,0.34,5.0,0.28,17.9,0.39,10.0,0.42,5.0,0.61,10.0,0.58,5.0,0.66,5.0,0.72,17.9,0.05,0.05,617.43174,1776215460000
1776215462.385,62.385,0.34,5.0,0.28,17.9,0.39,10.0,0.42,5.0,0.61,10.0,0.58,5.0,0.66,5.0,0.72,17.9,0.05,0.05,617.43321,1776215461000
1776215463.131,63.131,0.34,5.0,0.28,17.9,0.39,10.0,0.42,5.0,0.61,10.0,0.58,5.0,0.66,5.0,0.72,17.9,0.05,0.05,617.43338,1776215462000
1776215464.198,64.198,0.34,5.0,0.28,17.9,0.39,10.0,0.42,5.0,0.61,10.0,0.58,5.0,0.66,5.0,0.72,17.9,0.05,0.05,617.42321,1776215463000
1776215465.442,65.442,0.34,5.0,0.28,17.9,0.39,10.0,0.42,5.0,0.61,10.0,0.58,5.0,0.66,5.0,0.72,17.9,0.05,0.05,617.42072,1776215464000
1776215465.995,65.995,0.34,5.0,0.28,17.9,0.39,10.0,0.42,5.0,0.61,10.0,0.58,5.0,0.66,5.0,0.72,17.9,0.05,0.05,617.41929,1776215465000
1776215467.167,67.167,0.34,5.0,0.28,17.9,0.39,10.0,0.42,5.0,0.61,10.0,0.58,5.0,0.66,5.0,0.72,17.9,0.05,0.05,617.41911,1776215466000
1776215468.266,68.266,0.3,12.4,0.29,12.6,0.38,5.0,0.39,5.0,0.61,10.0,0.58,5.0,0.66,5.0,0.72,17.9,0.08,0.05,617.41911,1776215466000
1776215469.113,69.113,0.3,12.4,0.29,12.6,0.38,5.0,0.39,5.0,0.62,5.0,0.61,5.0,0.7,12.4,0.71,12.6,0.08,0.08,617.4203,1776215468000
1776215470.873,70.873,0.3,12.4,0.29,12.6,0.38,5.0,0.39,5.0,0.62,5.0,0.61,5.0,0.7,12.4,0.71,12.6,0.08,0.08,617.39794,1776215469000
1776215471.383,71.383,0.3,12.4,0.29,12.6,0.38,5.0,0.39,5.0,0.62,5.0,0.61,5.0,0.7,12.4,0.71,12.6,0.08,0.08,617.42225,1776215470000
1776215471.885,71.885,0.3,12.4,0.29,12.6,0.38,5.0,0.39,5.0,0.62,5.0,0.61,5.0,0.7,12.4,0.71,12.6,0.08,0.08,617.4257,1776215471000
1776215472.926,72.926,0.3,12.4,0.29,12.6,0.38,5.0,0.39,5.0,0.62,5.0,0.61,5.0,0.7,12.4,0.71,12.6,0.08,0.08,617.42011,1776215472000
1776215474.028,74.028,0.3,12.4,0.29,12.6,0.38,5.0,0.39,5.0,0.62,5.0,0.61,5.0,0.7,12.4,0.71,12.6,0.08,0.08,617.42451,1776215473000
1776215474.984,74.984,0.3,12.4,0.29,12.6,0.38,5.0,0.39,5.0,0.62,5.0,0.61,5.0,0.7,12.4,0.71,12.6,0.08,0.08,617.42502,1776215474000
1776215475.995,75.995,0.3,12.4,0.29,12.6,0.38,5.0,0.39,5.0,0.62,5.0,0.61,5.0,0.7,12.4,0.71,12.6,0.08,0.08,617.4019,1776215475000
1776215476.959,76.959,0.3,12.4,0.29,12.6,0.38,5.0,0.39,5.0,0.62,5.0,0.61,5.0,0.7,12.4,0.71,12.6,0.08,0.08,617.43091,1776215476000
1776215478.086,78.086,0.3,12.4,0.29,12.6,0.38,5.0,0.39,5.0,0.62,5.0,0.61,5.0,0.7,12.4,0.71,12.6,0.08,0.08,617.44907,1776215477000
1776215478.992,78.992,0.3,12.4,0.29,12.6,0.38,5.0,0.39,5.0,0.62,5.0,0.61,5.0,0.7,12.4,0.71,12.6,0.08,0.08,617.444,1776215478000
1776215479.961,79.961,0.3,12.4,0.29,12.6,0.38,5.0,0.39,5.0,0.62,5.0,0.61,5.0,0.7,12.4,0.71,12.6,0.08,0.08,617.444,1776215479000
1776215480.301,80.301,0.32,11.9,0.31,12.2,0.4,5.0,0.41,5.0,0.62,5.0,0.61,5.0,0.7,12.4,0.71,12.6,0.08,0.08,617.444,1776215479000
1776215481.013,81.013,0.32,11.9,0.31,12.2,0.4,5.0,0.41,5.0,0.6,5.0,0.59,5.0,0.68,11.9,0.69,12.2,0.08,0.08,617.445,1776215480000
1776215482.069,82.069,0.32,11.9,0.31,12.2,0.4,5.0,0.41,5.0,0.6,5.0,0.59,5.0,0.68,11.9,0.69,12.2,0.08,0.08,617.445,1776215481000
1776215483.156,83.156,0.32,11.9,0.31,12.2,0.4,5.0,0.41,5.0,0.6,5.0,0.59,5.0,0.68,11.9,0.69,12.2,0.08,0.08,617.446,1776215482000
1776215484.149,84.149,0.32,11.9,0.31,12.2,0.4,5.0,0.41,5.0,0.6,5.0,0.59,5.0,0.68,11.9,0.69,12.2,0.08,0.08,617.446,1776215483000
1776215486.112,86.112,0.32,11.9,0.31,12.2,0.4,5.0,0.41,5.0,0.6,5.0,0.59,5.0,0.68,11.9,0.69,12.2,0.08,0.08,617.462,1776215484000
1776215486.736,86.736,0.32,11.9,0.31,12.2,0.4,5.0,0.41,5.0,0.6,5.0,0.59,5.0,0.68,11.9,0.69,12.2,0.08,0.08,617.457,1776215485000
1776215487.842,87.842,0.32,11.9,0.31,12.2,0.4,5.0,0.41,5.0,0.6,5.0,0.59,5.0,0.68,11.9,0.69,12.2,0.08,0.08,617.454,1776215486000
1776215488.61,88.61,0.32,11.9,0.31,12.2,0.4,5.0,0.41,5.0,0.6,5.0,0.59,5.0,0.68,11.9,0.69,12.2,0.08,0.08,617.457,1776215487000
1776215489.184,89.184,0.32,11.9,0.31,12.2,0.4,5.0,0.41,5.0,0.6,5.0,0.59,5.0,0.68,11.9,0.69,12.2,0.08,0.08,617.457,1776215488000
1776215490.599,90.599,0.32,11.9,0.31,12.2,0.4,5.0,0.41,5.0,0.6,5.0,0.59,5.0,0.68,11.9,0.69,12.2,0.08,0.08,617.462,1776215489000
1776215491.251,91.251,0.32,11.9,0.31,12.2,0.4,5.0,0.41,5.0,0.6,5.0,0.59,5.0,0.68,11.9,0.69,12.2,0.08,0.08,617.453,1776215490000
1776215492.598,92.598,0.32,11.9,0.31,12.2,0.4,5.0,0.41,5.0,0.6,5.0,0.59,5.0,0.68,11.9,0.69,12.2,0.08,0.08,617.449,1776215491000
1776215493.386,93.386,0.32,11.9,0.31,12.2,0.4,5.0,0.41,5.0,0.6,5.0,0.59,5.0,0.68,11.9,0.69,12.2,0.08,0.08,617.431,1776215492000
1776215494.086,94.086,0.32,11.9,0.31,12.2,0.4,5.0,0.41,5.0,0.6,5.0,0.59,5.0,0.68,11.9,0.69,12.2,0.08,0.08,617.431,1776215493000
1776215495.723,95.723,0.23,5.0,0.22,20.2,0.39,5.0,0.4,25.0,0.61,5.0,0.6,25.0,0.77,5.0,0.78,20.2,0.16,0.16,617.405388,1776215494000
1776215495.932,95.932,0.14,27.14,0.13,23.0,0.22,5.0,0.23,5.0,0.61,5.0,0.6,25.0,0.77,5.0,0.78,20.2,0.08,0.16,617.405388,1776215494000
1776215496.293,96.293,0.14,20.22,0.13,23.0,0.22,5.0,0.23,5.0,0.78,5.0,0.77,5.0,0.86,20.22,0.87,23.0,0.08,0.08,617.347414,1776215495000
1776215496.733,96.733,0.12,24.6,0.11,31.6,0.21,30.0,0.22,18.0,0.78,5.0,0.77,5.0,0.86,20.22,0.87,23.0,0.09,0.08,617.347414,1776215495000
1776215497.347,97.347,0.12,23.35,0.11,31.6,0.21,30.0,0.22,18.0,0.79,30.0,0.78,18.0,0.88,24.6,0.89,31.6,0.09,0.09,617.347414,1776215495000
1776215497.733,97.733,0.12,23.35,0.11,31.6,0.21,30.0,0.22,18.0,0.79,30.0,0.78,18.0,0.88,23.35,0.89,31.6,0.09,0.09,617.233929,1776215496000
1776215498.504,98.504,0.12,23.35,0.11,31.6,0.21,30.0,0.22,18.0,0.79,30.0,0.78,18.0,0.88,23.35,0.89,31.6,0.09,0.09,617.147,1776215497000
1776215499.146,99.146,0.12,23.35,0.11,31.6,0.21,30.0,0.22,18.0,0.79,30.0,0.78,18.0,0.88,23.35,0.89,31.6,0.09,0.09,617.147,1776215498000
1776215500.602,100.602,0.12,23.35,0.11,31.6,0.21,30.0,0.22,18.0,0.79,30.0,0.78,18.0,0.88,23.35,0.89,31.6,0.09,0.09,617.09713,1776215499000
1776215501.287,101.287,0.12,23.35,0.11,31.6,0.21,30.0,0.22,18.0,0.79,30.0,0.78,18.0,0.88,23.35,0.89,31.6,0.09,0.09,617.09713,1776215500000
1776215503.239,103.239,0.12,23.35,0.11,31.6,0.21,30.0,0.22,18.0,0.79,30.0,0.78,18.0,0.88,23.35,0.89,31.6,0.09,0.09,617.097762,1776215502000
1776215505.211,105.211,0.12,23.35,0.11,31.6,0.21,30.0,0.22,18.0,0.79,30.0,0.78,18.0,0.88,23.35,0.89,31.6,0.09,0.09,617.097342,1776215504000
1776215506.592,106.592,0.12,23.35,0.11,31.6,0.21,30.0,0.22,18.0,0.79,30.0,0.78,18.0,0.88,23.35,0.89,31.6,0.09,0.09,617.047379,1776215505000
1776215507.369,107.369,0.12,23.35,0.11,31.6,0.21,30.0,0.22,18.0,0.79,30.0,0.78,18.0,0.88,23.35,0.89,31.6,0.09,0.09,617.03033,1776215506000
1776215508.133,108.133,0.12,23.35,0.11,31.6,0.21,30.0,0.22,18.0,0.79,30.0,0.78,18.0,0.88,23.35,0.89,31.6,0.09,0.09,617.03033,1776215507000
1776215509.522,109.522,0.12,23.35,0.11,31.6,0.21,30.0,0.22,18.0,0.79,30.0,0.78,18.0,0.88,23.35,0.89,31.6,0.09,0.09,617.010773,1776215508000
1776215510.203,110.203,0.12,23.35,0.11,31.6,0.21,30.0,0.22,18.0,0.79,30.0,0.78,18.0,0.88,23.35,0.89,31.6,0.09,0.09,617.005382,1776215509000
1776215511.597,111.597,0.12,23.35,0.11,31.6,0.21,30.0,0.22,18.0,0.79,30.0,0.78,18.0,0.88,23.35,0.89,31.6,0.09,0.09,617.007204,1776215510000
1776215512.22,112.22,0.12,23.35,0.11,31.6,0.21,30.0,0.22,18.0,0.79,30.0,0.78,18.0,0.88,23.35,0.89,31.6,0.09,0.09,617.004161,1776215511000
1776215513.63,113.63,0.12,23.35,0.11,31.6,0.21,30.0,0.22,18.0,0.79,30.0,0.78,18.0,0.88,23.35,0.89,31.6,0.09,0.09,617.00416,1776215512000
1776215514.306,114.306,0.12,23.35,0.11,31.6,0.21,30.0,0.22,18.0,0.79,30.0,0.78,18.0,0.88,23.35,0.89,31.6,0.09,0.09,617.003043,1776215513000
1776215515.024,115.024,0.12,23.35,0.11,31.6,0.21,30.0,0.22,18.0,0.79,30.0,0.78,18.0,0.88,23.35,0.89,31.6,0.09,0.09,617.003024,1776215514000
1776215516.361,116.361,0.12,23.35,0.11,31.6,0.21,30.0,0.22,18.0,0.79,30.0,0.78,18.0,0.88,23.35,0.89,31.6,0.09,0.09,617.00661,1776215515000
1776215517.069,117.069,0.12,24.6,0.11,31.6,0.16,19.0,0.21,5.0,0.84,19.0,0.79,5.0,0.88,24.6,0.89,31.6,0.04,0.04,617.087313,1776215516000
1776215518.419,118.419,0.12,24.6,0.11,31.6,0.16,19.0,0.21,5.0,0.84,19.0,0.79,5.0,0.88,24.6,0.89,31.6,0.04,0.04,617.132,1776215517000
1776215519.058,119.058,0.12,24.6,0.11,31.6,0.16,19.0,0.21,5.0,0.84,19.0,0.79,5.0,0.88,24.6,0.89,31.6,0.04,0.04,617.132,1776215518000
1776215520.405,120.405,0.12,24.6,0.11,31.6,0.16,19.0,0.21,5.0,0.84,19.0,0.79,5.0,0.88,24.6,0.89,31.6,0.04,0.04,617.095882,1776215519000
1776215521.562,121.562,0.12,24.6,0.11,31.6,0.16,19.0,0.21,5.0,0.84,19.0,0.79,5.0,0.88,24.6,0.89,31.6,0.04,0.04,617.131,1776215520000
1776215522.192,122.192,0.12,24.6,0.11,31.6,0.16,19.0,0.21,5.0,0.84,19.0,0.79,5.0,0.88,24.6,0.89,31.6,0.04,0.04,617.131,1776215521000
1776215523.484,123.484,0.12,24.6,0.11,31.6,0.16,19.0,0.21,5.0,0.84,19.0,0.79,5.0,0.88,24.6,0.89,31.6,0.04,0.04,617.135723,1776215522000
1776215523.955,123.955,0.12,24.6,0.11,31.6,0.16,19.0,0.21,5.0,0.84,19.0,0.79,5.0,0.88,24.6,0.89,31.6,0.04,0.04,617.135617,1776215523000
1776215525.066,125.066,0.12,24.6,0.11,31.6,0.16,19.0,0.21,5.0,0.84,19.0,0.79,5.0,0.88,24.6,0.89,31.6,0.04,0.04,617.129879,1776215524000
1776215526.199,126.199,0.12,24.6,0.11,31.6,0.16,19.0,0.21,5.0,0.84,19.0,0.79,5.0,0.88,24.6,0.89,31.6,0.04,0.04,617.222234,1776215525000
1776215527.41,127.41,0.12,24.6,0.11,31.6,0.16,19.0,0.21,5.0,0.84,19.0,0.79,5.0,0.88,24.6,0.89,31.6,0.04,0.04,617.231,1776215526000
1776215527.897,127.897,0.12,24.6,0.11,31.6,0.16,19.0,0.21,5.0,0.84,19.0,0.79,5.0,0.88,24.6,0.89,31.6,0.04,0.04,617.231,1776215527000
1776215528.954,128.954,0.12,24.6,0.11,31.6,0.16,19.0,0.21,5.0,0.84,19.0,0.79,5.0,0.88,24.6,0.89,31.6,0.04,0.04,617.222234,1776215528000
1776215530.037,130.037,0.12,24.6,0.11,31.6,0.16,19.0,0.21,5.0,0.84,19.0,0.79,5.0,0.88,24.6,0.89,31.6,0.04,0.04,617.225712,1776215529000
1776215531.066,131.066,0.12,24.6,0.11,31.6,0.16,19.0,0.21,5.0,0.84,19.0,0.79,5.0,0.88,24.6,0.89,31.6,0.04,0.04,617.241162,1776215530000
1776215532.17,132.17,0.12,24.6,0.11,31.6,0.16,19.0,0.21,5.0,0.84,19.0,0.79,5.0,0.88,24.6,0.89,31.6,0.04,0.04,617.240974,1776215531000
1776215533.211,133.211,0.12,24.6,0.11,31.6,0.16,19.0,0.21,5.0,0.84,19.0,0.79,5.0,0.88,24.6,0.89,31.6,0.04,0.04,617.247064,1776215532000
1776215534.231,134.231,0.12,24.6,0.11,31.6,0.16,19.0,0.21,5.0,0.84,19.0,0.79,5.0,0.88,24.6,0.89,31.6,0.04,0.04,617.26112,1776215533000
1776215535.723,135.723,0.12,24.6,0.11,31.6,0.16,19.0,0.21,5.0,0.84,19.0,0.79,5.0,0.88,24.6,0.89,31.6,0.04,0.04,617.26112,1776215534000
1776215536.342,136.342,0.12,24.6,0.11,31.6,0.16,19.0,0.21,5.0,0.84,19.0,0.79,5.0,0.88,24.6,0.89,31.6,0.04,0.04,617.259614,1776215535000
1776215537.326,137.326,0.12,24.6,0.11,31.6,0.16,19.0,0.21,5.0,0.84,19.0,0.79,5.0,0.88,24.6,0.89,31.6,0.04,0.04,617.253515,1776215536000
1776215538.442,138.442,0.21,50.0,0.19,5.0,0.45,2.06,0.47,10.4,0.55,2.06,0.53,10.4,0.79,50.0,0.81,5.0,0.24,0.24,617.254469,1776215537000
1776215539.115,139.115,0.21,50.0,0.19,5.0,0.45,2.06,0.47,10.4,0.55,2.06,0.53,10.4,0.79,50.0,0.81,5.0,0.24,0.24,617.323796,1776215538000
1776215540.201,140.201,0.21,50.0,0.19,5.0,0.45,2.06,0.47,10.4,0.55,2.06,0.53,10.4,0.79,50.0,0.81,5.0,0.24,0.24,617.384191,1776215539000
1776215541.107,141.107,0.21,50.0,0.19,5.0,0.45,2.06,0.47,10.4,0.55,2.06,0.53,10.4,0.79,50.0,0.81,5.0,0.24,0.24,617.403338,1776215540000
1776215542.121,142.121,0.21,50.0,0.19,5.0,0.45,2.06,0.47,10.4,0.55,2.06,0.53,10.4,0.79,50.0,0.81,5.0,0.24,0.24,617.401786,1776215541000
1776215543.074,143.074,0.21,50.0,0.19,5.0,0.45,2.06,0.47,10.4,0.55,2.06,0.53,10.4,0.79,50.0,0.81,5.0,0.24,0.24,617.40627,1776215542000
1776215544.431,144.431,0.21,50.0,0.19,5.0,0.45,2.06,0.47,10.4,0.55,2.06,0.53,10.4,0.79,50.0,0.81,5.0,0.24,0.24,617.401688,1776215543000
1776215545.167,145.167,0.21,50.0,0.19,5.0,0.45,2.06,0.47,10.4,0.55,2.06,0.53,10.4,0.79,50.0,0.81,5.0,0.24,0.24,617.400851,1776215544000
1776215546.109,146.109,0.21,50.0,0.19,5.0,0.45,2.06,0.47,10.4,0.55,2.06,0.53,10.4,0.79,50.0,0.81,5.0,0.24,0.24,617.403922,1776215545000
1776215547.232,147.232,0.21,50.0,0.19,5.0,0.45,2.06,0.47,10.4,0.55,2.06,0.53,10.4,0.79,50.0,0.81,5.0,0.24,0.24,617.406644,1776215546000
1776215548.211,148.211,0.21,50.0,0.19,5.0,0.45,2.06,0.47,10.4,0.55,2.06,0.53,10.4,0.79,50.0,0.81,5.0,0.24,0.24,617.404365,1776215547000
1776215550.0,150.0,0.21,50.0,0.19,5.0,0.45,2.06,0.47,10.4,0.55,2.06,0.53,10.4,0.79,50.0,0.81,5.0,0.24,0.24,617.403255,1776215548000
1776215550.532,150.532,0.21,50.0,0.19,5.0,0.45,2.06,0.47,10.4,0.55,2.06,0.53,10.4,0.79,50.0,0.81,5.0,0.24,0.24,617.403255,1776215549000
1776215551.066,151.066,0.21,50.0,0.19,5.0,0.45,2.06,0.47,10.4,0.55,2.06,0.53,10.4,0.79,50.0,0.81,5.0,0.24,0.24,617.403826,1776215550000
1776215552.098,152.098,0.21,50.0,0.19,5.0,0.45,2.06,0.47,10.4,0.55,2.06,0.53,10.4,0.79,50.0,0.81,5.0,0.24,0.24,617.403975,1776215551000
1776215553.183,153.183,0.21,50.0,0.19,5.0,0.45,2.06,0.47,10.4,0.55,2.06,0.53,10.4,0.79,50.0,0.81,5.0,0.24,0.24,617.388759,1776215552000
1776215554.264,154.264,0.21,50.0,0.19,5.0,0.45,2.06,0.47,10.4,0.55,2.06,0.53,10.4,0.79,50.0,0.81,5.0,0.24,0.24,617.344942,1776215553000
1776215555.366,155.366,0.21,50.0,0.19,5.0,0.45,2.06,0.47,10.4,0.55,2.06,0.53,10.4,0.79,50.0,0.81,5.0,0.24,0.24,617.343381,1776215554000
1776215555.932,155.932,0.21,50.0,0.19,5.0,0.45,2.06,0.47,10.4,0.55,2.06,0.53,10.4,0.79,50.0,0.81,5.0,0.24,0.24,617.343373,1776215555000
1776215557.117,157.117,0.21,50.0,0.19,5.0,0.45,2.06,0.47,10.4,0.55,2.06,0.53,10.4,0.79,50.0,0.81,5.0,0.24,0.24,617.342838,1776215556000
1776215558.288,158.288,0.21,50.0,0.19,5.0,0.45,2.06,0.47,10.4,0.55,2.06,0.53,10.4,0.79,50.0,0.81,5.0,0.24,0.24,617.342943,1776215557000
1776215559.445,159.445,0.21,50.0,0.19,5.0,0.45,2.06,0.47,10.4,0.55,2.06,0.53,10.4,0.79,50.0,0.81,5.0,0.24,0.24,617.342556,1776215558000
1776215559.913,159.913,0.21,50.0,0.19,5.0,0.45,2.06,0.47,10.4,0.55,2.06,0.53,10.4,0.79,50.0,0.81,5.0,0.24,0.24,617.342869,1776215559000
1776215560.98,160.98,0.21,50.0,0.19,5.0,0.45,2.06,0.47,10.4,0.55,2.06,0.53,10.4,0.79,50.0,0.81,5.0,0.24,0.24,617.349918,1776215560000
1776215562.018,162.018,0.21,50.0,0.19,5.0,0.45,2.06,0.47,10.4,0.55,2.06,0.53,10.4,0.79,50.0,0.81,5.0,0.24,0.24,617.355564,1776215561000
1776215563.186,163.186,0.21,50.0,0.19,5.0,0.45,2.06,0.47,10.4,0.55,2.06,0.53,10.4,0.79,50.0,0.81,5.0,0.24,0.24,617.386,1776215562000
1776215564.265,164.265,0.21,50.0,0.19,5.0,0.45,2.06,0.47,10.4,0.55,2.06,0.53,10.4,0.79,50.0,0.81,5.0,0.24,0.24,617.378,1776215563000
1776215565.323,165.323,0.21,50.0,0.19,5.0,0.45,2.06,0.47,10.4,0.55,2.06,0.53,10.4,0.79,50.0,0.81,5.0,0.24,0.24,617.368,1776215564000
1776215565.896,165.896,0.21,50.0,0.19,5.0,0.45,2.06,0.47,10.4,0.55,2.06,0.53,10.4,0.79,50.0,0.81,5.0,0.24,0.24,617.368,1776215565000
1776215566.929,166.929,0.21,50.0,0.19,5.0,0.45,2.06,0.47,10.4,0.55,2.06,0.53,10.4,0.79,50.0,0.81,5.0,0.24,0.24,617.366,1776215566000
1776215568.017,168.017,0.21,50.0,0.19,5.0,0.45,2.06,0.47,10.4,0.55,2.06,0.53,10.4,0.79,50.0,0.81,5.0,0.24,0.24,617.343521,1776215567000
1776215569.101,169.101,0.21,50.0,0.19,5.0,0.45,2.06,0.47,10.4,0.55,2.06,0.53,10.4,0.79,50.0,0.81,5.0,0.24,0.24,617.340115,1776215568000
1776215570.165,170.165,0.21,50.0,0.19,5.0,0.45,2.06,0.47,10.4,0.55,2.06,0.53,10.4,0.79,50.0,0.81,5.0,0.24,0.24,617.338848,1776215569000
1776215571.28,171.28,0.21,50.0,0.19,5.0,0.45,2.06,0.47,10.4,0.55,2.06,0.53,10.4,0.79,50.0,0.81,5.0,0.24,0.24,617.337831,1776215570000
1776215572.347,172.347,0.21,50.0,0.19,5.0,0.45,2.06,0.47,10.4,0.55,2.06,0.53,10.4,0.79,50.0,0.81,5.0,0.24,0.24,617.337808,1776215571000
1776215572.847,172.847,0.21,50.0,0.19,5.0,0.45,2.06,0.47,10.4,0.55,2.06,0.53,10.4,0.79,50.0,0.81,5.0,0.24,0.24,617.337808,1776215572000
1776215573.905,173.905,0.21,50.0,0.19,5.0,0.45,2.06,0.47,10.4,0.55,2.06,0.53,10.4,0.79,50.0,0.81,5.0,0.24,0.24,617.337784,1776215573000
1776215574.922,174.922,0.21,50.0,0.19,5.0,0.45,2.06,0.47,10.4,0.55,2.06,0.53,10.4,0.79,50.0,0.81,5.0,0.24,0.24,617.337801,1776215574000
1776215576.067,176.067,0.21,50.0,0.19,5.0,0.45,2.06,0.47,10.4,0.55,2.06,0.53,10.4,0.79,50.0,0.81,5.0,0.24,0.24,617.337823,1776215575000
1776215577.11,177.11,0.21,50.0,0.19,5.0,0.45,2.06,0.47,10.4,0.55,2.06,0.53,10.4,0.79,50.0,0.81,5.0,0.24,0.24,617.339961,1776215576000
1776215578.222,178.222,0.21,50.0,0.19,5.0,0.45,2.06,0.47,10.4,0.55,2.06,0.53,10.4,0.79,50.0,0.81,5.0,0.24,0.24,617.340032,1776215577000
1776215579.312,179.312,0.21,50.0,0.19,5.0,0.45,2.06,0.47,10.4,0.55,2.06,0.53,10.4,0.79,50.0,0.81,5.0,0.24,0.24,617.338207,1776215578000
1776215579.947,179.947,0.21,50.0,0.19,5.0,0.45,2.06,0.47,10.4,0.55,2.06,0.53,10.4,0.79,50.0,0.81,5.0,0.24,0.24,617.339119,1776215579000
1776215581.077,181.077,0.21,50.0,0.19,5.0,0.45,2.06,0.47,10.4,0.55,2.06,0.53,10.4,0.79,50.0,0.81,5.0,0.24,0.24,617.339091,1776215580000
1776215582.127,182.127,0.21,50.0,0.19,5.0,0.45,2.06,0.47,10.4,0.55,2.06,0.53,10.4,0.79,50.0,0.81,5.0,0.24,0.24,617.339433,1776215581000
1776215583.212,183.212,0.21,50.0,0.19,5.0,0.45,2.06,0.47,10.4,0.55,2.06,0.53,10.4,0.79,50.0,0.81,5.0,0.24,0.24,617.339406,1776215582000
1776215584.269,184.269,0.21,50.0,0.19,5.0,0.45,2.06,0.47,10.4,0.55,2.06,0.53,10.4,0.79,50.0,0.81,5.0,0.24,0.24,617.33941,1776215583000
1776215585.454,185.454,0.21,50.0,0.19,5.0,0.45,2.06,0.47,10.4,0.55,2.06,0.53,10.4,0.79,50.0,0.81,5.0,0.24,0.24,617.339436,1776215584000
1776215585.947,185.947,0.21,50.0,0.19,5.0,0.45,2.06,0.47,10.4,0.55,2.06,0.53,10.4,0.79,50.0,0.81,5.0,0.24,0.24,617.339435,1776215585000
1776215587.057,187.057,0.21,50.0,0.19,5.0,0.45,2.06,0.47,10.4,0.55,2.06,0.53,10.4,0.79,50.0,0.81,5.0,0.24,0.24,617.339409,1776215586000
1776215588.222,188.222,0.21,50.0,0.19,5.0,0.45,2.06,0.47,10.4,0.55,2.06,0.53,10.4,0.79,50.0,0.81,5.0,0.24,0.24,617.339365,1776215587000
1776215589.347,189.347,0.21,50.0,0.19,5.0,0.45,2.06,0.47,10.4,0.55,2.06,0.53,10.4,0.79,50.0,0.81,5.0,0.24,0.24,617.339365,1776215588000
1776215590.955,190.955,0.21,50.0,0.19,5.0,0.45,2.06,0.47,10.4,0.55,2.06,0.53,10.4,0.79,50.0,0.81,5.0,0.24,0.24,617.340796,1776215589000
1776215591.667,191.667,0.21,50.0,0.19,5.0,0.45,2.06,0.47,10.4,0.55,2.06,0.53,10.4,0.79,50.0,0.81,5.0,0.24,0.24,617.338604,1776215590000
1776215592.315,192.315,0.21,50.0,0.19,5.0,0.45,2.06,0.47,10.4,0.55,2.06,0.53,10.4,0.79,50.0,0.81,5.0,0.24,0.24,617.338752,1776215591000
1776215593.3,193.3,0.21,50.0,0.19,5.0,0.45,2.06,0.47,10.4,0.55,2.06,0.53,10.4,0.79,50.0,0.81,5.0,0.24,0.24,617.338751,1776215592000
1776215594.007,194.007,0.21,50.0,0.19,5.0,0.45,2.06,0.47,10.4,0.55,2.06,0.53,10.4,0.79,50.0,0.81,5.0,0.24,0.24,617.338654,1776215593000
1776215595.976,195.976,0.21,50.0,0.19,5.0,0.45,2.06,0.47,10.4,0.55,2.06,0.53,10.4,0.79,50.0,0.81,5.0,0.24,0.24,617.340692,1776215595000
1776215597.448,197.448,0.21,50.0,0.19,5.0,0.45,2.06,0.47,10.4,0.55,2.06,0.53,10.4,0.79,50.0,0.81,5.0,0.24,0.24,617.340571,1776215596000
1776215598.302,198.302,0.21,50.0,0.19,5.0,0.45,2.06,0.47,10.4,0.55,2.06,0.53,10.4,0.79,50.0,0.81,5.0,0.24,0.24,617.3432,1776215597000
1776215599.684,199.684,0.21,50.0,0.19,5.0,0.45,2.06,0.47,10.4,0.55,2.06,0.53,10.4,0.79,50.0,0.81,5.0,0.24,0.24,617.369,1776215598000
1776215600.403,200.403,0.21,50.0,0.19,5.0,0.45,2.06,0.47,10.4,0.55,2.06,0.53,10.4,0.79,50.0,0.81,5.0,0.24,0.24,617.365,1776215599000
1776215601.158,201.158,0.21,50.0,0.19,5.0,0.45,2.06,0.47,10.4,0.55,2.06,0.53,10.4,0.79,50.0,0.81,5.0,0.24,0.24,617.375,1776215600000
1776215602.575,202.575,0.21,50.0,0.19,5.0,0.45,2.06,0.47,10.4,0.55,2.06,0.53,10.4,0.79,50.0,0.81,5.0,0.24,0.24,617.383,1776215601000
1776215603.37,203.37,0.21,50.0,0.19,5.0,0.45,2.06,0.47,10.4,0.55,2.06,0.53,10.4,0.79,50.0,0.81,5.0,0.24,0.24,617.408,1776215602000
1776215604.069,204.069,0.21,50.0,0.19,5.0,0.45,2.06,0.47,10.4,0.55,2.06,0.53,10.4,0.79,50.0,0.81,5.0,0.24,0.24,617.408,1776215603000
1776215604.432,204.432,0.25,14.9,0.24,14.3,0.4,19.0,0.41,15.7,0.55,2.06,0.53,10.4,0.79,50.0,0.81,5.0,0.15,0.24,617.408,1776215603000
1776215605.508,205.508,0.25,14.9,0.24,14.3,0.4,19.0,0.41,15.7,0.6,19.0,0.59,15.7,0.75,14.9,0.76,14.3,0.15,0.15,617.399,1776215604000
1776215606.14,206.14,0.25,14.9,0.24,14.3,0.4,19.0,0.41,15.7,0.6,19.0,0.59,15.7,0.75,14.9,0.76,14.3,0.15,0.15,617.386414,1776215605000
1776215607.561,207.561,0.25,14.9,0.24,14.3,0.4,19.0,0.41,15.7,0.6,19.0,0.59,15.7,0.75,14.9,0.76,14.3,0.15,0.15,617.386167,1776215606000
1776215608.417,208.417,0.25,14.9,0.24,14.3,0.4,19.0,0.41,15.7,0.6,19.0,0.59,15.7,0.75,14.9,0.76,14.3,0.15,0.15,617.386147,1776215607000
1776215609.121,209.121,0.25,14.9,0.24,14.3,0.4,19.0,0.41,15.7,0.6,19.0,0.59,15.7,0.75,14.9,0.76,14.3,0.15,0.15,617.384509,1776215608000
1776215610.403,210.403,0.25,14.9,0.24,14.3,0.4,19.0,0.41,15.7,0.6,19.0,0.59,15.7,0.75,14.9,0.76,14.3,0.15,0.15,617.384511,1776215609000
1776215611.002,211.002,0.25,14.9,0.24,14.3,0.4,19.0,0.41,15.7,0.6,19.0,0.59,15.7,0.75,14.9,0.76,14.3,0.15,0.15,617.384511,1776215610000
1776215612.117,212.117,0.25,14.9,0.24,14.3,0.4,19.0,0.41,15.7,0.6,19.0,0.59,15.7,0.75,14.9,0.76,14.3,0.15,0.15,617.384698,1776215611000
1776215613.133,213.133,0.25,14.9,0.24,14.3,0.4,19.0,0.41,15.7,0.6,19.0,0.59,15.7,0.75,14.9,0.76,14.3,0.15,0.15,617.40395,1776215612000
1776215614.323,214.323,0.25,14.9,0.24,14.3,0.4,19.0,0.41,15.7,0.6,19.0,0.59,15.7,0.75,14.9,0.76,14.3,0.15,0.15,617.400526,1776215613000
1776215615.359,215.359,0.25,14.9,0.24,14.3,0.4,19.0,0.41,15.7,0.6,19.0,0.59,15.7,0.75,14.9,0.76,14.3,0.15,0.15,617.400932,1776215614000
1776215615.968,215.968,0.25,14.9,0.24,14.3,0.4,19.0,0.41,15.7,0.6,19.0,0.59,15.7,0.75,14.9,0.76,14.3,0.15,0.15,617.407046,1776215615000
1776215617.025,217.025,0.31,50.0,0.26,13.5,0.43,12.09,0.45,2.06,0.6,19.0,0.59,15.7,0.75,14.9,0.76,14.3,0.12,0.15,617.407046,1776215615000
1776215617.445,217.445,0.41,50.0,0.31,85.0,0.65,8.25,0.66,11.6,0.57,5.18,0.55,2.06,0.69,50.0,0.74,13.5,0.24,0.12,617.4195,1776215616000
1776215625.754,225.754,0.41,50.0,0.31,85.0,0.65,8.25,0.66,11.6,0.35,8.25,0.34,11.6,0.59,50.0,0.69,85.0,0.24,0.24,617.585,1776215624000
1776215626.333,226.333,0.41,50.0,0.31,85.0,0.65,8.25,0.66,11.6,0.35,8.25,0.34,11.6,0.59,50.0,0.69,85.0,0.24,0.24,617.593039,1776215625000
1776215626.953,226.953,0.41,50.0,0.31,85.0,0.65,8.25,0.66,11.6,0.35,8.25,0.34,11.6,0.59,50.0,0.69,85.0,0.24,0.24,617.594,1776215626000
1776215628.649,228.649,0.41,50.0,0.31,85.0,0.65,8.25,0.66,11.6,0.35,8.25,0.34,11.6,0.59,50.0,0.69,85.0,0.24,0.24,617.584861,1776215627000
1776215629.258,229.258,0.41,50.0,0.31,85.0,0.65,8.25,0.66,11.6,0.35,8.25,0.34,11.6,0.59,50.0,0.69,85.0,0.24,0.24,617.584991,1776215628000
1776215630.457,230.457,0.41,50.0,0.31,85.0,0.65,8.25,0.66,11.6,0.35,8.25,0.34,11.6,0.59,50.0,0.69,85.0,0.24,0.24,617.585435,1776215629000
1776215630.976,230.976,0.41,50.0,0.31,85.0,0.65,8.25,0.66,11.6,0.35,8.25,0.34,11.6,0.59,50.0,0.69,85.0,0.24,0.24,617.586078,1776215630000
1776215632.077,232.077,0.41,50.0,0.31,85.0,0.65,8.25,0.66,11.6,0.35,8.25,0.34,11.6,0.59,50.0,0.69,85.0,0.24,0.24,617.585449,1776215631000
1776215633.236,233.236,0.41,50.0,0.31,85.0,0.65,8.25,0.66,11.6,0.35,8.25,0.34,11.6,0.59,50.0,0.69,85.0,0.24,0.24,617.582428,1776215632000
1776215634.323,234.323,0.41,50.0,0.31,85.0,0.65,8.25,0.66,11.6,0.35,8.25,0.34,11.6,0.59,50.0,0.69,85.0,0.24,0.24,617.582537,1776215633000
1776215635.021,235.021,0.41,50.0,0.31,85.0,0.65,8.25,0.66,11.6,0.35,8.25,0.34,11.6,0.59,50.0,0.69,85.0,0.24,0.24,617.582537,1776215634000
1776215636.219,236.219,0.41,50.0,0.31,85.0,0.65,8.25,0.66,11.6,0.35,8.25,0.34,11.6,0.59,50.0,0.69,85.0,0.24,0.24,617.582717,1776215635000
1776215637.413,237.413,0.41,50.0,0.31,85.0,0.65,8.25,0.66,11.6,0.35,8.25,0.34,11.6,0.59,50.0,0.69,85.0,0.24,0.24,617.584553,1776215636000
1776215637.998,237.998,0.41,50.0,0.31,85.0,0.65,8.25,0.66,11.6,0.35,8.25,0.34,11.6,0.59,50.0,0.69,85.0,0.24,0.24,617.584553,1776215637000
1776215639.547,239.547,0.41,50.0,0.31,85.0,0.65,8.25,0.66,11.6,0.35,8.25,0.34,11.6,0.59,50.0,0.69,85.0,0.24,0.24,617.584534,1776215638000
1776215640.167,240.167,0.41,50.0,0.31,85.0,0.65,8.25,0.66,11.6,0.35,8.25,0.34,11.6,0.59,50.0,0.69,85.0,0.24,0.24,617.584313,1776215639000
1776215641.48,241.48,0.41,50.0,0.31,85.0,0.65,8.25,0.66,11.6,0.35,8.25,0.34,11.6,0.59,50.0,0.69,85.0,0.24,0.24,617.58458,1776215640000
1776215642.691,242.691,0.41,50.0,0.31,85.0,0.65,8.25,0.66,11.6,0.35,8.25,0.34,11.6,0.59,50.0,0.69,85.0,0.24,0.24,617.584573,1776215641000
1776215643.216,243.216,0.41,50.0,0.31,85.0,0.65,8.25,0.66,11.6,0.35,8.25,0.34,11.6,0.59,50.0,0.69,85.0,0.24,0.24,617.584929,1776215642000
1776215644.258,244.258,0.41,50.0,0.31,85.0,0.65,8.25,0.66,11.6,0.35,8.25,0.34,11.6,0.59,50.0,0.69,85.0,0.24,0.24,617.585061,1776215643000
1776215645.344,245.344,0.41,50.0,0.31,85.0,0.65,8.25,0.66,11.6,0.35,8.25,0.34,11.6,0.59,50.0,0.69,85.0,0.24,0.24,617.584207,1776215644000
1776215645.614,245.614,0.52,2.4,0.51,60.4,0.72,5.0,0.73,13.2,0.35,8.25,0.34,11.6,0.59,50.0,0.69,85.0,0.2,0.24,617.584207,1776215644000
1776215645.999,245.999,0.52,2.4,0.51,60.4,0.72,5.0,0.73,13.2,0.28,5.0,0.27,13.2,0.48,2.4,0.49,60.4,0.2,0.2,617.584207,1776215645000
1776215647.488,247.488,0.52,2.4,0.51,60.4,0.72,5.0,0.73,13.2,0.28,5.0,0.27,13.2,0.48,2.4,0.49,60.4,0.2,0.2,617.58411,1776215646000
1776215648.018,248.018,0.52,2.4,0.51,60.4,0.72,5.0,0.73,13.2,0.28,5.0,0.27,13.2,0.48,2.4,0.49,60.4,0.2,0.2,617.582571,1776215647000
1776215649.087,249.087,0.52,2.4,0.51,60.4,0.72,5.0,0.73,13.2,0.28,5.0,0.27,13.2,0.48,2.4,0.49,60.4,0.2,0.2,617.582784,1776215648000
1776215650.573,250.573,0.52,2.4,0.51,60.4,0.72,5.0,0.73,13.2,0.28,5.0,0.27,13.2,0.48,2.4,0.49,60.4,0.2,0.2,617.575515,1776215649000
1776215651.144,251.144,0.52,2.4,0.51,60.4,0.72,5.0,0.73,13.2,0.28,5.0,0.27,13.2,0.48,2.4,0.49,60.4,0.2,0.2,617.575464,1776215650000
1776215652.301,252.301,0.52,2.4,0.51,60.4,0.72,5.0,0.73,13.2,0.28,5.0,0.27,13.2,0.48,2.4,0.49,60.4,0.2,0.2,617.577294,1776215651000
1776215653.147,253.147,0.52,2.4,0.51,60.4,0.72,5.0,0.73,13.2,0.28,5.0,0.27,13.2,0.48,2.4,0.49,60.4,0.2,0.2,617.577294,1776215652000
1776215654.553,254.553,0.52,2.4,0.51,60.4,0.72,5.0,0.73,13.2,0.28,5.0,0.27,13.2,0.48,2.4,0.49,60.4,0.2,0.2,617.581595,1776215653000
1776215655.366,255.366,0.52,2.4,0.51,60.4,0.72,5.0,0.73,13.2,0.28,5.0,0.27,13.2,0.48,2.4,0.49,60.4,0.2,0.2,617.586248,1776215654000
1776215656.04,256.04,0.52,2.4,0.51,60.4,0.72,5.0,0.73,13.2,0.28,5.0,0.27,13.2,0.48,2.4,0.49,60.4,0.2,0.2,617.586248,1776215655000
1776215657.29,257.29,0.52,2.4,0.51,60.4,0.72,5.0,0.73,13.2,0.28,5.0,0.27,13.2,0.48,2.4,0.49,60.4,0.2,0.2,617.585504,1776215656000
1776215657.977,257.977,0.52,2.4,0.51,60.4,0.72,5.0,0.73,13.2,0.28,5.0,0.27,13.2,0.48,2.4,0.49,60.4,0.2,0.2,617.585504,1776215657000
1776215659.515,259.515,0.52,2.4,0.51,60.4,0.72,5.0,0.73,13.2,0.28,5.0,0.27,13.2,0.48,2.4,0.49,60.4,0.2,0.2,617.585011,1776215658000
1776215660.131,260.131,0.52,2.4,0.51,60.4,0.72,5.0,0.73,13.2,0.28,5.0,0.27,13.2,0.48,2.4,0.49,60.4,0.2,0.2,617.579181,1776215659000
1776215661.133,261.133,0.52,2.4,0.51,60.4,0.72,5.0,0.73,13.2,0.28,5.0,0.27,13.2,0.48,2.4,0.49,60.4,0.2,0.2,617.579152,1776215660000
1776215662.16,262.16,0.52,2.4,0.51,60.4,0.72,5.0,0.73,13.2,0.28,5.0,0.27,13.2,0.48,2.4,0.49,60.4,0.2,0.2,617.573059,1776215661000
1776215663.255,263.255,0.52,2.4,0.51,60.4,0.72,5.0,0.73,13.2,0.28,5.0,0.27,13.2,0.48,2.4,0.49,60.4,0.2,0.2,617.570305,1776215662000
1776215664.412,264.412,0.52,2.4,0.51,60.4,0.72,5.0,0.73,13.2,0.28,5.0,0.27,13.2,0.48,2.4,0.49,60.4,0.2,0.2,617.573101,1776215663000
1776215664.907,264.907,0.52,2.4,0.51,60.4,0.72,5.0,0.73,13.2,0.28,5.0,0.27,13.2,0.48,2.4,0.49,60.4,0.2,0.2,617.57267,1776215664000
1776215666.068,266.068,0.52,2.4,0.51,60.4,0.72,5.0,0.73,13.2,0.28,5.0,0.27,13.2,0.48,2.4,0.49,60.4,0.2,0.2,617.575409,1776215665000
1776215667.082,267.082,0.52,2.4,0.51,60.4,0.72,5.0,0.73,13.2,0.28,5.0,0.27,13.2,0.48,2.4,0.49,60.4,0.2,0.2,617.578275,1776215666000
1776215668.036,268.036,0.52,2.4,0.51,60.4,0.72,5.0,0.73,13.2,0.28,5.0,0.27,13.2,0.48,2.4,0.49,60.4,0.2,0.2,617.578088,1776215667000
1776215669.123,269.123,0.52,2.4,0.51,60.4,0.72,5.0,0.73,13.2,0.28,5.0,0.27,13.2,0.48,2.4,0.49,60.4,0.2,0.2,617.584548,1776215668000
1776215670.235,270.235,0.52,2.4,0.51,60.4,0.72,5.0,0.73,13.2,0.28,5.0,0.27,13.2,0.48,2.4,0.49,60.4,0.2,0.2,617.596,1776215669000
1776215671.369,271.369,0.52,2.4,0.51,60.4,0.72,5.0,0.73,13.2,0.28,5.0,0.27,13.2,0.48,2.4,0.49,60.4,0.2,0.2,617.598,1776215670000
1776215671.852,271.852,0.52,2.4,0.51,60.4,0.72,5.0,0.73,13.2,0.28,5.0,0.27,13.2,0.48,2.4,0.49,60.4,0.2,0.2,617.598,1776215671000
1776215673.514,273.514,0.52,2.4,0.51,60.4,0.72,5.0,0.73,13.2,0.28,5.0,0.27,13.2,0.48,2.4,0.49,60.4,0.2,0.2,617.598,1776215672000
1776215674.136,274.136,0.52,2.4,0.51,60.4,0.72,5.0,0.73,13.2,0.28,5.0,0.27,13.2,0.48,2.4,0.49,60.4,0.2,0.2,617.598,1776215673000
1776215675.41,275.41,0.52,2.4,0.51,60.4,0.72,5.0,0.73,13.2,0.28,5.0,0.27,13.2,0.48,2.4,0.49,60.4,0.2,0.2,617.599,1776215674000
1776215676.197,276.197,0.52,2.4,0.51,60.4,0.72,5.0,0.73,13.2,0.28,5.0,0.27,13.2,0.48,2.4,0.49,60.4,0.2,0.2,617.607,1776215675000
1776215677.482,277.482,0.52,2.4,0.51,60.4,0.72,5.0,0.73,13.2,0.28,5.0,0.27,13.2,0.48,2.4,0.49,60.4,0.2,0.2,617.61,1776215676000
1776215678.16,278.16,0.52,2.4,0.51,60.4,0.72,5.0,0.73,13.2,0.28,5.0,0.27,13.2,0.48,2.4,0.49,60.4,0.2,0.2,617.625,1776215677000
1776215679.395,279.395,0.52,2.4,0.51,60.4,0.72,5.0,0.73,13.2,0.28,5.0,0.27,13.2,0.48,2.4,0.49,60.4,0.2,0.2,617.643829,1776215678000
1776215679.938,279.938,0.52,2.4,0.51,60.4,0.72,5.0,0.73,13.2,0.28,5.0,0.27,13.2,0.48,2.4,0.49,60.4,0.2,0.2,617.643829,1776215679000
1776215681.219,281.219,0.52,2.4,0.51,60.4,0.72,5.0,0.73,13.2,0.28,5.0,0.27,13.2,0.48,2.4,0.49,60.4,0.2,0.2,617.741285,1776215680000
1776215681.575,281.575,0.89,21.0,0.72,5.0,0.96,5.0,0.97,100.0,0.28,5.0,0.27,13.2,0.48,2.4,0.49,60.4,0.07,0.2,617.741285,1776215680000
1776215682.57,282.57,0.89,21.0,0.72,5.0,0.96,5.0,0.97,100.0,0.04,5.0,0.03,100.0,0.11,21.0,0.28,5.0,0.07,0.07,617.67,1776215681000
1776215683.252,283.252,0.89,21.0,0.72,5.0,0.96,5.0,0.97,100.0,0.04,5.0,0.03,100.0,0.11,21.0,0.28,5.0,0.07,0.07,617.67,1776215682000
1776215684.421,284.421,0.89,21.0,0.72,5.0,0.96,5.0,0.97,100.0,0.04,5.0,0.03,100.0,0.11,21.0,0.28,5.0,0.07,0.07,617.678,1776215683000
1776215685.157,285.157,0.89,21.0,0.72,5.0,0.96,5.0,0.97,100.0,0.04,5.0,0.03,100.0,0.11,21.0,0.28,5.0,0.07,0.07,617.682,1776215684000
1776215686.273,286.273,0.89,21.0,0.72,5.0,0.96,5.0,0.97,100.0,0.04,5.0,0.03,100.0,0.11,21.0,0.28,5.0,0.07,0.07,617.682,1776215685000
1776215687.452,287.452,0.89,21.0,0.72,5.0,0.96,5.0,0.97,100.0,0.04,5.0,0.03,100.0,0.11,21.0,0.28,5.0,0.07,0.07,617.666037,1776215686000
1776215688.118,288.118,0.89,21.0,0.72,5.0,0.96,5.0,0.97,100.0,0.04,5.0,0.03,100.0,0.11,21.0,0.28,5.0,0.07,0.07,617.670466,1776215687000
1776215689.692,289.692,0.89,21.0,0.72,5.0,0.96,5.0,0.97,100.0,0.04,5.0,0.03,100.0,0.11,21.0,0.28,5.0,0.07,0.07,617.66986,1776215688000
1776215690.303,290.303,0.89,21.0,0.72,5.0,0.96,5.0,0.97,100.0,0.04,5.0,0.03,100.0,0.11,21.0,0.28,5.0,0.07,0.07,617.667198,1776215689000
1776215690.877,290.877,0.89,21.0,0.72,5.0,0.96,5.0,0.97,100.0,0.04,5.0,0.03,100.0,0.11,21.0,0.28,5.0,0.07,0.07,617.671629,1776215690000
1776215691.941,291.941,0.89,21.0,0.72,5.0,0.96,5.0,0.97,100.0,0.04,5.0,0.03,100.0,0.11,21.0,0.28,5.0,0.07,0.07,617.673121,1776215691000
1776215692.534,292.534,0.89,5.0,0.81,50.0,0.97,85.0,0.98,10.0,0.04,5.0,0.03,100.0,0.11,21.0,0.28,5.0,0.08,0.07,617.673121,1776215691000
1776215692.973,292.973,0.89,5.0,0.81,50.0,0.97,85.0,0.98,10.0,0.03,85.0,0.02,10.0,0.11,5.0,0.19,50.0,0.08,0.08,617.686,1776215692000
1776215694.175,294.175,0.89,5.0,0.81,50.0,0.97,85.0,0.98,10.0,0.03,85.0,0.02,10.0,0.11,5.0,0.19,50.0,0.08,0.08,617.703,1776215693000
1776215695.234,295.234,0.89,5.0,0.81,50.0,0.97,85.0,0.98,10.0,0.03,85.0,0.02,10.0,0.11,5.0,0.19,50.0,0.08,0.08,617.701,1776215694000
1776215695.445,295.445,0.9,16.0,0.89,5.0,0.97,23.29,0.98,10.0,0.03,85.0,0.02,10.0,0.11,5.0,0.19,50.0,0.07,0.08,617.701,1776215694000
1776215696.337,296.337,0.9,16.0,0.89,5.0,0.97,23.29,0.98,10.0,0.03,23.29,0.02,10.0,0.1,16.0,0.11,5.0,0.07,0.07,617.701,1776215695000
1776215696.847,296.847,0.9,16.0,0.89,5.0,0.97,22.16,0.98,10.0,0.03,22.16,0.02,10.0,0.1,16.0,0.11,5.0,0.07,0.07,617.698,1776215696000
1776215697.076,297.076,0.9,16.0,0.89,5.0,0.98,10.0,0.99,125.0,0.03,22.16,0.02,10.0,0.1,16.0,0.11,5.0,0.08,0.07,617.698,1776215696000
1776215697.328,297.328,0.9,16.0,0.89,5.0,0.98,0.81,0.99,125.0,0.02,10.0,0.01,125.0,0.1,16.0,0.11,5.0,0.08,0.08,617.698,1776215696000
1776215697.618,297.618,0.9,16.0,0.81,50.0,0.99,100.68,,,0.01,124.68,,,0.1,16.0,0.19,50.0,0.09,0.09,617.698,1776215696000
1776215697.999,297.999,0.9,16.0,0.81,50.0,0.99,100.68,,,0.01,100.68,,,0.1,16.0,0.19,50.0,0.09,0.09,617.698,1776215697000
1776215698.245,298.245,0.9,16.0,0.81,50.0,0.99,68.6,,,0.01,78.6,,,0.1,16.0,0.19,50.0,0.09,0.09,617.698,1776215697000
1776215698.573,298.573,0.9,16.0,0.81,50.0,0.99,57.49,,,0.01,67.49,,,0.1,16.0,0.19,50.0,0.09,0.09,617.698,1776215697000
1776215698.911,298.911,0.9,16.0,0.81,50.0,0.99,15.46,,,0.01,17.49,,,0.1,16.0,0.19,50.0,0.09,0.09,617.698,1776215697000
1776215699.205,299.205,0.9,16.0,0.77,5.0,0.99,10.46,,,0.01,15.46,,,0.1,16.0,0.19,50.0,0.09,0.09,617.699,1776215698000
1776215700.089,300.089,0.9,16.0,0.77,5.0,,,,,,,,,0.1,16.0,0.23,5.0,,,617.699,1776215699000

# RESULT,winner=Up,slug=bnb-updown-5m-1776215400,ticks=298
