timestamp,elapsed_sec,up_bid_p1,up_bid_s1,up_bid_p2,up_bid_s2,up_ask_p1,up_ask_s1,up_ask_p2,up_ask_s2,down_bid_p1,down_bid_s1,down_bid_p2,down_bid_s2,down_ask_p1,down_ask_s1,down_ask_p2,down_ask_s2,up_spread,down_spread,bnb_price,bnb_oracle_ts
1776217811.195,11.195,,,,,,,,,,,,,,,,,,,618.47225,1776217810000
1776217811.699,11.699,0.49,3.5,0.48,5.0,0.51,3.84,0.53,5.0,0.49,3.84,0.47,5.0,0.51,3.5,0.52,5.0,0.02,0.02,618.47225,1776217810000
1776217812.19,12.19,0.49,3.5,0.48,5.0,0.51,3.84,0.53,5.0,0.49,3.84,0.47,5.0,0.51,3.5,0.52,5.0,0.02,0.02,618.44982,1776217811000
1776217813.207,13.207,0.49,3.5,0.48,5.0,0.51,3.84,0.53,5.0,0.49,3.84,0.47,5.0,0.51,3.5,0.52,5.0,0.02,0.02,618.44985,1776217812000
1776217814.343,14.343,0.48,5.0,0.46,5.0,0.57,5.0,0.58,5.0,0.43,5.0,0.42,5.0,0.52,5.0,0.54,5.0,0.09,0.09,618.45989,1776217813000
1776217814.877,14.877,0.48,5.0,0.46,5.0,0.57,5.0,0.58,5.0,0.43,5.0,0.42,5.0,0.52,5.0,0.54,5.0,0.09,0.09,618.46009,1776217814000
1776217815.813,15.813,0.48,5.0,0.46,5.0,0.57,5.0,0.58,5.0,0.43,5.0,0.42,5.0,0.52,5.0,0.54,5.0,0.09,0.09,618.45707,1776217815000
1776217816.846,16.846,0.48,5.0,0.46,5.0,0.57,5.0,0.58,5.0,0.43,5.0,0.42,5.0,0.52,5.0,0.54,5.0,0.09,0.09,618.44652,1776217816000
1776217817.823,17.823,0.48,5.0,0.46,5.0,0.57,5.0,0.58,5.0,0.43,5.0,0.42,5.0,0.52,5.0,0.54,5.0,0.09,0.09,618.44664,1776217817000
1776217818.822,18.822,0.48,5.0,0.46,5.0,0.57,5.0,0.58,5.0,0.43,5.0,0.42,5.0,0.52,5.0,0.54,5.0,0.09,0.09,618.44321,1776217818000
1776217820.268,20.268,0.48,5.0,0.46,5.0,0.57,5.0,0.58,5.0,0.43,5.0,0.42,5.0,0.52,5.0,0.54,5.0,0.09,0.09,618.44327,1776217819000
1776217821.687,21.687,0.48,5.0,0.46,5.0,0.57,5.0,0.58,5.0,0.43,5.0,0.42,5.0,0.52,5.0,0.54,5.0,0.09,0.09,618.4435,1776217820000
1776217822.176,22.176,0.48,5.0,0.46,5.0,0.57,5.0,0.58,5.0,0.43,5.0,0.42,5.0,0.52,5.0,0.54,5.0,0.09,0.09,618.45158,1776217821000
1776217823.022,23.022,0.48,5.0,0.46,5.0,0.57,5.0,0.58,5.0,0.43,5.0,0.42,5.0,0.52,5.0,0.54,5.0,0.09,0.09,618.43697,1776217822000
1776217824.026,24.026,0.48,5.0,0.46,5.0,0.57,5.0,0.58,5.0,0.43,5.0,0.42,5.0,0.52,5.0,0.54,5.0,0.09,0.09,618.43515,1776217823000
1776217824.951,24.951,0.48,5.0,0.46,5.0,0.57,5.0,0.58,5.0,0.43,5.0,0.42,5.0,0.52,5.0,0.54,5.0,0.09,0.09,618.43529,1776217824000
1776217825.959,25.959,0.48,5.0,0.46,5.0,0.57,5.0,0.58,5.0,0.43,5.0,0.42,5.0,0.52,5.0,0.54,5.0,0.09,0.09,618.4332,1776217825000
1776217826.853,26.853,0.48,5.0,0.46,5.0,0.57,5.0,0.58,5.0,0.43,5.0,0.42,5.0,0.52,5.0,0.54,5.0,0.09,0.09,618.43778,1776217826000
1776217827.853,27.853,0.48,5.0,0.46,5.0,0.57,5.0,0.58,5.0,0.43,5.0,0.42,5.0,0.52,5.0,0.54,5.0,0.09,0.09,618.43895,1776217827000
1776217829.288,29.288,0.48,5.0,0.46,5.0,0.57,5.0,0.58,5.0,0.43,5.0,0.42,5.0,0.52,5.0,0.54,5.0,0.09,0.09,618.452769,1776217828000
1776217830.273,30.273,0.48,5.0,0.46,5.0,0.57,5.0,0.58,5.0,0.43,5.0,0.42,5.0,0.52,5.0,0.54,5.0,0.09,0.09,618.454,1776217829000
1776217831.258,31.258,0.48,5.0,0.46,5.0,0.57,5.0,0.58,5.0,0.43,5.0,0.42,5.0,0.52,5.0,0.54,5.0,0.09,0.09,618.496,1776217830000
1776217832.196,32.196,0.48,5.0,0.46,5.0,0.57,5.0,0.58,5.0,0.43,5.0,0.42,5.0,0.52,5.0,0.54,5.0,0.09,0.09,618.518144,1776217831000
1776217833.06,33.06,0.48,5.0,0.46,5.0,0.57,5.0,0.58,5.0,0.43,5.0,0.42,5.0,0.52,5.0,0.54,5.0,0.09,0.09,618.496,1776217832000
1776217834.133,34.133,0.48,5.0,0.46,5.0,0.57,5.0,0.58,5.0,0.43,5.0,0.42,5.0,0.52,5.0,0.54,5.0,0.09,0.09,618.496,1776217833000
1776217835.204,35.204,0.48,5.0,0.46,5.0,0.57,5.0,0.58,5.0,0.43,5.0,0.42,5.0,0.52,5.0,0.54,5.0,0.09,0.09,618.5,1776217834000
1776217836.176,36.176,0.48,5.0,0.46,5.0,0.57,5.0,0.58,5.0,0.43,5.0,0.42,5.0,0.52,5.0,0.54,5.0,0.09,0.09,618.474134,1776217835000
1776217837.679,37.679,0.48,5.0,0.46,5.0,0.57,5.0,0.58,5.0,0.43,5.0,0.42,5.0,0.52,5.0,0.54,5.0,0.09,0.09,618.513,1776217836000
1776217838.278,38.278,0.48,5.0,0.46,5.0,0.57,5.0,0.58,5.0,0.43,5.0,0.42,5.0,0.52,5.0,0.54,5.0,0.09,0.09,618.465523,1776217837000
1776217839.451,39.451,0.48,5.0,0.46,5.0,0.57,5.0,0.58,5.0,0.43,5.0,0.42,5.0,0.52,5.0,0.54,5.0,0.09,0.09,618.464343,1776217838000
1776217840.041,40.041,0.48,5.0,0.46,5.0,0.57,5.0,0.58,5.0,0.43,5.0,0.42,5.0,0.52,5.0,0.54,5.0,0.09,0.09,618.506,1776217839000
1776217841.076,41.076,0.52,5.0,0.51,5.0,0.62,10.0,0.7,15.0,0.38,10.0,0.3,15.0,0.48,5.0,0.49,5.0,0.1,0.1,618.506,1776217840000
1776217841.566,41.566,0.52,5.0,0.51,5.0,0.61,2.24,0.62,10.0,0.38,10.0,0.3,15.0,0.48,5.0,0.49,5.0,0.09,0.1,618.506,1776217840000
1776217842.472,42.472,0.52,5.0,0.51,5.0,0.61,2.24,0.62,10.0,0.39,2.24,0.38,10.0,0.48,5.0,0.49,5.0,0.09,0.09,618.505,1776217841000
1776217843.063,43.063,0.52,5.0,0.51,5.0,0.61,2.24,0.62,10.0,0.39,2.24,0.38,10.0,0.48,5.0,0.49,5.0,0.09,0.09,618.505,1776217842000
1776217844.154,44.154,0.52,5.0,0.51,5.0,0.61,2.24,0.62,10.0,0.39,2.24,0.38,10.0,0.48,5.0,0.49,5.0,0.09,0.09,618.457062,1776217843000
1776217845.366,45.366,0.52,5.0,0.51,5.0,0.61,2.24,0.62,10.0,0.39,2.24,0.38,10.0,0.48,5.0,0.49,5.0,0.09,0.09,618.503,1776217844000
1776217846.103,46.103,0.52,5.0,0.51,5.0,0.61,2.24,0.62,10.0,0.39,2.24,0.38,10.0,0.48,5.0,0.49,5.0,0.09,0.09,618.489513,1776217845000
1776217847.265,47.265,0.52,5.0,0.51,5.0,0.61,2.24,0.62,10.0,0.39,2.24,0.38,10.0,0.48,5.0,0.49,5.0,0.09,0.09,618.489951,1776217846000
1776217848.463,48.463,0.52,5.0,0.51,5.0,0.61,2.24,0.62,10.0,0.39,2.24,0.38,10.0,0.48,5.0,0.49,5.0,0.09,0.09,618.504,1776217847000
1776217849.478,49.478,0.52,5.0,0.51,5.0,0.61,2.24,0.62,10.0,0.39,2.24,0.38,10.0,0.48,5.0,0.49,5.0,0.09,0.09,618.484808,1776217848000
1776217850.057,50.057,0.52,5.0,0.51,5.0,0.61,2.24,0.62,10.0,0.39,2.24,0.38,10.0,0.48,5.0,0.49,5.0,0.09,0.09,618.506,1776217849000
1776217850.974,50.974,0.52,5.0,0.51,5.0,0.61,2.24,0.62,10.0,0.39,2.24,0.38,10.0,0.48,5.0,0.49,5.0,0.09,0.09,618.506,1776217850000
1776217851.932,51.932,0.52,5.0,0.51,5.0,0.61,2.24,0.62,10.0,0.39,2.24,0.38,10.0,0.48,5.0,0.49,5.0,0.09,0.09,618.505,1776217851000
1776217852.942,52.942,0.52,5.0,0.51,5.0,0.61,2.24,0.62,10.0,0.39,2.24,0.38,10.0,0.48,5.0,0.49,5.0,0.09,0.09,618.508,1776217852000
1776217853.942,53.942,0.52,5.0,0.51,5.0,0.61,2.24,0.62,10.0,0.39,2.24,0.38,10.0,0.48,5.0,0.49,5.0,0.09,0.09,618.507,1776217853000
1776217854.849,54.849,0.52,5.0,0.51,5.0,0.61,2.24,0.62,10.0,0.39,2.24,0.38,10.0,0.48,5.0,0.49,5.0,0.09,0.09,618.508,1776217854000
1776217855.875,55.875,0.52,5.0,0.51,5.0,0.61,2.24,0.62,10.0,0.39,2.24,0.38,10.0,0.48,5.0,0.49,5.0,0.09,0.09,618.507,1776217855000
1776217856.829,56.829,0.52,5.0,0.51,5.0,0.61,2.24,0.62,10.0,0.39,2.24,0.38,10.0,0.48,5.0,0.49,5.0,0.09,0.09,618.493231,1776217856000
1776217858.008,58.008,0.52,5.0,0.51,5.0,0.61,2.24,0.62,10.0,0.39,2.24,0.38,10.0,0.48,5.0,0.49,5.0,0.09,0.09,618.507303,1776217857000
1776217859.024,59.024,0.52,5.0,0.51,5.0,0.61,2.24,0.62,10.0,0.39,2.24,0.38,10.0,0.48,5.0,0.49,5.0,0.09,0.09,618.498459,1776217858000
1776217860.022,60.022,0.52,5.0,0.51,5.0,0.61,2.24,0.62,10.0,0.39,2.24,0.38,10.0,0.48,5.0,0.49,5.0,0.09,0.09,618.50852,1776217859000
1776217861.125,61.125,0.52,5.0,0.51,5.0,0.61,2.24,0.62,10.0,0.39,2.24,0.38,10.0,0.48,5.0,0.49,5.0,0.09,0.09,618.5084,1776217860000
1776217862.821,62.821,0.52,5.0,0.51,5.0,0.61,2.24,0.62,10.0,0.39,2.24,0.38,10.0,0.48,5.0,0.49,5.0,0.09,0.09,618.46856,1776217861000
1776217863.367,63.367,0.52,5.0,0.51,5.0,0.61,2.24,0.62,10.0,0.39,2.24,0.38,10.0,0.48,5.0,0.49,5.0,0.09,0.09,618.46874,1776217862000
1776217864.333,64.333,0.52,5.0,0.51,5.0,0.61,2.24,0.62,10.0,0.39,2.24,0.38,10.0,0.48,5.0,0.49,5.0,0.09,0.09,618.4776,1776217863000
1776217865.408,65.408,0.52,5.0,0.51,5.0,0.61,2.24,0.62,10.0,0.39,2.24,0.38,10.0,0.48,5.0,0.49,5.0,0.09,0.09,618.48101,1776217864000
1776217865.91,65.91,0.52,5.0,0.51,5.0,0.61,2.24,0.62,10.0,0.39,2.24,0.38,10.0,0.48,5.0,0.49,5.0,0.09,0.09,618.493925,1776217865000
1776217866.115,66.115,0.53,5.0,0.51,5.0,0.63,21.2,0.64,11.3,0.39,2.24,0.38,10.0,0.48,5.0,0.49,5.0,0.1,0.09,618.493925,1776217865000
1776217866.928,66.928,0.53,5.0,0.51,5.0,0.63,21.2,0.64,11.3,0.37,21.2,0.36,11.3,0.47,5.0,0.49,5.0,0.1,0.1,618.469781,1776217866000
1776217868.021,68.021,0.53,5.0,0.51,5.0,0.63,21.2,0.64,11.3,0.37,21.2,0.36,11.3,0.47,5.0,0.49,5.0,0.1,0.1,618.46987,1776217867000
1776217869.012,69.012,0.53,5.0,0.51,5.0,0.63,21.2,0.64,11.3,0.37,21.2,0.36,11.3,0.47,5.0,0.49,5.0,0.1,0.1,618.469229,1776217868000
1776217870.207,70.207,0.51,5.0,0.48,5.0,0.62,10.0,0.63,21.2,0.38,10.0,0.37,21.2,0.49,5.0,0.52,5.0,0.11,0.11,618.50732,1776217869000
1776217870.44,70.44,0.51,5.0,0.5,5.0,0.62,1.06,0.63,21.2,0.38,10.0,0.37,21.2,0.49,5.0,0.52,5.0,0.11,0.11,618.50732,1776217869000
1776217871.281,71.281,0.51,5.0,0.5,5.0,0.62,1.06,0.63,21.2,0.38,1.06,0.37,21.2,0.49,5.0,0.5,5.0,0.11,0.11,618.50732,1776217870000
1776217872.357,72.357,0.51,5.0,0.5,5.0,0.62,1.06,0.63,21.2,0.38,1.06,0.37,21.2,0.49,5.0,0.5,5.0,0.11,0.11,618.514,1776217871000
1776217873.421,73.421,0.51,5.0,0.5,5.0,0.62,1.06,0.63,21.2,0.38,1.06,0.37,21.2,0.49,5.0,0.5,5.0,0.11,0.11,618.518,1776217872000
1776217873.986,73.986,0.51,5.0,0.5,5.0,0.62,1.06,0.63,21.2,0.38,1.06,0.37,21.2,0.49,5.0,0.5,5.0,0.11,0.11,618.509945,1776217873000
1776217875.055,75.055,0.51,5.0,0.5,5.0,0.62,1.06,0.63,21.2,0.38,1.06,0.37,21.2,0.49,5.0,0.5,5.0,0.11,0.11,618.49441,1776217874000
1776217876.68,76.68,0.51,5.0,0.5,5.0,0.62,1.06,0.63,21.2,0.38,1.06,0.37,21.2,0.49,5.0,0.5,5.0,0.11,0.11,618.49537,1776217875000
1776217877.377,77.377,0.51,5.0,0.5,5.0,0.62,1.06,0.63,21.2,0.38,1.06,0.37,21.2,0.49,5.0,0.5,5.0,0.11,0.11,618.49648,1776217876000
1776217878.507,78.507,0.51,5.0,0.5,5.0,0.62,1.06,0.63,21.2,0.38,1.06,0.37,21.2,0.49,5.0,0.5,5.0,0.11,0.11,618.5025,1776217877000
1776217879.126,79.126,0.51,5.0,0.5,5.0,0.62,1.06,0.63,21.2,0.38,1.06,0.37,21.2,0.49,5.0,0.5,5.0,0.11,0.11,618.50024,1776217878000
1776217880.329,80.329,0.51,5.0,0.5,5.0,0.62,1.06,0.63,21.2,0.38,1.06,0.37,21.2,0.49,5.0,0.5,5.0,0.11,0.11,618.49882,1776217879000
1776217880.948,80.948,0.61,111.0,0.52,10.0,0.87,20.34,0.88,24.6,0.38,1.06,0.37,21.2,0.49,5.0,0.5,5.0,0.26,0.11,618.49882,1776217879000
1776217881.607,81.607,0.61,111.0,0.52,10.0,0.87,13.5,0.88,24.6,0.13,13.5,0.12,24.6,0.39,111.0,0.48,10.0,0.26,0.26,618.528543,1776217880000
1776217882.225,82.225,0.9,5.0,0.85,5.0,0.91,45.0,0.93,39.9,0.09,45.0,0.07,39.9,0.1,5.0,0.15,5.0,0.01,0.01,618.5398,1776217881000
1776217882.751,82.751,0.9,41.0,0.85,5.0,0.91,15.0,0.94,46.1,0.09,25.0,0.07,39.9,0.1,41.0,0.11,10.0,0.01,0.01,618.5398,1776217881000
1776217883.367,83.367,0.9,41.0,0.85,5.0,0.91,15.0,0.94,46.1,0.09,15.0,0.06,46.1,0.1,41.0,0.15,5.0,0.01,0.01,619.240785,1776217882000
1776217884.02,84.02,0.9,41.0,0.85,5.0,0.91,10.0,0.93,39.9,0.09,10.0,0.07,39.9,0.1,41.0,0.15,5.0,0.01,0.01,619.242695,1776217883000
1776217884.237,84.237,0.9,41.0,0.85,5.0,0.91,5.0,0.92,35.29,0.09,10.0,0.07,39.9,0.1,41.0,0.15,5.0,0.01,0.01,619.242695,1776217883000
1776217885.171,85.171,0.9,41.0,0.85,5.0,0.91,5.0,0.92,35.29,0.09,5.0,0.08,35.29,0.1,41.0,0.15,5.0,0.01,0.01,619.261096,1776217884000
1776217886.264,86.264,0.9,41.0,0.85,5.0,0.91,5.0,0.92,35.29,0.09,5.0,0.08,35.29,0.1,41.0,0.15,5.0,0.01,0.01,619.247,1776217885000
1776217886.604,86.604,0.85,5.0,0.84,5.0,0.96,5.0,0.97,126.1,0.09,5.0,0.04,5.0,0.15,5.0,0.16,5.0,0.11,0.06,619.247,1776217885000
1776217886.841,86.841,0.93,5.0,0.85,5.0,0.96,3.75,0.97,126.1,0.04,5.0,0.03,126.1,0.15,5.0,0.16,5.0,0.03,0.11,619.247,1776217885000
1776217887.341,87.341,0.93,5.0,0.85,5.0,0.96,3.75,0.97,126.1,0.04,3.75,0.03,126.1,0.07,5.0,0.15,5.0,0.03,0.03,619.239825,1776217886000
1776217887.878,87.878,0.93,5.0,0.85,5.0,0.96,3.75,0.97,126.1,0.04,3.75,0.03,126.1,0.07,5.0,0.15,5.0,0.03,0.03,619.43266,1776217887000
1776217888.323,88.323,0.85,20.0,0.84,5.0,0.96,3.75,0.97,36.8,0.04,3.75,0.03,126.1,0.07,5.0,0.15,5.0,0.11,0.03,619.43266,1776217887000
1776217888.999,88.999,0.85,20.0,0.84,5.0,0.96,3.75,0.97,36.8,0.04,3.75,0.03,36.8,0.15,20.0,0.16,5.0,0.11,0.11,619.533595,1776217888000
1776217890.152,90.152,0.85,20.0,0.84,5.0,0.96,3.75,0.97,36.8,0.04,3.75,0.03,36.8,0.15,20.0,0.16,5.0,0.11,0.11,619.796527,1776217889000
1776217891.563,91.563,0.85,20.0,0.84,5.0,0.96,3.75,0.97,36.8,0.04,3.75,0.03,36.8,0.15,20.0,0.16,5.0,0.11,0.11,619.85395,1776217890000
1776217892.105,92.105,0.85,20.0,0.84,5.0,0.96,3.75,0.97,36.8,0.04,3.75,0.03,36.8,0.15,20.0,0.16,5.0,0.11,0.11,619.860852,1776217891000
1776217893.069,93.069,0.85,20.0,0.84,5.0,0.96,3.75,0.97,36.8,0.04,3.75,0.03,36.8,0.15,20.0,0.16,5.0,0.11,0.11,619.854,1776217892000
1776217894.023,94.023,0.93,7.0,0.91,10.0,0.97,36.8,0.98,21.0,0.04,3.75,0.03,36.8,0.15,20.0,0.16,5.0,0.04,0.11,619.854,1776217892000
1776217894.57,94.57,0.91,10.0,0.85,5.0,0.97,36.8,0.98,21.0,0.03,36.8,0.02,21.0,0.07,7.0,0.09,10.0,0.06,0.04,619.869,1776217893000
1776217895.178,95.178,0.91,10.0,0.85,5.0,0.97,36.8,0.98,21.0,0.03,36.8,0.02,21.0,0.09,10.0,0.15,5.0,0.06,0.06,619.871587,1776217894000
1776217896.231,96.231,0.91,10.0,0.85,5.0,0.97,36.8,0.98,21.0,0.03,36.8,0.02,21.0,0.09,10.0,0.15,5.0,0.06,0.06,619.915,1776217895000
1776217897.146,97.146,0.91,10.0,0.85,5.0,0.97,36.8,0.98,21.0,0.03,36.8,0.02,21.0,0.09,10.0,0.15,5.0,0.06,0.06,619.922596,1776217896000
1776217898.189,98.189,0.91,10.0,0.85,5.0,0.97,36.8,0.98,21.0,0.03,36.8,0.02,21.0,0.09,10.0,0.15,5.0,0.06,0.06,619.94178,1776217897000
1776217899.232,99.232,0.91,10.0,0.85,5.0,0.97,36.8,0.98,21.0,0.03,36.8,0.02,21.0,0.09,10.0,0.15,5.0,0.06,0.06,620.030921,1776217898000
1776217899.956,99.956,0.82,1.83,0.78,15.2,0.97,36.8,0.98,21.0,0.03,36.8,0.02,21.0,0.25,1.39,0.26,13.5,0.15,0.22,620.030921,1776217898000
1776217900.164,100.164,0.74,9.92,0.73,13.2,0.97,36.8,0.98,21.0,0.03,36.8,0.02,21.0,0.26,9.92,0.27,13.2,0.23,0.23,620.005904,1776217899000
1776217901.21,101.21,0.74,9.92,0.73,13.2,0.97,36.8,0.98,21.0,0.03,36.8,0.02,21.0,0.26,9.92,0.27,13.2,0.23,0.23,619.4661,1776217900000
1776217902.227,102.227,0.74,9.92,0.73,13.2,0.97,36.8,0.98,21.0,0.03,36.8,0.02,21.0,0.26,9.92,0.27,13.2,0.23,0.23,619.398178,1776217901000
1776217903.364,103.364,0.74,9.92,0.73,13.2,0.97,36.8,0.98,21.0,0.03,36.8,0.02,21.0,0.26,9.92,0.27,13.2,0.23,0.23,619.374713,1776217902000
1776217903.843,103.843,0.83,6.31,0.82,17.6,0.97,126.1,0.98,153.69,0.03,126.1,0.02,153.69,0.17,6.31,0.18,17.6,0.14,0.14,619.307115,1776217903000
1776217905.589,105.589,0.83,6.31,0.82,17.6,0.97,126.1,0.98,153.69,0.03,126.1,0.02,153.69,0.17,6.31,0.18,17.6,0.14,0.14,619.306984,1776217904000
1776217906.251,106.251,0.83,6.31,0.82,17.6,0.97,126.1,0.98,153.69,0.03,126.1,0.02,153.69,0.17,6.31,0.18,17.6,0.14,0.14,619.294769,1776217905000
1776217907.691,107.691,0.83,6.31,0.82,17.6,0.97,126.1,0.98,153.69,0.03,126.1,0.02,153.69,0.17,6.31,0.18,17.6,0.14,0.14,619.29443,1776217906000
1776217908.423,108.423,0.83,6.31,0.82,17.6,0.97,126.1,0.98,153.69,0.03,126.1,0.02,153.69,0.17,6.31,0.18,17.6,0.14,0.14,619.304737,1776217907000
1776217908.629,108.629,0.84,2.73,0.83,6.31,0.93,39.9,0.94,46.1,0.03,126.1,0.02,153.69,0.17,6.31,0.18,17.6,0.09,0.14,619.304737,1776217907000
1776217909.025,109.025,0.84,2.73,0.83,6.31,0.93,39.9,0.94,46.1,0.07,39.9,0.06,46.1,0.16,2.73,0.17,6.31,0.09,0.09,619.304737,1776217908000
1776217910.339,110.339,0.84,2.73,0.83,6.31,0.93,39.9,0.94,46.1,0.07,39.9,0.06,46.1,0.16,2.73,0.17,6.31,0.09,0.09,619.304812,1776217909000
1776217910.612,110.612,0.84,2.73,0.83,6.31,0.93,39.9,0.94,46.1,0.07,39.9,0.06,46.1,0.16,2.73,0.17,6.31,0.09,0.09,619.304812,1776217909000
1776217910.992,110.992,0.84,2.73,0.83,6.31,0.93,39.9,0.94,46.1,0.07,39.9,0.06,46.1,0.16,2.73,0.17,6.31,0.09,0.09,619.304665,1776217910000
1776217912.617,112.617,0.84,2.73,0.83,6.31,0.93,39.9,0.94,46.1,0.07,39.9,0.06,46.1,0.16,2.73,0.17,6.31,0.09,0.09,619.304997,1776217911000
1776217913.202,113.202,0.84,2.73,0.83,6.31,0.93,39.9,0.94,46.1,0.07,39.9,0.06,46.1,0.16,2.73,0.17,6.31,0.09,0.09,619.298959,1776217912000
1776217914.686,114.686,0.84,2.73,0.83,6.31,0.93,39.9,0.94,46.1,0.07,39.9,0.06,46.1,0.16,2.73,0.17,6.31,0.09,0.09,619.347938,1776217913000
1776217915.334,115.334,0.84,2.73,0.83,6.31,0.93,39.9,0.94,46.1,0.07,39.9,0.06,46.1,0.16,2.73,0.17,6.31,0.09,0.09,619.377816,1776217914000
1776217916.713,116.713,0.84,2.73,0.83,6.31,0.93,39.9,0.94,46.1,0.07,39.9,0.06,46.1,0.16,2.73,0.17,6.31,0.09,0.09,619.401311,1776217915000
1776217917.293,117.293,0.84,2.73,0.83,6.31,0.93,39.9,0.94,46.1,0.07,39.9,0.06,46.1,0.16,2.73,0.17,6.31,0.09,0.09,619.378277,1776217916000
1776217918.784,118.784,0.84,2.73,0.83,6.31,0.93,39.9,0.94,46.1,0.07,39.9,0.06,46.1,0.16,2.73,0.17,6.31,0.09,0.09,619.3625,1776217917000
1776217919.34,119.34,0.84,2.73,0.83,6.31,0.93,39.9,0.94,46.1,0.07,39.9,0.06,46.1,0.16,2.73,0.17,6.31,0.09,0.09,619.332771,1776217918000
1776217920.13,120.13,0.84,2.73,0.83,6.31,0.93,39.9,0.94,46.1,0.07,39.9,0.06,46.1,0.16,2.73,0.17,6.31,0.09,0.09,619.332771,1776217919000
1776217921.452,121.452,0.84,2.73,0.83,6.31,0.93,39.9,0.94,46.1,0.07,39.9,0.06,46.1,0.16,2.73,0.17,6.31,0.09,0.09,619.293528,1776217920000
1776217922.513,122.513,0.84,2.73,0.83,6.31,0.93,39.9,0.94,46.1,0.07,39.9,0.06,46.1,0.16,2.73,0.17,6.31,0.09,0.09,619.291891,1776217921000
1776217923.201,123.201,0.84,2.73,0.83,6.31,0.93,39.9,0.94,46.1,0.07,39.9,0.06,46.1,0.16,2.73,0.17,6.31,0.09,0.09,619.285043,1776217922000
1776217924.587,124.587,0.84,2.73,0.83,6.31,0.93,39.9,0.94,46.1,0.07,39.9,0.06,46.1,0.16,2.73,0.17,6.31,0.09,0.09,619.284808,1776217923000
1776217925.235,125.235,0.84,2.73,0.83,6.31,0.93,39.9,0.94,46.1,0.07,39.9,0.06,46.1,0.16,2.73,0.17,6.31,0.09,0.09,619.266732,1776217924000
1776217926.534,126.534,0.84,2.73,0.83,6.31,0.93,39.9,0.94,46.1,0.07,39.9,0.06,46.1,0.16,2.73,0.17,6.31,0.09,0.09,619.266732,1776217925000
1776217927.219,127.219,0.84,2.73,0.83,6.31,0.93,39.9,0.94,46.1,0.07,39.9,0.06,46.1,0.16,2.73,0.17,6.31,0.09,0.09,619.266538,1776217926000
1776217928.534,128.534,0.84,2.73,0.83,6.31,0.93,39.9,0.94,46.1,0.07,39.9,0.06,46.1,0.16,2.73,0.17,6.31,0.09,0.09,619.266518,1776217927000
1776217929.252,129.252,0.84,2.73,0.83,6.31,0.93,39.9,0.94,46.1,0.07,39.9,0.06,46.1,0.16,2.73,0.17,6.31,0.09,0.09,619.266621,1776217928000
1776217930.515,130.515,0.84,2.73,0.83,6.31,0.93,39.9,0.94,46.1,0.07,39.9,0.06,46.1,0.16,2.73,0.17,6.31,0.09,0.09,619.306956,1776217929000
1776217931.184,131.184,0.84,2.73,0.83,6.31,0.93,39.9,0.94,46.1,0.07,39.9,0.06,46.1,0.16,2.73,0.17,6.31,0.09,0.09,619.311014,1776217930000
1776217932.463,132.463,0.84,2.73,0.83,6.31,0.93,39.9,0.94,46.1,0.07,39.9,0.06,46.1,0.16,2.73,0.17,6.31,0.09,0.09,619.361842,1776217931000
1776217933.064,133.064,0.84,2.73,0.83,6.31,0.93,39.9,0.94,46.1,0.07,39.9,0.06,46.1,0.16,2.73,0.17,6.31,0.09,0.09,619.363846,1776217932000
1776217934.227,134.227,0.84,2.73,0.83,6.31,0.93,39.9,0.94,46.1,0.07,39.9,0.06,46.1,0.16,2.73,0.17,6.31,0.09,0.09,619.380677,1776217933000
1776217935.437,135.437,0.84,2.73,0.83,6.31,0.93,39.9,0.94,46.1,0.07,39.9,0.06,46.1,0.16,2.73,0.17,6.31,0.09,0.09,619.374683,1776217934000
1776217936.031,136.031,0.84,2.73,0.83,6.31,0.93,39.9,0.94,46.1,0.07,39.9,0.06,46.1,0.16,2.73,0.17,6.31,0.09,0.09,619.374068,1776217935000
1776217937.381,137.381,0.84,2.73,0.83,6.31,0.93,39.9,0.94,46.1,0.07,39.9,0.06,46.1,0.16,2.73,0.17,6.31,0.09,0.09,619.371817,1776217936000
1776217938.012,138.012,0.84,2.73,0.83,6.31,0.93,39.9,0.94,46.1,0.07,39.9,0.06,46.1,0.16,2.73,0.17,6.31,0.09,0.09,619.357802,1776217937000
1776217938.969,138.969,0.84,2.73,0.83,6.31,0.93,39.9,0.94,46.1,0.07,39.9,0.06,46.1,0.16,2.73,0.17,6.31,0.09,0.09,619.345142,1776217938000
1776217940.669,140.669,0.84,2.73,0.83,6.31,0.93,39.9,0.94,46.1,0.07,39.9,0.06,46.1,0.16,2.73,0.17,6.31,0.09,0.09,619.382798,1776217939000
1776217941.523,141.523,0.84,2.73,0.83,6.31,0.93,39.9,0.94,46.1,0.07,39.9,0.06,46.1,0.16,2.73,0.17,6.31,0.09,0.09,619.382774,1776217940000
1776217942.113,142.113,0.84,2.73,0.83,6.31,0.93,39.9,0.94,46.1,0.07,39.9,0.06,46.1,0.16,2.73,0.17,6.31,0.09,0.09,619.382774,1776217941000
1776217943.673,143.673,0.84,2.73,0.83,6.31,0.93,39.9,0.94,46.1,0.07,39.9,0.06,46.1,0.16,2.73,0.17,6.31,0.09,0.09,619.384912,1776217942000
1776217944.227,144.227,0.84,2.73,0.83,6.31,0.93,39.9,0.94,46.1,0.07,39.9,0.06,46.1,0.16,2.73,0.17,6.31,0.09,0.09,619.384912,1776217943000
1776217945.627,145.627,0.84,2.73,0.83,6.31,0.93,39.9,0.94,46.1,0.07,39.9,0.06,46.1,0.16,2.73,0.17,6.31,0.09,0.09,619.368514,1776217944000
1776217946.204,146.204,0.84,2.73,0.83,6.31,0.93,39.9,0.94,46.1,0.07,39.9,0.06,46.1,0.16,2.73,0.17,6.31,0.09,0.09,619.368502,1776217945000
1776217947.679,147.679,0.84,2.73,0.83,6.31,0.93,39.9,0.94,46.1,0.07,39.9,0.06,46.1,0.16,2.73,0.17,6.31,0.09,0.09,619.368561,1776217946000
1776217948.363,148.363,0.84,2.73,0.83,6.31,0.93,39.9,0.94,46.1,0.07,39.9,0.06,46.1,0.16,2.73,0.17,6.31,0.09,0.09,619.362424,1776217947000
1776217948.992,148.992,0.84,2.73,0.83,6.31,0.93,39.9,0.94,46.1,0.07,39.9,0.06,46.1,0.16,2.73,0.17,6.31,0.09,0.09,619.367677,1776217948000
1776217950.358,150.358,0.84,2.73,0.83,6.31,0.93,39.9,0.94,46.1,0.07,39.9,0.06,46.1,0.16,2.73,0.17,6.31,0.09,0.09,619.37256,1776217949000
1776217951.028,151.028,0.84,2.73,0.83,6.31,0.93,39.9,0.94,46.1,0.07,39.9,0.06,46.1,0.16,2.73,0.17,6.31,0.09,0.09,619.330909,1776217950000
1776217952.459,152.459,0.84,2.73,0.83,6.31,0.93,39.9,0.94,46.1,0.07,39.9,0.06,46.1,0.16,2.73,0.17,6.31,0.09,0.09,619.501809,1776217951000
1776217953.351,153.351,0.84,2.73,0.83,6.31,0.93,39.9,0.94,46.1,0.07,39.9,0.06,46.1,0.16,2.73,0.17,6.31,0.09,0.09,619.501809,1776217952000
1776217954.569,154.569,0.84,2.73,0.83,6.31,0.93,39.9,0.94,46.1,0.07,39.9,0.06,46.1,0.16,2.73,0.17,6.31,0.09,0.09,619.501809,1776217953000
1776217955.11,155.11,0.84,2.73,0.83,6.31,0.93,39.9,0.94,46.1,0.07,39.9,0.06,46.1,0.16,2.73,0.17,6.31,0.09,0.09,619.501809,1776217954000
1776217956.994,156.994,0.84,2.73,0.83,6.31,0.93,39.9,0.94,46.1,0.07,39.9,0.06,46.1,0.16,2.73,0.17,6.31,0.09,0.09,619.517334,1776217955000
1776217957.487,157.487,0.84,2.73,0.83,6.31,0.93,39.9,0.94,46.1,0.07,39.9,0.06,46.1,0.16,2.73,0.17,6.31,0.09,0.09,619.522553,1776217956000
1776217958.092,158.092,0.84,2.73,0.83,6.31,0.93,39.9,0.94,46.1,0.07,39.9,0.06,46.1,0.16,2.73,0.17,6.31,0.09,0.09,619.522553,1776217957000
1776217959.145,159.145,0.84,2.73,0.83,6.31,0.93,39.9,0.94,46.1,0.07,39.9,0.06,46.1,0.16,2.73,0.17,6.31,0.09,0.09,619.50655,1776217958000
1776217960.316,160.316,0.84,2.73,0.83,6.31,0.93,39.9,0.94,46.1,0.07,39.9,0.06,46.1,0.16,2.73,0.17,6.31,0.09,0.09,619.50669,1776217959000
1776217961.344,161.344,0.84,2.73,0.83,6.31,0.93,39.9,0.94,46.1,0.07,39.9,0.06,46.1,0.16,2.73,0.17,6.31,0.09,0.09,619.510994,1776217960000
1776217961.858,161.858,0.84,2.73,0.83,6.31,0.93,39.9,0.94,46.1,0.07,39.9,0.06,46.1,0.16,2.73,0.17,6.31,0.09,0.09,619.510994,1776217961000
1776217963.003,163.003,0.84,2.73,0.83,6.31,0.93,39.9,0.94,46.1,0.07,39.9,0.06,46.1,0.16,2.73,0.17,6.31,0.09,0.09,619.51087,1776217962000
1776217964.114,164.114,0.84,2.73,0.83,6.31,0.93,39.9,0.94,46.1,0.07,39.9,0.06,46.1,0.16,2.73,0.17,6.31,0.09,0.09,619.509646,1776217963000
1776217965.156,165.156,0.84,2.73,0.83,6.31,0.93,39.9,0.94,46.1,0.07,39.9,0.06,46.1,0.16,2.73,0.17,6.31,0.09,0.09,619.508931,1776217964000
1776217966.293,166.293,0.84,2.73,0.83,6.31,0.93,39.9,0.94,46.1,0.07,39.9,0.06,46.1,0.16,2.73,0.17,6.31,0.09,0.09,619.48959,1776217965000
1776217967.312,167.312,0.84,2.73,0.83,6.31,0.93,39.9,0.94,46.1,0.07,39.9,0.06,46.1,0.16,2.73,0.17,6.31,0.09,0.09,619.489856,1776217966000
1776217967.839,167.839,0.84,2.73,0.83,6.31,0.93,39.9,0.94,46.1,0.07,39.9,0.06,46.1,0.16,2.73,0.17,6.31,0.09,0.09,619.488182,1776217967000
1776217968.997,168.997,0.84,2.73,0.83,6.31,0.93,39.9,0.94,46.1,0.07,39.9,0.06,46.1,0.16,2.73,0.17,6.31,0.09,0.09,619.48805,1776217968000
1776217970.148,170.148,0.84,2.73,0.83,6.31,0.93,39.9,0.94,46.1,0.07,39.9,0.06,46.1,0.16,2.73,0.17,6.31,0.09,0.09,619.495498,1776217969000
1776217971.053,171.053,0.84,2.73,0.83,6.31,0.93,39.9,0.94,46.1,0.07,39.9,0.06,46.1,0.16,2.73,0.17,6.31,0.09,0.09,619.495486,1776217970000
1776217971.689,171.689,0.96,72.7,0.95,54.7,0.97,40.75,0.98,21.0,0.07,39.9,0.06,46.1,0.16,2.73,0.17,6.31,0.01,0.09,619.495486,1776217970000
1776217972.084,172.084,0.96,72.7,0.95,54.7,0.97,40.75,0.98,21.0,0.03,40.75,0.02,21.0,0.04,72.7,0.05,54.7,0.01,0.01,619.495486,1776217971000
1776217973.016,173.016,0.96,72.7,0.95,54.7,0.97,40.75,0.98,21.0,0.03,40.75,0.02,21.0,0.04,72.7,0.05,54.7,0.01,0.01,619.495734,1776217972000
1776217973.992,173.992,0.96,72.7,0.95,54.7,0.97,40.75,0.98,21.0,0.03,40.75,0.02,21.0,0.04,72.7,0.05,54.7,0.01,0.01,619.495147,1776217973000
1776217974.937,174.937,0.96,72.7,0.95,54.7,0.97,40.75,0.98,21.0,0.03,40.75,0.02,21.0,0.04,72.7,0.05,54.7,0.01,0.01,619.493072,1776217974000
1776217975.929,175.929,0.96,72.7,0.95,54.7,0.97,40.75,0.98,21.0,0.03,40.75,0.02,21.0,0.04,72.7,0.05,54.7,0.01,0.01,619.493072,1776217975000
1776217976.936,176.936,0.96,72.7,0.95,54.7,0.97,40.75,0.98,21.0,0.03,40.75,0.02,21.0,0.04,72.7,0.05,54.7,0.01,0.01,619.493072,1776217976000
1776217977.881,177.881,0.96,72.7,0.95,54.7,0.97,40.75,0.98,21.0,0.03,40.75,0.02,21.0,0.04,72.7,0.05,54.7,0.01,0.01,619.493072,1776217977000
1776217978.377,178.377,0.96,72.7,0.95,54.7,0.98,21.0,0.99,467.6,0.03,40.75,0.02,21.0,0.04,72.7,0.05,54.7,0.02,0.01,619.493072,1776217977000
1776217979.333,179.333,0.96,72.7,0.95,54.7,0.98,21.0,0.99,467.6,0.02,21.0,0.01,467.6,0.04,72.7,0.05,54.7,0.02,0.02,619.493072,1776217978000
1776217980.426,180.426,0.96,72.7,0.95,54.7,0.98,21.0,0.99,467.6,0.02,21.0,0.01,467.6,0.04,72.7,0.05,54.7,0.02,0.02,619.493072,1776217979000
1776217980.952,180.952,0.96,72.7,0.95,54.7,0.98,21.0,0.99,467.6,0.02,21.0,0.01,467.6,0.04,72.7,0.05,54.7,0.02,0.02,619.489156,1776217980000
1776217981.976,181.976,0.97,94.3,0.96,72.7,0.98,18.95,0.99,467.6,0.02,18.95,0.01,467.6,0.03,94.3,0.04,72.7,0.01,0.01,619.493072,1776217981000
1776217982.943,182.943,0.97,94.3,0.96,72.7,0.99,383.3,,,0.02,18.95,0.01,467.6,0.03,94.3,0.04,72.7,0.02,0.01,619.493072,1776217981000
1776217984.505,184.505,0.97,94.3,0.96,72.7,0.99,383.3,,,0.01,383.3,,,0.03,94.3,0.04,72.7,0.02,0.02,619.493072,1776217983000
1776217985.063,185.063,0.97,94.3,0.96,72.7,0.99,383.3,,,0.01,383.3,,,0.03,94.3,0.04,72.7,0.02,0.02,619.493072,1776217984000
1776217986.196,186.196,0.97,94.3,0.96,72.7,0.99,383.3,,,0.01,383.3,,,0.03,94.3,0.04,72.7,0.02,0.02,619.483004,1776217985000
1776217986.745,186.745,0.97,5.0,0.96,5.0,0.99,378.3,,,0.01,383.3,,,0.03,94.3,0.04,72.7,0.02,0.02,619.483004,1776217985000
1776217987.006,187.006,0.97,5.0,0.96,5.0,0.99,378.3,,,0.01,378.3,,,0.03,5.0,0.04,5.0,0.02,0.02,619.466185,1776217986000
1776217988.381,188.381,0.97,5.0,0.96,5.0,0.99,378.3,,,0.01,378.3,,,0.03,5.0,0.04,5.0,0.02,0.02,619.388502,1776217987000
1776217989.006,189.006,0.97,5.0,0.96,5.0,0.99,378.3,,,0.01,378.3,,,0.03,5.0,0.04,5.0,0.02,0.02,619.388502,1776217988000
1776217990.234,190.234,0.97,5.0,0.96,5.0,0.99,378.3,,,0.01,378.3,,,0.03,5.0,0.04,5.0,0.02,0.02,619.37928,1776217989000
1776217991.241,191.241,0.97,5.0,0.96,5.0,0.99,378.3,,,0.01,378.3,,,0.03,5.0,0.04,5.0,0.02,0.02,619.318694,1776217990000
1776217992.074,192.074,0.97,5.0,0.96,5.0,0.99,378.3,,,0.01,378.3,,,0.03,5.0,0.04,5.0,0.02,0.02,619.316775,1776217991000
1776217993.308,193.308,0.97,5.0,0.96,5.0,0.99,378.3,,,0.01,378.3,,,0.03,5.0,0.04,5.0,0.02,0.02,619.316775,1776217992000
1776217994.362,194.362,0.97,5.0,0.96,5.0,0.99,378.3,,,0.01,378.3,,,0.03,5.0,0.04,5.0,0.02,0.02,619.316775,1776217993000
1776217994.864,194.864,0.97,5.0,0.96,5.0,0.99,378.3,,,0.01,378.3,,,0.03,5.0,0.04,5.0,0.02,0.02,619.316775,1776217994000
1776217996.37,196.37,0.97,5.0,0.96,5.0,0.99,378.3,,,0.01,378.3,,,0.03,5.0,0.04,5.0,0.02,0.02,619.297828,1776217995000
1776217996.991,196.991,0.97,5.0,0.96,5.0,0.99,378.3,,,0.01,378.3,,,0.03,5.0,0.04,5.0,0.02,0.02,619.279112,1776217996000
1776217998.358,198.358,0.97,5.0,0.96,5.0,0.99,378.3,,,0.01,378.3,,,0.03,5.0,0.04,5.0,0.02,0.02,619.278934,1776217997000
1776217999.864,199.864,0.97,5.0,0.96,5.0,0.99,378.3,,,0.01,378.3,,,0.03,5.0,0.04,5.0,0.02,0.02,619.279081,1776217998000
1776218000.578,200.578,0.97,5.0,0.96,5.0,0.99,378.3,,,0.01,378.3,,,0.03,5.0,0.04,5.0,0.02,0.02,619.279081,1776217999000
1776218001.181,201.181,0.97,5.0,0.96,5.0,0.99,378.3,,,0.01,378.3,,,0.03,5.0,0.04,5.0,0.02,0.02,619.278944,1776218000000
1776218002.241,202.241,0.97,5.0,0.96,5.0,0.99,378.3,,,0.01,378.3,,,0.03,5.0,0.04,5.0,0.02,0.02,619.279249,1776218001000
1776218003.216,203.216,0.97,5.0,0.96,5.0,0.99,378.3,,,0.01,378.3,,,0.03,5.0,0.04,5.0,0.02,0.02,619.275647,1776218002000
1776218004.265,204.265,0.97,5.0,0.96,5.0,0.99,378.3,,,0.01,378.3,,,0.03,5.0,0.04,5.0,0.02,0.02,619.272633,1776218003000
1776218005.208,205.208,0.97,5.0,0.96,5.0,0.99,378.3,,,0.01,378.3,,,0.03,5.0,0.04,5.0,0.02,0.02,619.239131,1776218004000
1776218006.187,206.187,0.87,23.0,0.86,21.6,0.95,52.59,0.96,67.7,0.01,378.3,,,0.03,5.0,0.04,5.0,0.08,0.02,619.239131,1776218004000
1776218007.255,207.255,0.87,23.0,0.86,21.6,0.95,51.53,0.96,67.7,0.05,51.53,0.04,67.7,0.13,23.0,0.14,21.6,0.08,0.08,619.093895,1776218006000
1776218008.345,208.345,0.87,23.0,0.86,21.6,0.95,51.53,0.96,67.7,0.05,51.53,0.04,67.7,0.13,23.0,0.14,21.6,0.08,0.08,619.090296,1776218007000
1776218009.381,209.381,0.88,24.6,0.87,23.0,0.95,49.42,0.96,67.7,0.05,49.42,0.04,67.7,0.12,24.6,0.13,23.0,0.07,0.07,619.083281,1776218008000
1776218009.828,209.828,0.88,24.6,0.87,23.0,0.95,49.42,0.96,67.7,0.05,49.42,0.04,67.7,0.12,24.6,0.13,23.0,0.07,0.07,619.080497,1776218009000
1776218010.315,210.315,0.88,24.6,0.87,23.0,0.95,48.36,0.96,67.7,0.05,49.42,0.04,67.7,0.12,24.6,0.13,23.0,0.07,0.07,619.080497,1776218009000
1776218010.739,210.739,0.88,24.6,0.87,23.0,0.95,36.36,0.96,67.7,0.05,48.36,0.04,67.7,0.12,24.6,0.13,23.0,0.07,0.07,619.080497,1776218009000
1776218012.362,212.362,0.88,24.6,0.87,23.0,0.95,36.36,0.96,67.7,0.05,36.36,0.04,67.7,0.12,24.6,0.13,23.0,0.07,0.07,619.080497,1776218011000
1776218013.274,213.274,0.88,24.6,0.87,23.0,0.95,36.36,0.96,67.7,0.05,36.36,0.04,67.7,0.12,24.6,0.13,23.0,0.07,0.07,619.080496,1776218012000
1776218014.297,214.297,0.88,24.6,0.87,23.0,0.95,36.36,0.96,67.7,0.05,36.36,0.04,67.7,0.12,24.6,0.13,23.0,0.07,0.07,619.080496,1776218013000
1776218015.128,215.128,0.88,24.6,0.87,23.0,0.95,36.36,0.96,67.7,0.05,36.36,0.04,67.7,0.12,24.6,0.13,23.0,0.07,0.07,619.080496,1776218014000
1776218016.22,216.22,0.88,24.6,0.87,23.0,0.95,36.36,0.96,67.7,0.05,36.36,0.04,67.7,0.12,24.6,0.13,23.0,0.07,0.07,619.080496,1776218015000
1776218017.176,217.176,0.88,24.6,0.87,23.0,0.95,36.36,0.96,67.7,0.05,36.36,0.04,67.7,0.12,24.6,0.13,23.0,0.07,0.07,619.080496,1776218016000
1776218018.129,218.129,0.88,24.6,0.87,23.0,0.95,36.36,0.96,67.7,0.05,36.36,0.04,67.7,0.12,24.6,0.13,23.0,0.07,0.07,619.080496,1776218017000
1776218019.105,219.105,0.88,24.6,0.87,23.0,0.95,36.36,0.96,67.7,0.05,36.36,0.04,67.7,0.12,24.6,0.13,23.0,0.07,0.07,619.069492,1776218018000
1776218019.754,219.754,0.93,5.0,0.84,19.3,0.94,36.1,0.95,54.7,0.05,36.36,0.04,67.7,0.12,24.6,0.13,23.0,0.01,0.07,619.069492,1776218018000
1776218020.117,220.117,0.93,5.0,0.84,19.3,0.94,36.1,0.95,54.7,0.06,36.1,0.05,54.7,0.07,5.0,0.16,19.3,0.01,0.01,619.016689,1776218019000
1776218021.079,221.079,0.93,5.0,0.84,19.3,0.94,36.1,0.95,54.7,0.06,36.1,0.05,54.7,0.07,5.0,0.16,19.3,0.01,0.01,618.96917,1776218020000
1776218022.212,222.212,0.93,5.0,0.84,19.3,0.94,36.1,0.95,54.7,0.06,36.1,0.05,54.7,0.07,5.0,0.16,19.3,0.01,0.01,618.964628,1776218021000
1776218023.199,223.199,0.93,5.0,0.84,19.3,0.94,36.1,0.95,54.7,0.06,36.1,0.05,54.7,0.07,5.0,0.16,19.3,0.01,0.01,618.964628,1776218022000
1776218024.252,224.252,0.93,5.0,0.84,19.3,0.94,36.1,0.95,54.7,0.06,36.1,0.05,54.7,0.07,5.0,0.16,19.3,0.01,0.01,618.964628,1776218023000
1776218025.139,225.139,0.93,5.0,0.84,19.3,0.94,36.1,0.95,54.7,0.06,36.1,0.05,54.7,0.07,5.0,0.16,19.3,0.01,0.01,618.964628,1776218024000
1776218026.112,226.112,0.93,5.0,0.84,19.3,0.94,36.1,0.95,54.7,0.06,36.1,0.05,54.7,0.07,5.0,0.16,19.3,0.01,0.01,618.964628,1776218025000
1776218026.454,226.454,0.61,50.0,0.57,10.6,0.91,45.0,0.94,46.1,0.06,36.1,0.05,54.7,0.07,5.0,0.16,19.3,0.3,0.01,618.964628,1776218025000
1776218027.191,227.191,0.61,50.0,0.57,10.6,0.91,45.0,0.94,46.1,0.09,45.0,0.06,46.1,0.39,50.0,0.43,10.6,0.3,0.3,618.964628,1776218026000
1776218028.318,228.318,0.61,50.0,0.57,10.6,0.91,45.0,0.94,46.1,0.09,45.0,0.06,46.1,0.39,50.0,0.43,10.6,0.3,0.3,618.837004,1776218027000
1776218028.981,228.981,0.61,50.0,0.57,10.6,0.91,45.0,0.94,46.1,0.09,45.0,0.06,46.1,0.39,50.0,0.43,10.6,0.3,0.3,618.713549,1776218028000
1776218030.105,230.105,0.61,50.0,0.57,10.6,0.91,45.0,0.94,46.1,0.09,45.0,0.06,46.1,0.39,50.0,0.43,10.6,0.3,0.3,618.527458,1776218029000
1776218031.317,231.317,0.61,50.0,0.57,10.6,0.91,45.0,0.94,46.1,0.09,45.0,0.06,46.1,0.39,50.0,0.43,10.6,0.3,0.3,618.518458,1776218030000
1776218032.552,232.552,0.61,50.0,0.57,10.6,0.91,45.0,0.94,46.1,0.09,45.0,0.06,46.1,0.39,50.0,0.43,10.6,0.3,0.3,618.506942,1776218031000
1776218033.173,233.173,0.61,50.0,0.57,10.6,0.91,45.0,0.94,46.1,0.09,45.0,0.06,46.1,0.39,50.0,0.43,10.6,0.3,0.3,618.506942,1776218032000
1776218034.5,234.5,0.61,50.0,0.57,10.6,0.91,45.0,0.94,46.1,0.09,45.0,0.06,46.1,0.39,50.0,0.43,10.6,0.3,0.3,618.512482,1776218033000
1776218035.094,235.094,0.61,50.0,0.6,8.0,0.8,5.0,0.81,121.89,0.09,45.0,0.06,46.1,0.39,50.0,0.43,10.6,0.19,0.3,618.512482,1776218033000
1776218036.525,236.525,0.61,50.0,0.6,8.0,0.8,5.0,0.81,121.89,0.2,5.0,0.19,121.89,0.39,50.0,0.4,8.0,0.19,0.19,618.518621,1776218035000
1776218037.154,237.154,0.61,50.0,0.6,8.0,0.8,5.0,0.81,121.89,0.2,5.0,0.19,121.89,0.39,50.0,0.4,8.0,0.19,0.19,618.518664,1776218036000
1776218038.594,238.594,0.61,50.0,0.6,8.0,0.8,5.0,0.81,121.89,0.2,5.0,0.19,121.89,0.39,50.0,0.4,8.0,0.19,0.19,618.629559,1776218037000
1776218039.322,239.322,0.61,50.0,0.6,8.0,0.8,5.0,0.81,121.89,0.2,5.0,0.19,121.89,0.39,50.0,0.4,8.0,0.19,0.19,618.629559,1776218038000
1776218040.444,240.444,0.61,50.0,0.6,8.0,0.8,5.0,0.81,121.89,0.2,5.0,0.19,121.89,0.39,50.0,0.4,8.0,0.19,0.19,618.5947,1776218039000
1776218041.102,241.102,0.61,50.0,0.6,8.0,0.8,5.0,0.81,121.89,0.2,5.0,0.19,121.89,0.39,50.0,0.4,8.0,0.19,0.19,618.594338,1776218040000
1776218042.617,242.617,0.61,50.0,0.6,8.0,0.8,5.0,0.81,121.89,0.2,5.0,0.19,121.89,0.39,50.0,0.4,8.0,0.19,0.19,618.584678,1776218041000
1776218042.92,242.92,0.61,50.0,0.57,10.0,0.76,7.72,0.77,14.7,0.2,5.0,0.19,121.89,0.39,50.0,0.4,8.0,0.15,0.19,618.584678,1776218041000
1776218044.755,244.755,0.61,50.0,0.57,10.0,0.76,7.72,0.77,14.7,0.24,7.72,0.23,14.7,0.39,50.0,0.43,10.0,0.15,0.15,618.585835,1776218043000
1776218045.211,245.211,0.61,50.0,0.57,10.0,0.76,7.72,0.77,14.7,0.24,7.72,0.23,14.7,0.39,50.0,0.43,10.0,0.15,0.15,618.585763,1776218044000
1776218046.276,246.276,0.61,50.0,0.57,10.0,0.76,7.72,0.77,14.7,0.24,7.72,0.23,14.7,0.39,50.0,0.43,10.0,0.15,0.15,618.586163,1776218045000
1776218047.131,247.131,0.61,50.0,0.57,10.0,0.76,7.72,0.77,14.7,0.24,7.72,0.23,14.7,0.39,50.0,0.43,10.0,0.15,0.15,618.58617,1776218046000
1776218048.165,248.165,0.61,50.0,0.57,10.0,0.76,7.72,0.77,14.7,0.24,7.72,0.23,14.7,0.39,50.0,0.43,10.0,0.15,0.15,618.587737,1776218047000
1776218049.273,249.273,0.61,50.0,0.57,10.0,0.76,7.72,0.77,14.7,0.24,7.72,0.23,14.7,0.39,50.0,0.43,10.0,0.15,0.15,618.592821,1776218048000
1776218050.242,250.242,0.61,50.0,0.57,10.0,0.76,7.72,0.77,14.7,0.24,7.72,0.23,14.7,0.39,50.0,0.43,10.0,0.15,0.15,618.604399,1776218049000
1776218051.2,251.2,0.61,50.0,0.57,10.0,0.76,7.72,0.77,14.7,0.24,7.72,0.23,14.7,0.39,50.0,0.43,10.0,0.15,0.15,618.604374,1776218050000
1776218052.154,252.154,0.61,50.0,0.57,10.0,0.76,7.72,0.77,14.7,0.24,7.72,0.23,14.7,0.39,50.0,0.43,10.0,0.15,0.15,618.604232,1776218051000
1776218053.139,253.139,0.61,50.0,0.57,10.0,0.76,7.72,0.77,14.7,0.24,7.72,0.23,14.7,0.39,50.0,0.43,10.0,0.15,0.15,618.604209,1776218052000
1776218054.116,254.116,0.61,50.0,0.57,10.0,0.76,7.72,0.77,14.7,0.24,7.72,0.23,14.7,0.39,50.0,0.43,10.0,0.15,0.15,618.603196,1776218053000
1776218055.211,255.211,0.61,50.0,0.57,10.0,0.76,7.72,0.77,14.7,0.24,7.72,0.23,14.7,0.39,50.0,0.43,10.0,0.15,0.15,618.603004,1776218054000
1776218056.035,256.035,0.57,5.08,0.56,8.93,0.62,5.0,0.75,13.9,0.24,7.72,0.23,14.7,0.39,50.0,0.43,10.0,0.05,0.15,618.603004,1776218054000
1776218056.236,256.236,0.57,5.08,0.56,8.93,0.75,13.9,0.76,14.3,0.25,13.9,0.24,14.3,0.43,5.08,0.44,8.93,0.18,0.18,618.602914,1776218055000
1776218058.316,258.316,0.57,5.08,0.56,8.93,0.75,13.9,0.76,14.3,0.25,13.9,0.24,14.3,0.43,5.08,0.44,8.93,0.18,0.18,618.522804,1776218056000
1776218059.366,259.366,0.57,5.08,0.56,8.93,0.75,13.9,0.76,14.3,0.25,13.9,0.24,14.3,0.43,5.08,0.44,8.93,0.18,0.18,618.5082,1776218058000
1776218060.49,260.49,0.57,5.08,0.56,8.93,0.75,13.9,0.76,14.3,0.25,13.9,0.24,14.3,0.43,5.08,0.44,8.93,0.18,0.18,618.50859,1776218059000
1776218061.561,261.561,0.57,5.08,0.56,8.93,0.75,13.9,0.76,14.3,0.25,13.9,0.24,14.3,0.43,5.08,0.44,8.93,0.18,0.18,618.50593,1776218060000
1776218062.523,262.523,0.57,5.08,0.56,8.93,0.75,13.9,0.76,14.3,0.25,13.9,0.24,14.3,0.43,5.08,0.44,8.93,0.18,0.18,618.463593,1776218061000
1776218063.53,263.53,0.57,5.08,0.56,8.93,0.75,13.9,0.76,14.3,0.25,13.9,0.24,14.3,0.43,5.08,0.44,8.93,0.18,0.18,618.413432,1776218062000
1776218064.436,264.436,0.57,5.08,0.56,8.93,0.75,13.9,0.76,14.3,0.25,13.9,0.24,14.3,0.43,5.08,0.44,8.93,0.18,0.18,618.413289,1776218063000
1776218065.212,265.212,0.57,5.08,0.56,8.93,0.75,13.9,0.76,14.3,0.25,13.9,0.24,14.3,0.43,5.08,0.44,8.93,0.18,0.18,618.394754,1776218064000
1776218067.121,267.121,0.57,5.08,0.56,8.93,0.75,13.9,0.76,14.3,0.25,13.9,0.24,14.3,0.43,5.08,0.44,8.93,0.18,0.18,618.400957,1776218065000
1776218067.884,267.884,0.57,5.08,0.56,8.93,0.75,13.9,0.76,14.3,0.25,13.9,0.24,14.3,0.43,5.08,0.44,8.93,0.18,0.18,618.400813,1776218066000
1776218068.701,268.701,0.57,5.08,0.56,8.93,0.75,13.9,0.76,14.3,0.25,13.9,0.24,14.3,0.43,5.08,0.44,8.93,0.18,0.18,618.400971,1776218067000
1776218069.519,269.519,0.57,5.08,0.56,8.93,0.75,13.9,0.76,14.3,0.25,13.9,0.24,14.3,0.43,5.08,0.44,8.93,0.18,0.18,618.403653,1776218068000
1776218070.175,270.175,0.57,5.08,0.56,8.93,0.75,13.9,0.76,14.3,0.25,13.9,0.24,14.3,0.43,5.08,0.44,8.93,0.18,0.18,618.40363,1776218069000
1776218070.987,270.987,0.51,50.0,0.41,50.0,0.57,10.6,0.58,10.7,0.25,13.9,0.24,14.3,0.43,5.08,0.44,8.93,0.06,0.18,618.40363,1776218069000
1776218071.311,271.311,0.51,50.0,0.41,50.0,0.57,8.56,0.58,10.7,0.43,10.6,0.42,10.7,0.49,50.0,0.59,50.0,0.06,0.06,618.40363,1776218069000
1776218071.58,271.58,0.41,50.0,0.31,50.0,0.56,10.6,0.57,8.56,0.43,8.56,0.42,10.7,0.49,50.0,0.59,50.0,0.15,0.06,618.40363,1776218069000
1776218072.068,272.068,0.41,50.0,0.31,50.0,0.56,10.6,0.57,8.56,0.44,10.6,0.43,8.56,0.59,50.0,0.69,50.0,0.15,0.15,618.403878,1776218070000
1776218072.849,272.849,0.41,50.0,0.31,50.0,0.56,10.6,0.57,8.56,0.44,10.6,0.43,8.56,0.59,50.0,0.69,50.0,0.15,0.15,618.39865,1776218071000
1776218073.542,273.542,0.41,50.0,0.31,50.0,0.56,10.6,0.57,8.56,0.44,10.6,0.43,8.56,0.59,50.0,0.69,50.0,0.15,0.15,618.399507,1776218072000
1776218074.267,274.267,0.41,50.0,0.31,50.0,0.56,10.6,0.57,8.56,0.44,10.6,0.43,8.56,0.59,50.0,0.69,50.0,0.15,0.15,618.399681,1776218073000
1776218075.912,275.912,0.41,50.0,0.31,50.0,0.56,10.6,0.57,8.56,0.44,10.6,0.43,8.56,0.59,50.0,0.69,50.0,0.15,0.15,618.439546,1776218074000
1776218076.697,276.697,0.41,50.0,0.31,50.0,0.56,10.6,0.57,8.56,0.44,10.6,0.43,8.56,0.59,50.0,0.69,50.0,0.15,0.15,618.439549,1776218075000
1776218077.274,277.274,0.41,50.0,0.31,50.0,0.56,10.6,0.57,8.56,0.44,10.6,0.43,8.56,0.59,50.0,0.69,50.0,0.15,0.15,618.506,1776218076000
1776218079.034,279.034,0.41,50.0,0.31,50.0,0.56,10.6,0.57,8.56,0.44,10.6,0.43,8.56,0.59,50.0,0.69,50.0,0.15,0.15,618.508051,1776218077000
1776218080.474,280.474,0.41,50.0,0.31,50.0,0.56,10.6,0.57,8.56,0.44,10.6,0.43,8.56,0.59,50.0,0.69,50.0,0.15,0.15,618.516059,1776218079000
1776218080.902,280.902,0.41,50.0,0.31,50.0,0.56,10.6,0.57,8.56,0.44,10.6,0.43,8.56,0.59,50.0,0.69,50.0,0.15,0.15,618.538061,1776218080000
1776218082.048,282.048,0.41,50.0,0.31,50.0,0.56,10.6,0.57,8.56,0.44,10.6,0.43,8.56,0.59,50.0,0.69,50.0,0.15,0.15,618.538061,1776218081000
1776218083.076,283.076,0.41,50.0,0.31,50.0,0.56,10.6,0.57,8.56,0.44,10.6,0.43,8.56,0.59,50.0,0.69,50.0,0.15,0.15,618.538061,1776218082000
1776218084.142,284.142,0.41,50.0,0.31,50.0,0.56,10.6,0.57,8.56,0.44,10.6,0.43,8.56,0.59,50.0,0.69,50.0,0.15,0.15,618.598111,1776218083000
1776218085.392,285.392,0.41,50.0,0.31,50.0,0.56,10.6,0.57,8.56,0.44,10.6,0.43,8.56,0.59,50.0,0.69,50.0,0.15,0.15,618.598094,1776218084000
1776218085.831,285.831,0.41,50.0,0.31,50.0,0.56,10.6,0.57,8.56,0.44,10.6,0.43,8.56,0.59,50.0,0.69,50.0,0.15,0.15,618.598774,1776218085000
1776218086.863,286.863,0.61,50.0,0.51,55.0,0.98,44.6,0.99,350.0,0.02,44.6,0.01,350.0,0.39,50.0,0.49,55.0,0.37,0.37,618.598455,1776218086000
1776218087.954,287.954,0.61,50.0,0.51,55.0,0.98,44.6,0.99,350.0,0.02,44.6,0.01,350.0,0.39,50.0,0.49,55.0,0.37,0.37,618.598597,1776218087000
1776218089.088,289.088,0.61,50.0,0.51,55.0,0.98,44.6,0.99,350.0,0.02,44.6,0.01,350.0,0.39,50.0,0.49,55.0,0.37,0.37,618.596134,1776218088000
1776218089.522,289.522,0.93,5.38,0.71,50.0,0.98,24.19,0.99,350.0,0.02,44.6,0.01,350.0,0.39,50.0,0.49,55.0,0.05,0.37,618.596134,1776218088000
1776218090.078,290.078,0.93,5.38,0.71,50.0,0.98,24.19,0.99,350.0,0.02,24.19,0.01,350.0,0.07,5.38,0.29,50.0,0.05,0.05,618.595801,1776218089000
1776218091.026,291.026,0.93,5.38,0.91,50.0,0.99,216.59,,,0.02,24.19,0.01,350.0,0.07,5.38,0.29,50.0,0.06,0.05,618.595801,1776218089000
1776218092.213,292.213,0.93,5.38,0.91,50.0,0.99,108.59,,,0.01,216.59,,,0.07,5.38,0.09,50.0,0.06,0.06,618.595924,1776218090000
1776218092.439,292.439,0.93,5.38,0.91,50.0,0.99,103.59,,,0.01,108.59,,,0.07,5.38,0.09,50.0,0.06,0.06,618.597478,1776218091000
1776218092.845,292.845,0.93,5.38,0.91,50.0,0.99,97.59,,,0.01,103.59,,,0.07,5.38,0.09,50.0,0.06,0.06,618.597478,1776218091000
1776218093.327,293.327,0.93,5.38,0.91,50.0,0.99,92.54,,,0.01,92.54,,,0.07,5.38,0.09,50.0,0.06,0.06,618.704177,1776218092000
1776218093.729,293.729,0.93,5.38,0.91,50.0,0.99,72.33,,,0.01,92.54,,,0.07,5.38,0.09,50.0,0.06,0.06,618.704177,1776218092000
1776218094.334,294.334,0.93,5.38,0.91,50.0,0.99,67.33,,,0.01,72.33,,,0.07,5.38,0.09,50.0,0.06,0.06,618.704177,1776218092000
1776218094.996,294.996,0.93,5.38,0.91,50.0,0.99,67.33,,,0.01,67.33,,,0.07,5.38,0.09,50.0,0.06,0.06,618.701781,1776218094000
1776218095.706,295.706,0.93,5.38,0.91,50.0,0.99,48.33,,,0.01,67.33,,,0.07,5.38,0.09,50.0,0.06,0.06,618.701781,1776218094000
1776218096.155,296.155,0.93,5.38,0.91,50.0,0.99,48.33,,,0.01,48.33,,,0.07,5.38,0.09,50.0,0.06,0.06,618.691919,1776218095000
1776218096.466,296.466,0.93,5.38,0.91,50.0,0.99,47.22,,,0.01,48.33,,,0.07,5.38,0.09,50.0,0.06,0.06,618.691919,1776218095000
1776218097.219,297.219,0.93,5.38,0.91,50.0,0.99,47.22,,,0.01,47.22,,,0.07,5.38,0.09,50.0,0.06,0.06,618.687517,1776218096000
1776218097.588,297.588,0.93,5.38,0.91,50.0,0.99,32.97,,,0.01,38.02,,,0.07,5.38,0.09,50.0,0.06,0.06,618.687517,1776218096000
1776218097.806,297.806,0.93,5.38,0.91,50.0,0.99,22.97,,,0.01,32.97,,,0.07,5.38,0.09,50.0,0.06,0.06,618.687517,1776218096000
1776218098.616,298.616,0.93,5.38,0.91,50.0,,,,,,,,,0.07,5.38,0.09,50.0,,,618.687435,1776218097000
1776218099.202,299.202,0.93,5.38,0.91,50.0,,,,,,,,,0.07,5.38,0.09,50.0,,,618.693532,1776218098000
1776218099.777,299.777,0.99,15651.97,0.93,5.38,,,,,,,,,0.07,5.38,0.09,50.0,,,618.693532,1776218098000
1776218100.428,300.428,0.99,15651.97,0.93,5.38,,,,,,,,,0.01,15651.97,0.07,5.38,,,618.695463,1776218099000
1776218101.055,301.055,0.99,15651.97,0.93,5.38,,,,,,,,,0.01,15651.97,0.07,5.38,,,618.695565,1776218100000
1776218102.22,302.22,0.99,15651.97,0.93,5.38,,,,,,,,,0.01,15651.97,0.07,5.38,,,618.695565,1776218101000

# RESULT,winner=Up,slug=bnb-updown-5m-1776217800,ticks=323
