timestamp,elapsed_sec,up_bid_p1,up_bid_s1,up_bid_p2,up_bid_s2,up_ask_p1,up_ask_s1,up_ask_p2,up_ask_s2,down_bid_p1,down_bid_s1,down_bid_p2,down_bid_s2,down_ask_p1,down_ask_s1,down_ask_p2,down_ask_s2,up_spread,down_spread,bnb_price,bnb_oracle_ts
1776191401.203,1.203,,,,,,,,,,,,,,,,,,,617.592555,1776191400000
1776191401.589,1.589,0.35,6.26,0.33,300.0,0.65,6.26,0.67,300.0,0.35,6.26,0.33,300.0,0.55,11.0,0.65,6.26,0.3,0.2,617.592555,1776191400000
1776191402.129,2.129,0.45,11.0,0.35,6.26,0.65,6.26,0.67,300.0,0.35,6.26,0.33,300.0,0.55,11.0,0.65,6.26,0.2,0.2,617.592555,1776191400000
1776191403.231,3.231,0.45,11.0,0.35,6.26,0.65,6.26,0.67,300.0,0.35,6.26,0.33,300.0,0.55,11.0,0.65,6.26,0.2,0.2,617.593568,1776191402000
1776191404.258,4.258,0.45,11.0,0.35,6.26,0.65,6.26,0.67,300.0,0.35,6.26,0.33,300.0,0.55,11.0,0.65,6.26,0.2,0.2,617.592232,1776191403000
1776191405.304,5.304,0.45,11.0,0.35,6.26,0.65,6.26,0.67,300.0,0.35,6.26,0.33,300.0,0.55,11.0,0.65,6.26,0.2,0.2,617.592119,1776191404000
1776191406.345,6.345,0.45,11.0,0.35,6.26,0.65,6.26,0.67,300.0,0.35,6.26,0.33,300.0,0.55,11.0,0.65,6.26,0.2,0.2,617.571834,1776191405000
1776191407.322,7.322,0.45,11.0,0.35,6.26,0.65,6.26,0.67,300.0,0.35,6.26,0.33,300.0,0.55,11.0,0.65,6.26,0.2,0.2,617.487,1776191406000
1776191408.565,8.565,0.45,11.0,0.35,6.26,0.65,6.26,0.67,300.0,0.35,6.26,0.33,300.0,0.55,11.0,0.65,6.26,0.2,0.2,617.515,1776191407000
1776191409.169,9.169,0.45,11.0,0.35,6.26,0.65,6.26,0.67,300.0,0.35,6.26,0.33,300.0,0.55,11.0,0.65,6.26,0.2,0.2,617.515,1776191408000
1776191410.092,10.092,0.45,11.0,0.35,6.26,0.65,6.26,0.67,300.0,0.35,6.26,0.33,300.0,0.55,11.0,0.65,6.26,0.2,0.2,617.49856,1776191409000
1776191411.143,11.143,0.45,11.0,0.35,6.26,0.65,6.26,0.67,300.0,0.35,6.26,0.33,300.0,0.55,11.0,0.65,6.26,0.2,0.2,617.562344,1776191410000
1776191412.174,12.174,0.45,11.0,0.35,6.26,0.65,6.26,0.67,300.0,0.35,6.26,0.33,300.0,0.55,11.0,0.65,6.26,0.2,0.2,617.583601,1776191411000
1776191413.184,13.184,0.45,11.0,0.35,6.26,0.65,6.26,0.67,300.0,0.35,6.26,0.33,300.0,0.55,11.0,0.65,6.26,0.2,0.2,617.608,1776191412000
1776191414.787,14.787,0.45,11.0,0.35,6.26,0.65,6.26,0.67,300.0,0.35,6.26,0.33,300.0,0.55,11.0,0.65,6.26,0.2,0.2,617.595213,1776191413000
1776191415.612,15.612,0.45,11.0,0.35,6.26,0.65,6.26,0.67,300.0,0.35,6.26,0.33,300.0,0.55,11.0,0.65,6.26,0.2,0.2,617.594902,1776191414000
1776191416.253,16.253,0.45,11.0,0.35,6.26,0.65,6.26,0.67,300.0,0.35,6.26,0.33,300.0,0.55,11.0,0.65,6.26,0.2,0.2,617.615453,1776191415000
1776191417.8,17.8,0.45,11.0,0.35,6.26,0.65,6.26,0.67,300.0,0.35,6.26,0.33,300.0,0.55,11.0,0.65,6.26,0.2,0.2,617.623483,1776191416000
1776191418.401,18.401,0.45,11.0,0.35,6.26,0.65,6.26,0.67,300.0,0.35,6.26,0.33,300.0,0.55,11.0,0.65,6.26,0.2,0.2,617.623672,1776191417000
1776191419.166,19.166,0.45,11.0,0.35,6.26,0.65,6.26,0.67,300.0,0.35,6.26,0.33,300.0,0.55,11.0,0.65,6.26,0.2,0.2,617.623594,1776191418000
1776191420.363,20.363,0.45,11.0,0.35,6.26,0.65,6.26,0.67,300.0,0.35,6.26,0.33,300.0,0.55,11.0,0.65,6.26,0.2,0.2,617.623444,1776191419000
1776191421.469,21.469,0.45,11.0,0.35,6.26,0.65,6.26,0.67,300.0,0.35,6.26,0.33,300.0,0.55,11.0,0.65,6.26,0.2,0.2,617.664577,1776191420000
1776191422.037,22.037,0.45,11.0,0.35,6.26,0.65,6.26,0.67,300.0,0.35,6.26,0.33,300.0,0.55,11.0,0.65,6.26,0.2,0.2,617.665111,1776191421000
1776191422.28,22.28,0.55,10.0,0.5,5.39,0.59,5.0,0.64,5.0,0.35,6.26,0.33,300.0,0.55,11.0,0.65,6.26,0.04,0.2,617.665111,1776191421000
1776191423.206,23.206,0.55,10.0,0.5,5.39,0.59,5.0,0.64,5.0,0.41,5.0,0.36,5.0,0.45,10.0,0.5,5.39,0.04,0.04,617.708454,1776191422000
1776191424.342,24.342,0.55,10.0,0.5,5.39,0.59,5.0,0.64,5.0,0.41,5.0,0.36,5.0,0.45,10.0,0.5,5.39,0.04,0.04,617.73494,1776191423000
1776191425.466,25.466,0.55,10.0,0.5,5.39,0.59,5.0,0.64,5.0,0.41,5.0,0.36,5.0,0.45,10.0,0.5,5.39,0.04,0.04,617.790736,1776191424000
1776191426.054,26.054,0.55,10.0,0.5,5.39,0.59,5.0,0.64,5.0,0.41,5.0,0.36,5.0,0.45,10.0,0.5,5.39,0.04,0.04,617.826106,1776191425000
1776191427.13,27.13,0.55,10.0,0.5,5.39,0.59,5.0,0.64,5.0,0.41,5.0,0.36,5.0,0.45,10.0,0.5,5.39,0.04,0.04,617.843909,1776191426000
1776191428.375,28.375,0.63,10.0,0.58,5.0,0.64,5.79,0.65,6.26,0.36,5.79,0.35,6.26,0.37,10.0,0.42,5.0,0.01,0.01,617.846527,1776191427000
1776191429.511,29.511,0.63,10.0,0.58,5.0,0.64,5.79,0.65,6.26,0.36,5.79,0.35,6.26,0.37,10.0,0.42,5.0,0.01,0.01,617.853155,1776191428000
1776191430.831,30.831,0.63,10.0,0.58,5.0,0.64,5.79,0.65,6.26,0.36,5.79,0.35,6.26,0.37,10.0,0.42,5.0,0.01,0.01,617.850957,1776191429000
1776191431.406,31.406,0.63,10.0,0.58,5.0,0.64,5.79,0.65,6.26,0.36,5.79,0.35,6.26,0.37,10.0,0.42,5.0,0.01,0.01,617.850955,1776191430000
1776191432.041,32.041,0.63,10.0,0.58,5.0,0.64,5.79,0.65,6.26,0.36,5.79,0.35,6.26,0.37,10.0,0.42,5.0,0.01,0.01,617.851027,1776191431000
1776191433.295,33.295,0.63,10.0,0.58,5.0,0.64,5.79,0.65,6.26,0.36,5.79,0.35,6.26,0.37,10.0,0.42,5.0,0.01,0.01,617.8516,1776191432000
1776191434.352,34.352,0.63,10.0,0.58,5.0,0.64,5.79,0.65,6.26,0.36,5.79,0.35,6.26,0.37,10.0,0.42,5.0,0.01,0.01,617.849985,1776191433000
1776191434.643,34.643,0.63,10.0,0.58,5.0,0.65,6.26,0.72,5.0,0.36,5.79,0.35,6.26,0.37,10.0,0.42,5.0,0.02,0.01,617.849985,1776191433000
1776191434.931,34.931,0.63,10.0,0.58,5.0,0.65,6.26,0.72,5.0,0.35,6.26,0.28,5.0,0.37,10.0,0.42,5.0,0.02,0.02,617.849978,1776191434000
1776191436.013,36.013,0.63,10.0,0.58,5.0,0.65,6.26,0.72,5.0,0.35,6.26,0.28,5.0,0.37,10.0,0.42,5.0,0.02,0.02,617.851552,1776191435000
1776191436.296,36.296,0.63,5.0,0.58,5.0,0.64,10.0,0.65,6.26,0.35,6.26,0.28,5.0,0.37,10.0,0.42,5.0,0.01,0.02,617.851552,1776191435000
1776191437.334,37.334,0.63,5.0,0.58,5.0,0.64,10.0,0.65,6.26,0.36,10.0,0.35,6.26,0.37,5.0,0.42,5.0,0.01,0.01,617.850568,1776191436000
1776191437.956,37.956,0.63,5.0,0.58,5.0,0.64,10.0,0.65,6.26,0.36,10.0,0.35,6.26,0.37,5.0,0.42,5.0,0.01,0.01,617.848254,1776191437000
1776191439.118,39.118,0.63,5.0,0.58,5.0,0.64,10.0,0.65,6.26,0.36,10.0,0.35,6.26,0.37,5.0,0.42,5.0,0.01,0.01,617.842381,1776191438000
1776191440.262,40.262,0.63,5.0,0.58,5.0,0.64,10.0,0.65,6.26,0.36,10.0,0.35,6.26,0.37,5.0,0.42,5.0,0.01,0.01,617.842359,1776191439000
1776191441.594,41.594,0.63,5.0,0.58,5.0,0.64,10.0,0.65,6.26,0.36,10.0,0.35,6.26,0.37,5.0,0.42,5.0,0.01,0.01,617.842589,1776191440000
1776191443.183,43.183,0.63,5.0,0.58,5.0,0.64,10.0,0.65,6.26,0.36,10.0,0.35,6.26,0.37,5.0,0.42,5.0,0.01,0.01,617.844487,1776191442000
1776191444.23,44.23,0.63,5.0,0.61,5.0,0.65,0.67,0.72,5.0,0.36,10.0,0.35,6.26,0.37,5.0,0.42,5.0,0.02,0.01,617.844487,1776191442000
1776191444.886,44.886,0.63,5.0,0.61,5.0,0.65,0.67,0.72,5.0,0.35,0.67,0.28,5.0,0.37,5.0,0.39,5.0,0.02,0.02,617.844637,1776191444000
1776191445.499,45.499,0.64,5.0,0.61,5.0,0.65,8.67,0.72,5.0,0.35,0.67,0.28,5.0,0.37,5.0,0.39,5.0,0.01,0.02,617.844637,1776191444000
1776191446.048,46.048,0.64,5.0,0.61,5.0,0.65,8.67,0.72,5.0,0.35,8.67,0.28,5.0,0.36,5.0,0.39,5.0,0.01,0.01,617.844146,1776191445000
1776191446.957,46.957,0.64,5.0,0.61,5.0,0.65,8.67,0.72,5.0,0.35,8.67,0.28,5.0,0.36,5.0,0.39,5.0,0.01,0.01,617.844146,1776191446000
1776191447.953,47.953,0.64,5.0,0.61,5.0,0.65,8.67,0.72,5.0,0.35,8.67,0.28,5.0,0.36,5.0,0.39,5.0,0.01,0.01,617.842464,1776191447000
1776191449.028,49.028,0.64,5.0,0.61,5.0,0.65,8.67,0.72,5.0,0.35,8.67,0.28,5.0,0.36,5.0,0.39,5.0,0.01,0.01,617.842558,1776191448000
1776191450.061,50.061,0.64,5.0,0.61,5.0,0.65,8.67,0.72,5.0,0.35,8.67,0.28,5.0,0.36,5.0,0.39,5.0,0.01,0.01,617.843636,1776191449000
1776191451.018,51.018,0.64,5.0,0.61,5.0,0.65,8.67,0.72,5.0,0.35,8.67,0.28,5.0,0.36,5.0,0.39,5.0,0.01,0.01,617.846824,1776191450000
1776191452.058,52.058,0.64,5.0,0.61,5.0,0.65,8.67,0.72,5.0,0.35,8.67,0.28,5.0,0.36,5.0,0.39,5.0,0.01,0.01,617.846936,1776191451000
1776191453.037,53.037,0.64,5.0,0.61,5.0,0.65,8.67,0.72,5.0,0.35,8.67,0.28,5.0,0.36,5.0,0.39,5.0,0.01,0.01,617.846589,1776191452000
1776191454.182,54.182,0.64,5.0,0.61,5.0,0.65,8.67,0.72,5.0,0.35,8.67,0.28,5.0,0.36,5.0,0.39,5.0,0.01,0.01,617.844237,1776191453000
1776191455.208,55.208,0.64,5.0,0.61,5.0,0.65,8.67,0.72,5.0,0.35,8.67,0.28,5.0,0.36,5.0,0.39,5.0,0.01,0.01,617.845928,1776191454000
1776191456.286,56.286,0.64,5.0,0.61,5.0,0.65,8.67,0.72,5.0,0.35,8.67,0.28,5.0,0.36,5.0,0.39,5.0,0.01,0.01,617.849424,1776191455000
1776191457.342,57.342,0.64,5.0,0.61,5.0,0.65,8.67,0.72,5.0,0.35,8.67,0.28,5.0,0.36,5.0,0.39,5.0,0.01,0.01,617.851408,1776191456000
1776191458.439,58.439,0.64,5.0,0.61,5.0,0.65,8.67,0.72,5.0,0.35,8.67,0.28,5.0,0.36,5.0,0.39,5.0,0.01,0.01,617.879212,1776191457000
1776191459.404,59.404,0.64,5.0,0.61,5.0,0.65,8.67,0.72,5.0,0.35,8.67,0.28,5.0,0.36,5.0,0.39,5.0,0.01,0.01,617.880268,1776191458000
1776191460.62,60.62,0.64,5.0,0.61,5.0,0.65,8.67,0.72,5.0,0.35,8.67,0.28,5.0,0.36,5.0,0.39,5.0,0.01,0.01,617.921445,1776191459000
1776191461.269,61.269,0.64,5.0,0.61,5.0,0.65,8.67,0.72,5.0,0.35,8.67,0.28,5.0,0.36,5.0,0.39,5.0,0.01,0.01,617.921445,1776191460000
1776191462.22,62.22,0.64,5.0,0.61,5.0,0.65,8.67,0.72,5.0,0.35,8.67,0.28,5.0,0.36,5.0,0.39,5.0,0.01,0.01,617.950459,1776191461000
1776191463.353,63.353,0.64,5.0,0.61,5.0,0.65,8.67,0.72,5.0,0.35,8.67,0.28,5.0,0.36,5.0,0.39,5.0,0.01,0.01,617.950459,1776191462000
1776191464.061,64.061,0.64,5.0,0.61,5.0,0.65,8.67,0.72,5.0,0.35,8.67,0.28,5.0,0.36,5.0,0.39,5.0,0.01,0.01,617.950182,1776191463000
1776191465.182,65.182,0.64,5.0,0.61,5.0,0.65,8.67,0.72,5.0,0.35,8.67,0.28,5.0,0.36,5.0,0.39,5.0,0.01,0.01,617.946933,1776191464000
1776191466.401,66.401,0.64,5.0,0.61,5.0,0.65,8.67,0.72,5.0,0.35,8.67,0.28,5.0,0.36,5.0,0.39,5.0,0.01,0.01,617.941009,1776191465000
1776191466.924,66.924,0.64,5.0,0.61,5.0,0.65,8.67,0.72,5.0,0.35,8.67,0.28,5.0,0.36,5.0,0.39,5.0,0.01,0.01,617.941073,1776191466000
1776191468.252,68.252,0.64,5.0,0.61,5.0,0.65,8.67,0.72,5.0,0.35,8.67,0.28,5.0,0.36,5.0,0.39,5.0,0.01,0.01,617.941072,1776191467000
1776191469.38,69.38,0.64,5.0,0.61,5.0,0.65,8.67,0.72,5.0,0.35,8.67,0.28,5.0,0.36,5.0,0.39,5.0,0.01,0.01,617.941242,1776191468000
1776191470.506,70.506,0.64,5.0,0.61,5.0,0.65,8.67,0.72,5.0,0.35,8.67,0.28,5.0,0.36,5.0,0.39,5.0,0.01,0.01,617.940154,1776191469000
1776191471.035,71.035,0.64,5.0,0.61,5.0,0.65,8.67,0.72,5.0,0.35,8.67,0.28,5.0,0.36,5.0,0.39,5.0,0.01,0.01,617.939894,1776191470000
1776191472.174,72.174,0.64,5.0,0.61,5.0,0.65,8.67,0.72,5.0,0.35,8.67,0.28,5.0,0.36,5.0,0.39,5.0,0.01,0.01,617.921746,1776191471000
1776191473.371,73.371,0.64,5.0,0.61,5.0,0.65,8.67,0.72,5.0,0.35,8.67,0.28,5.0,0.36,5.0,0.39,5.0,0.01,0.01,617.921702,1776191472000
1776191474.5,74.5,0.64,5.0,0.61,5.0,0.65,8.67,0.72,5.0,0.35,8.67,0.28,5.0,0.36,5.0,0.39,5.0,0.01,0.01,617.923094,1776191473000
1776191475.707,75.707,0.64,5.0,0.61,5.0,0.65,8.67,0.72,5.0,0.35,8.67,0.28,5.0,0.36,5.0,0.39,5.0,0.01,0.01,617.923705,1776191474000
1776191476.29,76.29,0.64,5.0,0.61,5.0,0.65,8.67,0.72,5.0,0.35,8.67,0.28,5.0,0.36,5.0,0.39,5.0,0.01,0.01,617.923291,1776191475000
1776191477.279,77.279,0.64,5.0,0.61,5.0,0.65,8.67,0.72,5.0,0.35,8.67,0.28,5.0,0.36,5.0,0.39,5.0,0.01,0.01,617.81414,1776191476000
1776191478.259,78.259,0.64,5.0,0.61,5.0,0.65,8.67,0.72,5.0,0.35,8.67,0.28,5.0,0.36,5.0,0.39,5.0,0.01,0.01,617.791971,1776191477000
1776191479.5,79.5,0.64,5.0,0.61,5.0,0.65,8.67,0.72,5.0,0.35,8.67,0.28,5.0,0.36,5.0,0.39,5.0,0.01,0.01,617.810105,1776191478000
1776191480.102,80.102,0.64,5.0,0.61,5.0,0.65,8.67,0.72,5.0,0.35,8.67,0.28,5.0,0.36,5.0,0.39,5.0,0.01,0.01,617.809098,1776191479000
1776191481.15,81.15,0.64,5.0,0.61,5.0,0.65,8.67,0.72,5.0,0.35,8.67,0.28,5.0,0.36,5.0,0.39,5.0,0.01,0.01,617.811,1776191480000
1776191482.358,82.358,0.64,5.0,0.61,5.0,0.65,8.67,0.72,5.0,0.35,8.67,0.28,5.0,0.36,5.0,0.39,5.0,0.01,0.01,617.811,1776191481000
1776191483.193,83.193,0.64,5.0,0.61,5.0,0.65,8.67,0.72,5.0,0.35,8.67,0.28,5.0,0.36,5.0,0.39,5.0,0.01,0.01,617.826,1776191482000
1776191484.388,84.388,0.64,5.0,0.61,5.0,0.65,8.67,0.72,5.0,0.35,8.67,0.28,5.0,0.36,5.0,0.39,5.0,0.01,0.01,617.868,1776191483000
1776191484.869,84.869,0.64,5.0,0.61,5.0,0.65,8.67,0.72,5.0,0.35,8.67,0.28,5.0,0.36,5.0,0.39,5.0,0.01,0.01,617.868,1776191484000
1776191486.164,86.164,0.64,5.0,0.61,5.0,0.65,8.67,0.72,5.0,0.35,8.67,0.28,5.0,0.36,5.0,0.39,5.0,0.01,0.01,617.873,1776191485000
1776191487.163,87.163,0.64,5.0,0.61,5.0,0.65,8.67,0.72,5.0,0.35,8.67,0.28,5.0,0.36,5.0,0.39,5.0,0.01,0.01,617.873,1776191486000
1776191487.455,87.455,0.68,5.0,0.67,5.0,0.7,5.19,0.78,20.2,0.35,8.67,0.28,5.0,0.36,5.0,0.39,5.0,0.02,0.01,617.873,1776191486000
1776191488.215,88.215,0.68,5.0,0.67,5.0,0.7,5.19,0.78,20.2,0.3,5.19,0.22,20.2,0.32,5.0,0.33,5.0,0.02,0.02,617.857,1776191487000
1776191488.948,88.948,0.67,11.96,0.64,16.3,0.78,20.2,0.79,15.7,0.3,5.19,0.22,20.2,0.32,5.0,0.33,5.0,0.11,0.02,617.857,1776191487000
1776191489.86,89.86,0.67,11.96,0.64,16.3,0.78,20.2,0.79,15.7,0.22,20.2,0.21,15.7,0.33,11.96,0.36,16.3,0.11,0.11,617.896746,1776191488000
1776191490.595,90.595,0.67,11.96,0.64,16.3,0.78,20.2,0.79,15.7,0.22,20.2,0.21,15.7,0.33,11.96,0.36,16.3,0.11,0.11,617.897666,1776191489000
1776191491.17,91.17,0.67,11.96,0.64,16.3,0.78,20.2,0.79,15.7,0.22,20.2,0.21,15.7,0.33,11.96,0.36,16.3,0.11,0.11,617.897667,1776191490000
1776191491.433,91.433,0.67,12.91,0.65,11.4,0.78,15.2,0.79,20.7,0.22,20.2,0.21,15.7,0.33,11.96,0.36,16.3,0.11,0.11,617.897667,1776191490000
1776191492.685,92.685,0.67,12.91,0.65,11.4,0.78,15.2,0.79,20.7,0.22,15.2,0.21,20.7,0.33,12.91,0.35,11.4,0.11,0.11,617.897662,1776191491000
1776191493.37,93.37,0.67,12.91,0.65,11.4,0.78,15.2,0.79,20.7,0.22,15.2,0.21,20.7,0.33,12.91,0.35,11.4,0.11,0.11,617.897662,1776191492000
1776191494.695,94.695,0.67,12.91,0.65,11.4,0.78,15.2,0.79,20.7,0.22,15.2,0.21,20.7,0.33,12.91,0.35,11.4,0.11,0.11,617.900539,1776191493000
1776191495.365,95.365,0.67,12.91,0.65,11.4,0.78,15.2,0.79,20.7,0.22,15.2,0.21,20.7,0.33,12.91,0.35,11.4,0.11,0.11,617.900539,1776191494000
1776191496.294,96.294,0.67,12.91,0.65,11.4,0.78,15.2,0.79,20.7,0.22,15.2,0.21,20.7,0.33,12.91,0.35,11.4,0.11,0.11,617.898771,1776191495000
1776191497.391,97.391,0.67,12.91,0.65,11.4,0.78,15.2,0.79,20.7,0.22,15.2,0.21,20.7,0.33,12.91,0.35,11.4,0.11,0.11,617.899474,1776191496000
1776191498.094,98.094,0.67,12.91,0.65,11.4,0.78,15.2,0.79,20.7,0.22,15.2,0.21,20.7,0.33,12.91,0.35,11.4,0.11,0.11,617.899763,1776191497000
1776191499.737,99.737,0.67,12.91,0.65,11.4,0.78,15.2,0.79,20.7,0.22,15.2,0.21,20.7,0.33,12.91,0.35,11.4,0.11,0.11,617.899773,1776191498000
1776191500.559,100.559,0.67,12.91,0.65,11.4,0.78,15.2,0.79,20.7,0.22,15.2,0.21,20.7,0.33,12.91,0.35,11.4,0.11,0.11,617.899645,1776191499000
1776191501.178,101.178,0.67,12.91,0.65,11.4,0.78,15.2,0.79,20.7,0.22,15.2,0.21,20.7,0.33,12.91,0.35,11.4,0.11,0.11,617.895136,1776191500000
1776191502.491,102.491,0.67,12.91,0.65,11.4,0.78,15.2,0.79,20.7,0.22,15.2,0.21,20.7,0.33,12.91,0.35,11.4,0.11,0.11,617.897646,1776191501000
1776191503.073,103.073,0.67,12.91,0.65,11.4,0.78,15.2,0.79,20.7,0.22,15.2,0.21,20.7,0.33,12.91,0.35,11.4,0.11,0.11,617.896061,1776191502000
1776191504.374,104.374,0.67,12.91,0.65,11.4,0.78,15.2,0.79,20.7,0.22,15.2,0.21,20.7,0.33,12.91,0.35,11.4,0.11,0.11,617.896738,1776191503000
1776191505.654,105.654,0.67,12.91,0.65,11.4,0.78,15.2,0.79,20.7,0.22,15.2,0.21,20.7,0.33,12.91,0.35,11.4,0.11,0.11,617.897503,1776191504000
1776191506.94,106.94,0.67,12.91,0.65,11.4,0.78,15.2,0.79,20.7,0.22,15.2,0.21,20.7,0.33,12.91,0.35,11.4,0.11,0.11,617.894085,1776191505000
1776191507.558,107.558,0.67,12.91,0.65,11.4,0.78,15.2,0.79,20.7,0.22,15.2,0.21,20.7,0.33,12.91,0.35,11.4,0.11,0.11,617.895712,1776191506000
1776191508.104,108.104,0.67,12.91,0.65,11.4,0.78,15.2,0.79,20.7,0.22,15.2,0.21,20.7,0.33,12.91,0.35,11.4,0.11,0.11,617.895712,1776191507000
1776191509.215,109.215,0.67,12.91,0.65,11.4,0.78,15.2,0.79,20.7,0.22,15.2,0.21,20.7,0.33,12.91,0.35,11.4,0.11,0.11,617.893454,1776191508000
1776191510.323,110.323,0.67,12.91,0.65,11.4,0.78,15.2,0.79,20.7,0.22,15.2,0.21,20.7,0.33,12.91,0.35,11.4,0.11,0.11,617.893691,1776191509000
1776191511.442,111.442,0.67,12.91,0.65,11.4,0.78,15.2,0.79,20.7,0.22,15.2,0.21,20.7,0.33,12.91,0.35,11.4,0.11,0.11,617.894617,1776191510000
1776191511.999,111.999,0.67,12.91,0.65,11.4,0.78,15.2,0.79,20.7,0.22,15.2,0.21,20.7,0.33,12.91,0.35,11.4,0.11,0.11,617.893429,1776191511000
1776191513.086,113.086,0.67,12.91,0.65,11.4,0.78,15.2,0.79,20.7,0.22,15.2,0.21,20.7,0.33,12.91,0.35,11.4,0.11,0.11,617.893504,1776191512000
1776191514.243,114.243,0.67,12.91,0.65,11.4,0.78,15.2,0.79,20.7,0.22,15.2,0.21,20.7,0.33,12.91,0.35,11.4,0.11,0.11,617.894002,1776191513000
1776191515.302,115.302,0.67,12.91,0.65,11.4,0.78,15.2,0.79,20.7,0.22,15.2,0.21,20.7,0.33,12.91,0.35,11.4,0.11,0.11,617.894,1776191514000
1776191516.421,116.421,0.67,12.91,0.65,11.4,0.78,15.2,0.79,20.7,0.22,15.2,0.21,20.7,0.33,12.91,0.35,11.4,0.11,0.11,617.894,1776191515000
1776191517.065,117.065,0.67,12.91,0.65,11.4,0.78,15.2,0.79,20.7,0.22,15.2,0.21,20.7,0.33,12.91,0.35,11.4,0.11,0.11,617.892479,1776191516000
1776191518.034,118.034,0.67,12.91,0.65,11.4,0.78,15.2,0.79,20.7,0.22,15.2,0.21,20.7,0.33,12.91,0.35,11.4,0.11,0.11,617.891974,1776191517000
1776191519.013,119.013,0.67,12.91,0.65,11.4,0.78,15.2,0.79,20.7,0.22,15.2,0.21,20.7,0.33,12.91,0.35,11.4,0.11,0.11,617.887568,1776191518000
1776191520.087,120.087,0.67,12.91,0.65,11.4,0.78,15.2,0.79,20.7,0.22,15.2,0.21,20.7,0.33,12.91,0.35,11.4,0.11,0.11,617.887504,1776191519000
1776191520.937,120.937,0.67,12.91,0.65,11.4,0.78,15.2,0.79,20.7,0.22,15.2,0.21,20.7,0.33,12.91,0.35,11.4,0.11,0.11,617.890112,1776191520000
1776191522.129,122.129,0.67,12.91,0.65,11.4,0.78,15.2,0.79,20.7,0.22,15.2,0.21,20.7,0.33,12.91,0.35,11.4,0.11,0.11,617.890206,1776191521000
1776191523.23,123.23,0.67,12.91,0.65,11.4,0.78,15.2,0.79,20.7,0.22,15.2,0.21,20.7,0.33,12.91,0.35,11.4,0.11,0.11,617.888185,1776191522000
1776191524.399,124.399,0.67,12.91,0.65,11.4,0.78,15.2,0.79,20.7,0.22,15.2,0.21,20.7,0.33,12.91,0.35,11.4,0.11,0.11,617.887807,1776191523000
1776191524.99,124.99,0.67,12.91,0.65,11.4,0.78,15.2,0.79,20.7,0.22,15.2,0.21,20.7,0.33,12.91,0.35,11.4,0.11,0.11,617.88779,1776191524000
1776191526.008,126.008,0.67,12.91,0.65,11.4,0.78,15.2,0.79,20.7,0.22,15.2,0.21,20.7,0.33,12.91,0.35,11.4,0.11,0.11,617.884611,1776191525000
1776191527.152,127.152,0.67,12.91,0.65,11.4,0.78,15.2,0.79,20.7,0.22,15.2,0.21,20.7,0.33,12.91,0.35,11.4,0.11,0.11,617.884611,1776191526000
1776191528.322,128.322,0.67,12.91,0.65,11.4,0.78,15.2,0.79,20.7,0.22,15.2,0.21,20.7,0.33,12.91,0.35,11.4,0.11,0.11,617.889008,1776191527000
1776191529.397,129.397,0.67,12.91,0.65,11.4,0.78,15.2,0.79,20.7,0.22,15.2,0.21,20.7,0.33,12.91,0.35,11.4,0.11,0.11,617.891081,1776191528000
1776191530.466,130.466,0.67,12.91,0.65,11.4,0.78,15.2,0.79,20.7,0.22,15.2,0.21,20.7,0.33,12.91,0.35,11.4,0.11,0.11,617.894529,1776191529000
1776191531.062,131.062,0.67,12.91,0.65,11.4,0.78,15.2,0.79,20.7,0.22,15.2,0.21,20.7,0.33,12.91,0.35,11.4,0.11,0.11,617.894592,1776191530000
1776191531.404,131.404,0.76,6.0,0.69,5.0,0.8,13.7,0.81,16.89,0.22,15.2,0.21,20.7,0.33,12.91,0.35,11.4,0.04,0.11,617.894592,1776191530000
1776191532.04,132.04,0.76,6.0,0.69,5.0,0.8,13.7,0.81,16.89,0.2,13.7,0.19,16.89,0.24,6.0,0.31,5.0,0.04,0.04,617.894569,1776191531000
1776191533.181,133.181,0.76,6.0,0.69,5.0,0.8,13.7,0.81,16.89,0.2,13.7,0.19,16.89,0.24,6.0,0.31,5.0,0.04,0.04,617.894703,1776191532000
1776191534.288,134.288,0.76,6.0,0.69,5.0,0.8,13.7,0.81,16.89,0.2,13.7,0.19,16.89,0.24,6.0,0.31,5.0,0.04,0.04,617.892061,1776191533000
1776191535.197,135.197,0.76,6.0,0.69,5.0,0.8,13.7,0.81,16.89,0.2,13.7,0.19,16.89,0.24,6.0,0.31,5.0,0.04,0.04,617.913027,1776191534000
1776191536.326,136.326,0.76,6.0,0.69,5.0,0.8,13.7,0.81,16.89,0.2,13.7,0.19,16.89,0.24,6.0,0.31,5.0,0.04,0.04,617.929655,1776191535000
1776191536.862,136.862,0.76,6.0,0.69,5.0,0.8,13.7,0.81,16.89,0.2,13.7,0.19,16.89,0.24,6.0,0.31,5.0,0.04,0.04,617.938411,1776191536000
1776191538.068,138.068,0.76,6.0,0.69,5.0,0.8,13.7,0.81,16.89,0.2,13.7,0.19,16.89,0.24,6.0,0.31,5.0,0.04,0.04,617.981294,1776191537000
1776191539.088,139.088,0.76,6.0,0.69,5.0,0.8,13.7,0.81,16.89,0.2,13.7,0.19,16.89,0.24,6.0,0.31,5.0,0.04,0.04,618.038,1776191538000
1776191540.063,140.063,0.76,6.0,0.69,5.0,0.8,13.7,0.81,16.89,0.2,13.7,0.19,16.89,0.24,6.0,0.31,5.0,0.04,0.04,618.006505,1776191539000
1776191541.19,141.19,0.76,6.0,0.69,5.0,0.8,13.7,0.81,16.89,0.2,13.7,0.19,16.89,0.24,6.0,0.31,5.0,0.04,0.04,618.006526,1776191540000
1776191542.233,142.233,0.76,6.0,0.69,5.0,0.8,13.7,0.81,16.89,0.2,13.7,0.19,16.89,0.24,6.0,0.31,5.0,0.04,0.04,618.01099,1776191541000
1776191543.328,143.328,0.76,6.0,0.69,5.0,0.8,13.7,0.81,16.89,0.2,13.7,0.19,16.89,0.24,6.0,0.31,5.0,0.04,0.04,618.009343,1776191542000
1776191544.318,144.318,0.76,6.0,0.69,5.0,0.8,13.7,0.81,16.89,0.2,13.7,0.19,16.89,0.24,6.0,0.31,5.0,0.04,0.04,618.034304,1776191543000
1776191545.225,145.225,0.76,6.0,0.69,5.0,0.8,13.7,0.81,16.89,0.2,13.7,0.19,16.89,0.24,6.0,0.31,5.0,0.04,0.04,618.035805,1776191544000
1776191546.274,146.274,0.76,6.0,0.69,5.0,0.8,13.7,0.81,16.89,0.2,13.7,0.19,16.89,0.24,6.0,0.31,5.0,0.04,0.04,618.062457,1776191545000
1776191547.27,147.27,0.76,6.0,0.69,5.0,0.8,13.7,0.81,16.89,0.2,13.7,0.19,16.89,0.24,6.0,0.31,5.0,0.04,0.04,618.107,1776191546000
1776191549.123,149.123,0.76,6.0,0.69,5.0,0.8,13.7,0.81,16.89,0.2,13.7,0.19,16.89,0.24,6.0,0.31,5.0,0.04,0.04,618.1,1776191547000
1776191549.674,149.674,0.76,6.0,0.69,5.0,0.8,13.7,0.81,16.89,0.2,13.7,0.19,16.89,0.24,6.0,0.31,5.0,0.04,0.04,618.122,1776191548000
1776191550.265,150.265,0.76,6.0,0.69,5.0,0.8,13.7,0.81,16.89,0.2,13.7,0.19,16.89,0.24,6.0,0.31,5.0,0.04,0.04,618.122,1776191549000
1776191551.455,151.455,0.76,6.0,0.69,5.0,0.8,13.7,0.81,16.89,0.2,13.7,0.19,16.89,0.24,6.0,0.31,5.0,0.04,0.04,618.122,1776191550000
1776191552.178,152.178,0.76,6.0,0.69,5.0,0.8,13.7,0.81,16.89,0.2,13.7,0.19,16.89,0.24,6.0,0.31,5.0,0.04,0.04,618.117,1776191551000
1776191553.247,153.247,0.76,6.0,0.69,5.0,0.8,13.7,0.81,16.89,0.2,13.7,0.19,16.89,0.24,6.0,0.31,5.0,0.04,0.04,618.119,1776191552000
1776191554.42,154.42,0.76,6.0,0.69,5.0,0.8,13.7,0.81,16.89,0.2,13.7,0.19,16.89,0.24,6.0,0.31,5.0,0.04,0.04,618.12,1776191553000
1776191555.003,155.003,0.76,6.0,0.69,5.0,0.8,13.7,0.81,16.89,0.2,13.7,0.19,16.89,0.24,6.0,0.31,5.0,0.04,0.04,618.120715,1776191554000
1776191556.185,156.185,0.87,5.0,0.81,16.89,0.89,25.47,0.9,43.9,0.2,13.7,0.19,16.89,0.24,6.0,0.31,5.0,0.02,0.04,618.120715,1776191554000
1776191557.446,157.446,0.87,5.0,0.81,16.89,0.89,25.47,0.9,43.9,0.11,25.47,0.1,43.9,0.13,5.0,0.19,16.89,0.02,0.02,618.011146,1776191556000
1776191558.063,158.063,0.87,5.0,0.81,16.89,0.89,25.47,0.9,43.9,0.11,25.47,0.1,43.9,0.13,5.0,0.19,16.89,0.02,0.02,618.01104,1776191557000
1776191559.223,159.223,0.87,5.0,0.81,16.89,0.89,25.47,0.9,43.9,0.11,25.47,0.1,43.9,0.13,5.0,0.19,16.89,0.02,0.02,618.012,1776191558000
1776191560.534,160.534,0.87,5.0,0.81,16.89,0.89,25.47,0.9,43.9,0.11,25.47,0.1,43.9,0.13,5.0,0.19,16.89,0.02,0.02,618.010964,1776191559000
1776191561.006,161.006,0.87,5.0,0.81,16.89,0.89,25.47,0.9,43.9,0.11,25.47,0.1,43.9,0.13,5.0,0.19,16.89,0.02,0.02,618.013,1776191560000
1776191562.292,162.292,0.87,5.0,0.81,16.89,0.89,25.47,0.9,43.9,0.11,25.47,0.1,43.9,0.13,5.0,0.19,16.89,0.02,0.02,618.013,1776191561000
1776191563.386,163.386,0.87,5.0,0.81,16.89,0.89,25.47,0.9,43.9,0.11,25.47,0.1,43.9,0.13,5.0,0.19,16.89,0.02,0.02,617.962052,1776191562000
1776191564.517,164.517,0.87,5.0,0.81,16.89,0.89,25.47,0.9,43.9,0.11,25.47,0.1,43.9,0.13,5.0,0.19,16.89,0.02,0.02,617.958294,1776191563000
1776191565.181,165.181,0.87,5.0,0.81,16.89,0.89,25.47,0.9,43.9,0.11,25.47,0.1,43.9,0.13,5.0,0.19,16.89,0.02,0.02,617.964,1776191564000
1776191566.539,166.539,0.87,5.0,0.81,16.89,0.89,25.47,0.9,43.9,0.11,25.47,0.1,43.9,0.13,5.0,0.19,16.89,0.02,0.02,617.957893,1776191565000
1776191567.306,167.306,0.87,5.0,0.81,16.89,0.89,25.47,0.9,43.9,0.11,25.47,0.1,43.9,0.13,5.0,0.19,16.89,0.02,0.02,617.957858,1776191566000
1776191568.643,168.643,0.87,5.0,0.81,16.89,0.89,25.47,0.9,43.9,0.11,25.47,0.1,43.9,0.13,5.0,0.19,16.89,0.02,0.02,617.957802,1776191567000
1776191569.547,169.547,0.87,5.0,0.81,16.89,0.89,25.47,0.9,43.9,0.11,25.47,0.1,43.9,0.13,5.0,0.19,16.89,0.02,0.02,617.955287,1776191568000
1776191570.226,170.226,0.8,5.0,0.64,10.0,0.85,20.39,0.86,31.6,0.15,20.39,0.14,31.6,0.2,5.0,0.36,10.0,0.05,0.05,617.955259,1776191569000
1776191571.507,171.507,0.8,5.0,0.64,10.0,0.85,20.39,0.86,31.6,0.15,20.39,0.14,31.6,0.2,5.0,0.36,10.0,0.05,0.05,617.914759,1776191570000
1776191572.168,172.168,0.8,5.0,0.64,10.0,0.85,20.39,0.86,31.6,0.15,20.39,0.14,31.6,0.2,5.0,0.36,10.0,0.05,0.05,617.84,1776191571000
1776191573.54,173.54,0.75,6.0,0.64,5.0,0.81,71.89,0.82,17.6,0.19,71.89,0.18,17.6,0.25,6.0,0.36,5.0,0.06,0.06,617.797621,1776191572000
1776191574.312,174.312,0.75,6.0,0.64,5.0,0.81,71.89,0.82,17.6,0.19,71.89,0.18,17.6,0.25,6.0,0.36,5.0,0.06,0.06,617.793235,1776191573000
1776191575.553,175.553,0.75,6.0,0.64,5.0,0.81,71.89,0.82,17.6,0.19,71.89,0.18,17.6,0.25,6.0,0.36,5.0,0.06,0.06,617.802,1776191574000
1776191576.274,176.274,0.75,6.0,0.64,5.0,0.81,71.89,0.82,17.6,0.19,71.89,0.18,17.6,0.25,6.0,0.36,5.0,0.06,0.06,617.802,1776191575000
1776191576.497,176.497,0.64,5.0,0.6,5.0,0.74,13.5,0.75,13.9,0.19,71.89,0.18,17.6,0.25,6.0,0.36,5.0,0.1,0.06,617.802,1776191575000
1776191577.604,177.604,0.64,5.0,0.6,5.0,0.74,13.5,0.75,13.9,0.26,13.5,0.25,13.9,0.36,5.0,0.4,5.0,0.1,0.1,617.765,1776191576000
1776191578.365,178.365,0.64,5.0,0.6,5.0,0.74,13.5,0.75,13.9,0.26,13.5,0.25,13.9,0.36,5.0,0.4,5.0,0.1,0.1,617.765,1776191577000
1776191579.806,179.806,0.64,5.0,0.6,5.0,0.74,13.5,0.75,13.9,0.26,13.5,0.25,13.9,0.36,5.0,0.4,5.0,0.1,0.1,617.761,1776191578000
1776191580.355,180.355,0.64,5.0,0.6,5.0,0.74,13.5,0.75,13.9,0.26,13.5,0.25,13.9,0.36,5.0,0.4,5.0,0.1,0.1,617.751279,1776191579000
1776191581.132,181.132,0.64,5.0,0.6,5.0,0.74,13.5,0.75,13.9,0.26,13.5,0.25,13.9,0.36,5.0,0.4,5.0,0.1,0.1,617.751257,1776191580000
1776191582.175,182.175,0.64,5.0,0.6,5.0,0.74,13.5,0.75,13.9,0.26,13.5,0.25,13.9,0.36,5.0,0.4,5.0,0.1,0.1,617.750903,1776191581000
1776191583.11,183.11,0.64,5.0,0.6,5.0,0.74,13.5,0.75,13.9,0.26,13.5,0.25,13.9,0.36,5.0,0.4,5.0,0.1,0.1,617.741841,1776191582000
1776191583.555,183.555,0.64,5.0,0.56,5.0,0.65,5.0,0.71,62.6,0.26,13.5,0.25,13.9,0.36,5.0,0.4,5.0,0.01,0.1,617.741841,1776191582000
1776191584.183,184.183,0.64,5.0,0.56,5.0,0.65,5.0,0.71,62.6,0.35,5.0,0.29,62.6,0.36,5.0,0.44,5.0,0.01,0.01,617.741166,1776191583000
1776191585.353,185.353,0.64,5.0,0.56,5.0,0.65,5.0,0.71,62.6,0.35,5.0,0.29,62.6,0.36,5.0,0.44,5.0,0.01,0.01,617.728849,1776191584000
1776191585.966,185.966,0.64,5.0,0.56,5.0,0.65,5.0,0.71,62.6,0.35,5.0,0.29,62.6,0.36,5.0,0.44,5.0,0.01,0.01,617.704,1776191585000
1776191587.012,187.012,0.64,5.0,0.56,5.0,0.65,5.0,0.71,62.6,0.35,5.0,0.29,62.6,0.36,5.0,0.44,5.0,0.01,0.01,617.697,1776191586000
1776191588.2,188.2,0.64,5.0,0.56,5.0,0.65,5.0,0.71,62.6,0.35,5.0,0.29,62.6,0.36,5.0,0.44,5.0,0.01,0.01,617.702967,1776191587000
1776191589.086,189.086,0.64,5.0,0.56,5.0,0.65,5.0,0.71,62.6,0.35,5.0,0.29,62.6,0.36,5.0,0.44,5.0,0.01,0.01,617.674,1776191588000
1776191590.169,190.169,0.64,5.0,0.56,5.0,0.65,5.0,0.71,62.6,0.35,5.0,0.29,62.6,0.36,5.0,0.44,5.0,0.01,0.01,617.636,1776191589000
1776191591.343,191.343,0.64,5.0,0.56,5.0,0.65,5.0,0.71,62.6,0.35,5.0,0.29,62.6,0.36,5.0,0.44,5.0,0.01,0.01,617.601,1776191590000
1776191599.577,199.577,0.64,5.0,0.56,5.0,0.65,5.0,0.71,62.6,0.35,5.0,0.29,62.6,0.36,5.0,0.44,5.0,0.01,0.01,617.59,1776191598000
1776191600.025,200.025,0.64,5.0,0.56,5.0,0.65,5.0,0.71,62.6,0.35,5.0,0.29,62.6,0.36,5.0,0.44,5.0,0.01,0.01,617.601,1776191599000
1776191601.178,201.178,0.64,5.0,0.56,5.0,0.65,5.0,0.71,62.6,0.35,5.0,0.29,62.6,0.36,5.0,0.44,5.0,0.01,0.01,617.594,1776191600000
1776191601.486,201.486,0.42,9.27,0.41,5.0,0.52,10.0,0.54,10.5,0.35,5.0,0.29,62.6,0.36,5.0,0.44,5.0,0.1,0.01,617.594,1776191600000
1776191602.329,202.329,0.42,9.27,0.41,5.0,0.52,10.0,0.54,10.5,0.48,10.0,0.46,10.5,0.58,9.27,0.59,5.0,0.1,0.1,617.59,1776191601000
1776191603.034,203.034,0.42,9.27,0.41,5.0,0.52,10.0,0.54,10.5,0.48,10.0,0.46,10.5,0.58,9.27,0.59,5.0,0.1,0.1,617.59,1776191602000
1776191603.447,203.447,0.41,5.0,0.39,10.9,0.52,10.0,0.55,10.5,0.48,10.0,0.46,10.5,0.58,9.27,0.59,5.0,0.11,0.1,617.59,1776191602000
1776191604.184,204.184,0.41,5.0,0.39,10.9,0.52,10.0,0.55,10.5,0.48,10.0,0.45,10.5,0.59,5.0,0.61,10.9,0.11,0.11,617.588,1776191603000
1776191605.744,205.744,0.41,5.0,0.39,10.9,0.52,10.0,0.55,10.5,0.48,10.0,0.45,10.5,0.59,5.0,0.61,10.9,0.11,0.11,617.586,1776191604000
1776191606.36,206.36,0.41,5.0,0.39,10.9,0.52,10.0,0.55,10.5,0.48,10.0,0.45,10.5,0.59,5.0,0.61,10.9,0.11,0.11,617.581,1776191605000
1776191607.061,207.061,0.41,5.0,0.39,10.9,0.52,10.0,0.55,10.5,0.48,10.0,0.45,10.5,0.59,5.0,0.61,10.9,0.11,0.11,617.581,1776191606000
1776191608.604,208.604,0.41,5.0,0.39,10.9,0.52,10.0,0.55,10.5,0.48,10.0,0.45,10.5,0.59,5.0,0.61,10.9,0.11,0.11,617.587,1776191607000
1776191609.233,209.233,0.41,5.0,0.39,10.9,0.52,10.0,0.55,10.5,0.48,10.0,0.45,10.5,0.59,5.0,0.61,10.9,0.11,0.11,617.586,1776191608000
1776191610.55,210.55,0.41,5.0,0.39,10.9,0.52,10.0,0.55,10.5,0.48,10.0,0.45,10.5,0.59,5.0,0.61,10.9,0.11,0.11,617.584,1776191609000
1776191611.514,211.514,0.41,5.0,0.39,10.9,0.52,10.0,0.55,10.5,0.48,10.0,0.45,10.5,0.59,5.0,0.61,10.9,0.11,0.11,617.584,1776191610000
1776191612.345,212.345,0.41,5.0,0.39,10.9,0.52,10.0,0.55,10.5,0.48,10.0,0.45,10.5,0.59,5.0,0.61,10.9,0.11,0.11,617.586,1776191611000
1776191613.314,213.314,0.41,5.0,0.39,10.9,0.52,10.0,0.55,10.5,0.48,10.0,0.45,10.5,0.59,5.0,0.61,10.9,0.11,0.11,617.587,1776191612000
1776191614.256,214.256,0.41,5.0,0.39,10.9,0.52,10.0,0.55,10.5,0.48,10.0,0.45,10.5,0.59,5.0,0.61,10.9,0.11,0.11,617.587,1776191613000
1776191614.555,214.555,0.35,1.07,0.25,9.0,0.41,50.0,0.49,20.4,0.48,10.0,0.45,10.5,0.59,5.0,0.61,10.9,0.06,0.11,617.587,1776191613000
1776191615.29,215.29,0.35,1.07,0.25,9.0,0.41,50.0,0.49,20.4,0.59,50.0,0.51,20.4,0.65,1.07,0.75,9.0,0.06,0.06,617.548937,1776191614000
1776191616.327,216.327,0.35,1.07,0.25,9.0,0.41,50.0,0.49,20.4,0.59,50.0,0.51,20.4,0.65,1.07,0.75,9.0,0.06,0.06,617.481,1776191615000
1776191617.37,217.37,0.21,15.7,0.2,16.2,0.4,10.0,0.41,50.0,0.59,50.0,0.51,20.4,0.65,1.07,0.75,9.0,0.19,0.06,617.481,1776191615000
1776191617.872,217.872,0.21,15.7,0.2,16.2,0.4,10.0,0.41,50.0,0.6,10.0,0.59,50.0,0.79,15.7,0.8,16.2,0.19,0.19,617.523,1776191617000
1776191618.922,218.922,0.21,15.7,0.2,16.2,0.4,10.0,0.41,50.0,0.6,10.0,0.59,50.0,0.79,15.7,0.8,16.2,0.19,0.19,617.528,1776191618000
1776191619.978,219.978,0.21,15.7,0.2,16.2,0.4,10.0,0.41,50.0,0.6,10.0,0.59,50.0,0.79,15.7,0.8,16.2,0.19,0.19,617.529,1776191619000
1776191620.895,220.895,0.21,15.7,0.2,16.2,0.4,10.0,0.41,50.0,0.6,10.0,0.59,50.0,0.79,15.7,0.8,16.2,0.19,0.19,617.532,1776191620000
1776191621.896,221.896,0.21,15.7,0.2,16.2,0.4,10.0,0.41,50.0,0.6,10.0,0.59,50.0,0.79,15.7,0.8,16.2,0.19,0.19,617.532,1776191621000
1776191622.981,222.981,0.21,15.7,0.2,16.2,0.4,10.0,0.41,50.0,0.6,10.0,0.59,50.0,0.79,15.7,0.8,16.2,0.19,0.19,617.51,1776191622000
1776191623.941,223.941,0.21,15.7,0.2,16.2,0.4,10.0,0.41,50.0,0.6,10.0,0.59,50.0,0.79,15.7,0.8,16.2,0.19,0.19,617.56,1776191623000
1776191625.002,225.002,0.21,15.7,0.2,16.2,0.4,10.0,0.41,50.0,0.6,10.0,0.59,50.0,0.79,15.7,0.8,16.2,0.19,0.19,617.553,1776191624000
1776191626.608,226.608,0.27,13.2,0.26,13.5,0.28,6.14,0.4,10.0,0.6,10.0,0.59,50.0,0.79,15.7,0.8,16.2,0.01,0.19,617.553,1776191624000
1776191627.081,227.081,0.27,13.2,0.26,13.5,0.28,6.14,0.4,10.0,0.72,6.14,0.6,10.0,0.73,13.2,0.74,13.5,0.01,0.01,617.537,1776191626000
1776191628.186,228.186,0.27,13.2,0.26,13.5,0.28,6.14,0.4,10.0,0.72,6.14,0.6,10.0,0.73,13.2,0.74,13.5,0.01,0.01,617.529,1776191627000
1776191629.234,229.234,0.27,13.2,0.26,13.5,0.28,6.14,0.4,10.0,0.72,6.14,0.6,10.0,0.73,13.2,0.74,13.5,0.01,0.01,617.542,1776191628000
1776191630.326,230.326,0.27,13.2,0.26,13.5,0.28,6.14,0.4,10.0,0.72,6.14,0.6,10.0,0.73,13.2,0.74,13.5,0.01,0.01,617.535,1776191629000
1776191630.889,230.889,0.27,13.2,0.26,13.5,0.28,6.14,0.4,10.0,0.72,6.14,0.6,10.0,0.73,13.2,0.74,13.5,0.01,0.01,617.535,1776191630000
1776191631.628,231.628,0.27,10.74,0.26,13.5,0.28,6.14,0.4,10.0,0.72,6.14,0.6,10.0,0.73,13.2,0.74,13.5,0.01,0.01,617.535,1776191630000
1776191631.951,231.951,0.27,10.74,0.26,13.5,0.28,6.14,0.4,10.0,0.72,6.14,0.6,10.0,0.73,10.74,0.74,13.5,0.01,0.01,617.556,1776191631000
1776191633.033,233.033,0.27,10.74,0.26,13.5,0.28,6.14,0.4,10.0,0.72,6.14,0.6,10.0,0.73,10.74,0.74,13.5,0.01,0.01,617.54,1776191632000
1776191634.097,234.097,0.27,10.74,0.26,13.5,0.28,6.14,0.4,10.0,0.72,6.14,0.6,10.0,0.73,10.74,0.74,13.5,0.01,0.01,617.553,1776191633000
1776191635.143,235.143,0.27,10.74,0.26,13.5,0.28,6.14,0.4,10.0,0.72,6.14,0.6,10.0,0.73,10.74,0.74,13.5,0.01,0.01,617.552,1776191634000
1776191636.139,236.139,0.27,10.74,0.26,13.5,0.28,6.14,0.4,10.0,0.72,6.14,0.6,10.0,0.73,10.74,0.74,13.5,0.01,0.01,617.553,1776191635000
1776191637.188,237.188,0.27,10.74,0.26,13.5,0.28,6.14,0.4,10.0,0.72,6.14,0.6,10.0,0.73,10.74,0.74,13.5,0.01,0.01,617.543,1776191636000
1776191638.155,238.155,0.27,10.74,0.26,13.5,0.28,6.14,0.4,10.0,0.72,6.14,0.6,10.0,0.73,10.74,0.74,13.5,0.01,0.01,617.545,1776191637000
1776191639.151,239.151,0.27,10.74,0.26,13.5,0.28,6.14,0.4,10.0,0.72,6.14,0.6,10.0,0.73,10.74,0.74,13.5,0.01,0.01,617.512,1776191638000
1776191640.287,240.287,0.27,10.74,0.26,13.5,0.28,6.14,0.4,10.0,0.72,6.14,0.6,10.0,0.73,10.74,0.74,13.5,0.01,0.01,617.512,1776191639000
1776191641.342,241.342,0.27,10.74,0.26,13.5,0.28,6.14,0.4,10.0,0.72,6.14,0.6,10.0,0.73,10.74,0.74,13.5,0.01,0.01,617.484,1776191640000
1776191642.025,242.025,0.25,8.58,0.24,14.3,0.28,6.14,0.38,11.0,0.72,6.14,0.6,10.0,0.73,10.74,0.74,13.5,0.03,0.01,617.484,1776191640000
1776191642.399,242.399,0.25,8.58,0.24,14.3,0.28,6.14,0.38,11.0,0.72,6.14,0.62,11.0,0.75,8.58,0.76,14.3,0.03,0.03,617.502,1776191641000
1776191643.069,243.069,0.25,8.58,0.24,14.3,0.28,6.14,0.38,11.0,0.72,6.14,0.62,11.0,0.75,8.58,0.76,14.3,0.03,0.03,617.502,1776191642000
1776191644.152,244.152,0.25,8.58,0.24,14.3,0.28,6.14,0.38,11.0,0.72,6.14,0.62,11.0,0.75,8.58,0.76,14.3,0.03,0.03,617.513,1776191643000
1776191645.304,245.304,0.25,8.58,0.24,14.3,0.28,6.14,0.38,11.0,0.72,6.14,0.62,11.0,0.75,8.58,0.76,14.3,0.03,0.03,617.517,1776191644000
1776191646.503,246.503,0.25,8.58,0.24,14.3,0.28,6.14,0.38,11.0,0.72,6.14,0.62,11.0,0.75,8.58,0.76,14.3,0.03,0.03,617.52,1776191645000
1776191647.111,247.111,0.25,8.58,0.24,14.3,0.28,6.14,0.38,11.0,0.72,6.14,0.62,11.0,0.75,8.58,0.76,14.3,0.03,0.03,617.52,1776191646000
1776191648.124,248.124,0.25,8.58,0.24,14.3,0.28,6.14,0.38,11.0,0.72,6.14,0.62,11.0,0.75,8.58,0.76,14.3,0.03,0.03,617.522,1776191647000
1776191649.271,249.271,0.25,8.58,0.24,14.3,0.28,6.14,0.38,11.0,0.72,6.14,0.62,11.0,0.75,8.58,0.76,14.3,0.03,0.03,617.522,1776191648000
1776191649.91,249.91,0.25,8.58,0.24,14.3,0.28,6.14,0.38,11.0,0.72,6.14,0.62,11.0,0.75,8.58,0.76,14.3,0.03,0.03,617.509,1776191649000
1776191651.107,251.107,0.25,8.58,0.24,14.3,0.28,6.14,0.38,11.0,0.72,6.14,0.62,11.0,0.75,8.58,0.76,14.3,0.03,0.03,617.603429,1776191650000
1776191652.093,252.093,0.27,60.2,0.26,13.5,0.28,6.14,0.29,16.0,0.72,6.14,0.62,11.0,0.75,8.58,0.76,14.3,0.01,0.03,617.603429,1776191650000
1776191652.365,252.365,0.27,60.2,0.26,13.5,0.28,6.14,0.29,16.0,0.72,6.14,0.71,16.0,0.73,60.2,0.74,13.5,0.01,0.01,617.593,1776191651000
1776191652.741,252.741,0.29,14.86,0.27,58.2,0.4,10.0,0.51,60.4,0.72,6.14,0.71,16.0,0.73,60.2,0.74,13.5,0.11,0.01,617.593,1776191651000
1776191653.436,253.436,0.29,14.86,0.27,58.2,0.4,10.0,0.51,60.4,0.6,10.0,0.49,60.4,0.71,14.86,0.73,58.2,0.11,0.11,617.601,1776191652000
1776191654.122,254.122,0.29,14.86,0.27,58.2,0.4,10.0,0.51,60.4,0.6,10.0,0.49,60.4,0.71,14.86,0.73,58.2,0.11,0.11,617.601,1776191653000
1776191655.107,255.107,0.29,14.86,0.27,58.2,0.4,10.0,0.51,60.4,0.6,10.0,0.49,60.4,0.71,14.86,0.73,58.2,0.11,0.11,617.601,1776191654000
1776191656.383,256.383,0.29,14.86,0.27,58.2,0.4,10.0,0.51,60.4,0.6,10.0,0.49,60.4,0.71,14.86,0.73,58.2,0.11,0.11,617.607,1776191655000
1776191656.627,256.627,0.33,11.8,0.32,11.9,0.4,3.0,0.51,50.0,0.6,10.0,0.49,60.4,0.71,14.86,0.73,58.2,0.07,0.11,617.607,1776191655000
1776191657.86,257.86,0.33,11.8,0.32,11.9,0.4,3.0,0.51,50.0,0.6,3.0,0.49,50.0,0.67,11.8,0.68,11.9,0.07,0.07,617.606,1776191656000
1776191658.366,258.366,0.33,11.8,0.32,11.9,0.4,3.0,0.51,50.0,0.6,3.0,0.49,50.0,0.67,11.8,0.68,11.9,0.07,0.07,617.60484,1776191657000
1776191659.469,259.469,0.33,11.8,0.32,11.9,0.4,3.0,0.51,50.0,0.6,3.0,0.49,50.0,0.67,11.8,0.68,11.9,0.07,0.07,617.607,1776191658000
1776191660.003,260.003,0.33,11.8,0.32,11.9,0.4,3.0,0.51,50.0,0.6,3.0,0.49,50.0,0.67,11.8,0.68,11.9,0.07,0.07,617.607,1776191659000
1776191661.159,261.159,0.33,11.8,0.32,11.9,0.4,3.0,0.51,50.0,0.6,3.0,0.49,50.0,0.67,11.8,0.68,11.9,0.07,0.07,617.591545,1776191660000
1776191662.466,262.466,0.33,11.8,0.32,11.9,0.4,3.0,0.51,50.0,0.6,3.0,0.49,50.0,0.67,11.8,0.68,11.9,0.07,0.07,617.6,1776191661000
1776191663.042,263.042,0.33,11.8,0.32,11.9,0.4,3.0,0.51,50.0,0.6,3.0,0.49,50.0,0.67,11.8,0.68,11.9,0.07,0.07,617.596,1776191662000
1776191664.15,264.15,0.33,11.8,0.32,11.9,0.4,3.0,0.51,50.0,0.6,3.0,0.49,50.0,0.67,11.8,0.68,11.9,0.07,0.07,617.617,1776191663000
1776191665.387,265.387,0.33,11.8,0.32,11.9,0.4,3.0,0.51,50.0,0.6,3.0,0.49,50.0,0.67,11.8,0.68,11.9,0.07,0.07,617.554,1776191664000
1776191665.603,265.603,0.39,6.03,0.38,11.0,0.4,13.0,0.51,50.0,0.6,3.0,0.49,50.0,0.67,11.8,0.68,11.9,0.01,0.07,617.554,1776191664000
1776191665.896,265.896,0.39,6.03,0.38,11.0,0.4,13.0,0.51,50.0,0.6,13.0,0.49,50.0,0.61,6.03,0.62,11.0,0.01,0.01,617.549,1776191665000
1776191667.126,267.126,0.39,6.03,0.38,11.0,0.4,13.0,0.51,50.0,0.6,13.0,0.49,50.0,0.61,6.03,0.62,11.0,0.01,0.01,617.518784,1776191666000
1776191668.179,268.179,0.39,6.03,0.38,11.0,0.4,13.0,0.51,50.0,0.6,13.0,0.49,50.0,0.61,6.03,0.62,11.0,0.01,0.01,617.549,1776191667000
1776191669.313,269.313,0.39,6.03,0.38,11.0,0.4,13.0,0.51,50.0,0.6,13.0,0.49,50.0,0.61,6.03,0.62,11.0,0.01,0.01,617.551,1776191668000
1776191670.278,270.278,0.39,2.03,0.38,11.0,0.4,13.0,0.5,6.0,0.6,13.0,0.5,6.0,0.61,2.03,0.62,11.0,0.01,0.01,617.551,1776191669000
1776191670.85,270.85,0.34,3.53,0.33,11.8,0.4,10.0,0.5,6.0,0.6,13.0,0.5,6.0,0.61,2.03,0.62,11.0,0.06,0.01,617.551,1776191669000
1776191671.225,271.225,0.34,3.53,0.33,11.8,0.4,10.0,0.5,6.0,0.6,10.0,0.5,6.0,0.66,3.53,0.67,11.8,0.06,0.06,617.549,1776191670000
1776191672.215,272.215,0.34,3.53,0.33,11.8,0.4,10.0,0.5,6.0,0.6,10.0,0.5,6.0,0.66,3.53,0.67,11.8,0.06,0.06,617.547,1776191671000
1776191673.399,273.399,0.34,3.53,0.33,11.8,0.4,10.0,0.5,6.0,0.6,10.0,0.5,6.0,0.66,3.53,0.67,11.8,0.06,0.06,617.55,1776191672000
1776191673.809,273.809,0.34,3.53,0.33,11.8,0.4,10.0,0.5,6.0,0.6,10.0,0.5,6.0,0.66,3.53,0.67,11.8,0.06,0.06,617.55,1776191673000
1776191674.988,274.988,0.34,3.53,0.33,11.8,0.4,10.0,0.5,6.0,0.6,10.0,0.5,6.0,0.66,3.53,0.67,11.8,0.06,0.06,617.548,1776191674000
1776191676.074,276.074,0.34,3.53,0.33,11.8,0.4,10.0,0.5,6.0,0.6,10.0,0.5,6.0,0.66,3.53,0.67,11.8,0.06,0.06,617.552,1776191675000
1776191677.033,277.033,0.34,3.53,0.33,11.8,0.4,10.0,0.5,6.0,0.6,10.0,0.5,6.0,0.66,3.53,0.67,11.8,0.06,0.06,617.553,1776191676000
1776191678.154,278.154,0.34,3.53,0.33,11.8,0.4,10.0,0.5,6.0,0.6,10.0,0.5,6.0,0.66,3.53,0.67,11.8,0.06,0.06,617.553,1776191677000
1776191679.089,279.089,0.34,3.53,0.33,11.8,0.4,10.0,0.5,6.0,0.6,10.0,0.5,6.0,0.66,3.53,0.67,11.8,0.06,0.06,617.551,1776191678000
1776191680.144,280.144,0.34,3.53,0.33,11.8,0.4,10.0,0.5,6.0,0.6,10.0,0.5,6.0,0.66,3.53,0.67,11.8,0.06,0.06,617.555,1776191679000
1776191681.217,281.217,0.34,3.53,0.33,11.8,0.4,10.0,0.5,6.0,0.6,10.0,0.5,6.0,0.66,3.53,0.67,11.8,0.06,0.06,617.555,1776191680000
1776191682.09,282.09,0.34,3.53,0.33,11.8,0.4,10.0,0.5,6.0,0.6,10.0,0.5,6.0,0.66,3.53,0.67,11.8,0.06,0.06,617.555,1776191681000
1776191683.652,283.652,0.34,3.53,0.33,11.8,0.4,10.0,0.5,6.0,0.6,10.0,0.5,6.0,0.66,3.53,0.67,11.8,0.06,0.06,617.538,1776191682000
1776191684.144,284.144,0.34,3.53,0.33,11.8,0.4,10.0,0.5,6.0,0.6,10.0,0.5,6.0,0.66,3.53,0.67,11.8,0.06,0.06,617.538,1776191683000
1776191685.205,285.205,0.34,3.53,0.33,11.8,0.4,10.0,0.5,6.0,0.6,10.0,0.5,6.0,0.66,3.53,0.67,11.8,0.06,0.06,617.536,1776191684000
1776191686.236,286.236,0.34,3.53,0.33,11.8,0.4,10.0,0.5,6.0,0.6,10.0,0.5,6.0,0.66,3.53,0.67,11.8,0.06,0.06,617.549289,1776191685000
1776191686.825,286.825,0.41,40.0,0.31,107.0,0.5,6.0,0.71,50.0,0.6,10.0,0.5,6.0,0.66,3.53,0.67,11.8,0.09,0.06,617.549289,1776191685000
1776191687.396,287.396,0.41,40.0,0.31,107.0,0.5,6.0,0.71,50.0,0.5,6.0,0.29,50.0,0.59,40.0,0.69,107.0,0.09,0.09,617.58,1776191686000
1776191688.362,288.362,0.41,40.0,0.31,107.0,0.5,6.0,0.71,50.0,0.5,6.0,0.29,50.0,0.59,40.0,0.69,107.0,0.09,0.09,617.58,1776191687000
1776191688.959,288.959,0.41,40.0,0.31,107.0,0.5,6.0,0.71,50.0,0.5,6.0,0.29,50.0,0.59,40.0,0.69,107.0,0.09,0.09,617.587,1776191688000
1776191690.014,290.014,0.41,40.0,0.31,107.0,0.5,6.0,0.71,50.0,0.5,6.0,0.29,50.0,0.59,40.0,0.69,107.0,0.09,0.09,617.604,1776191689000
1776191691.069,291.069,0.41,40.0,0.31,107.0,0.5,6.0,0.71,50.0,0.5,6.0,0.29,50.0,0.59,40.0,0.69,107.0,0.09,0.09,617.604,1776191690000
1776191692.278,292.278,0.41,40.0,0.31,107.0,0.5,6.0,0.71,50.0,0.5,6.0,0.29,50.0,0.59,40.0,0.69,107.0,0.09,0.09,617.596,1776191691000
1776191692.593,292.593,0.29,10.67,0.1,10.0,0.31,50.0,0.41,50.0,0.5,6.0,0.29,50.0,0.59,40.0,0.69,107.0,0.02,0.09,617.596,1776191691000
1776191693.028,293.028,0.1,0.1,0.09,55.0,0.21,46.33,0.31,50.0,0.79,39.33,0.69,57.0,0.9,3.4,0.91,55.0,0.11,0.11,617.596,1776191691000
1776191693.348,293.348,0.14,29.47,0.1,0.1,0.21,46.33,0.31,50.0,0.79,46.33,0.69,50.0,0.86,29.47,0.9,0.1,0.07,0.07,617.589,1776191692000
1776191693.563,293.563,0.04,125.0,0.02,5.0,0.21,46.33,0.31,50.0,0.79,46.33,0.69,50.0,0.86,29.47,0.9,0.1,0.17,0.07,617.589,1776191692000
1776191694.366,294.366,0.04,115.7,0.02,5.0,0.21,46.33,0.31,50.0,0.79,46.33,0.69,50.0,0.96,115.7,0.98,5.0,0.17,0.17,617.579,1776191693000
1776191694.611,294.611,0.04,115.7,0.02,5.0,0.21,33.33,0.31,50.0,0.79,46.33,0.69,50.0,0.96,115.7,0.98,5.0,0.17,0.17,617.579,1776191693000
1776191694.884,294.884,0.04,115.7,0.02,5.0,0.21,33.33,0.31,50.0,0.79,33.33,0.69,50.0,0.96,115.7,0.98,5.0,0.17,0.17,617.579,1776191694000
1776191695.68,295.68,0.04,112.66,0.02,5.0,0.09,5.0,0.21,33.33,0.79,33.33,0.69,50.0,0.96,115.7,0.98,5.0,0.05,0.17,617.579,1776191694000
1776191695.888,295.888,0.04,112.66,0.02,5.0,0.09,5.0,0.21,33.33,0.91,5.0,0.79,33.33,0.96,112.66,0.98,5.0,0.05,0.05,617.464,1776191695000
1776191697.385,297.385,0.02,5.0,0.01,190.0,0.09,5.0,0.11,50.0,0.91,5.0,0.79,33.33,0.96,112.66,0.98,5.0,0.07,0.05,617.464,1776191695000
1776191697.676,297.676,0.01,184.0,,,0.09,5.0,0.11,50.0,0.91,5.0,0.89,50.0,0.99,184.0,,,0.08,0.08,617.448,1776191696000
1776191698.275,298.275,0.01,143.84,,,0.09,5.0,0.11,50.0,0.91,5.0,0.89,50.0,0.99,148.84,,,0.08,0.08,617.448,1776191696000
1776191698.566,298.566,0.01,33.84,,,0.09,5.0,0.11,50.0,0.91,5.0,0.89,50.0,0.99,133.84,,,0.08,0.08,617.444,1776191697000
1776191699.358,299.358,,,,,0.09,5.0,0.11,50.0,0.91,5.0,0.89,50.0,,,,,,,617.438254,1776191698000
1776191700.914,300.914,,,,,0.09,5.0,0.11,50.0,0.91,5.0,0.89,50.0,,,,,,,617.438151,1776191699000

# RESULT,winner=Down,slug=bnb-updown-5m-1776191400,ticks=321
