timestamp,elapsed_sec,up_bid_p1,up_bid_s1,up_bid_p2,up_bid_s2,up_ask_p1,up_ask_s1,up_ask_p2,up_ask_s2,down_bid_p1,down_bid_s1,down_bid_p2,down_bid_s2,down_ask_p1,down_ask_s1,down_ask_p2,down_ask_s2,up_spread,down_spread,bnb_price,bnb_oracle_ts
1776385501.172,1.172,0.48,7.29,0.47,10.63,0.59,5.0,0.6,65.0,0.41,5.0,0.4,65.0,0.52,7.29,0.53,10.63,0.11,0.11,635.203308,1776385500000
1776385508.085,8.085,0.33,10.0,0.32,5.0,0.49,8.0,0.5,8.0,0.41,5.0,0.4,65.0,0.52,7.29,0.53,10.63,0.16,0.11,635.147448,1776385507000
1776385516.777,16.777,0.41,1.69,0.4,10.0,0.48,6.0,0.49,10.0,0.51,8.0,0.5,8.0,0.67,10.0,0.68,5.0,0.07,0.16,635.119645,1776385515000
1776385532.114,32.114,0.41,55.0,0.39,6.0,0.46,1.65,0.55,8.0,0.52,6.0,0.51,10.0,0.59,1.69,0.6,10.0,0.05,0.07,635.097869,1776385530000
1776385539.089,39.089,0.59,10.0,0.52,51.0,0.68,10.0,0.7,13.0,0.54,1.65,0.45,8.0,0.59,55.0,0.61,6.0,0.09,0.05,635.27084,1776385537000
1776385580.943,80.943,0.52,15.0,0.49,10.4,0.68,19.9,0.69,20.2,0.32,10.0,0.3,13.0,0.41,10.0,0.48,51.0,0.16,0.09,635.329088,1776385580000
1776385591.068,91.068,0.69,26.0,0.63,15.0,0.74,9.0,0.75,5.0,0.32,19.9,0.31,20.2,0.48,15.0,0.51,10.4,0.05,0.16,635.362474,1776385589000
1776385606.375,106.375,0.71,12.0,0.69,14.0,0.74,6.74,0.75,23.9,0.26,9.0,0.25,5.0,0.31,26.0,0.37,15.0,0.03,0.05,635.373322,1776385605000
1776385606.806,106.806,0.71,2.0,0.69,14.0,0.74,6.74,0.75,13.9,0.26,6.74,0.25,23.9,0.29,12.0,0.31,14.0,0.03,0.03,635.373322,1776385605000
1776385607.818,107.818,0.69,5.83,0.59,5.0,0.7,10.0,0.72,12.9,0.26,6.74,0.25,13.9,0.31,11.0,0.43,15.0,0.01,0.05,635.373322,1776385606000
1776385608.513,108.513,0.59,5.0,0.57,10.0,0.7,10.0,0.71,12.6,0.3,10.0,0.28,12.9,0.31,5.83,0.41,5.0,0.11,0.01,635.344812,1776385607000
1776385611.363,111.363,0.57,10.0,0.54,10.5,0.69,23.2,0.7,17.4,0.3,10.0,0.29,12.6,0.41,5.0,0.43,10.0,0.12,0.11,635.319802,1776385610000
1776385626.144,126.144,0.59,9.87,0.46,15.6,0.61,55.0,0.65,11.4,0.31,23.2,0.3,17.4,0.43,10.0,0.46,10.5,0.02,0.12,635.339,1776385625000
1776385626.418,126.418,0.59,10.0,0.46,15.6,0.61,39.0,0.65,11.4,0.39,55.0,0.35,11.4,0.41,9.87,0.54,15.6,0.02,0.02,635.339,1776385625000
1776385630.136,130.136,0.42,8.08,0.36,11.3,0.53,5.0,0.58,10.7,0.39,39.0,0.35,11.4,0.41,10.0,0.54,15.6,0.11,0.02,635.277998,1776385628000
1776385635.134,135.134,0.41,8.5,0.34,21.6,0.5,15.4,0.51,16.4,0.47,5.0,0.42,10.7,0.58,8.08,0.64,11.3,0.09,0.11,635.204824,1776385634000
1776385687.008,187.008,0.33,6.06,0.28,12.9,0.47,6.63,0.5,6.0,0.5,15.4,0.49,16.4,0.59,8.5,0.66,21.6,0.14,0.09,635.19,1776385684000
1776385698.338,198.338,0.39,5.17,0.3,12.4,0.4,5.0,0.45,10.5,0.53,6.63,0.5,6.0,0.67,6.06,0.72,12.9,0.01,0.14,635.163392,1776385697000
1776385699.191,199.191,0.39,0.08,0.28,10.0,0.4,16.0,0.41,50.0,0.6,5.0,0.55,10.5,0.61,5.17,0.7,12.4,0.01,0.01,635.163392,1776385697000
1776385701.119,201.119,0.28,10.0,0.21,15.7,0.4,60.8,0.41,60.7,0.6,16.0,0.59,50.0,0.61,0.08,0.72,10.0,0.12,0.01,635.159,1776385699000
1776385718.817,218.817,0.1,8.77,0.09,11.0,0.2,6.0,0.21,54.0,0.6,60.8,0.59,60.7,0.72,10.0,0.79,15.7,0.1,0.12,635.058514,1776385717000
1776385719.576,219.576,0.1,2.5,0.09,11.0,0.2,6.0,0.21,104.0,0.8,6.0,0.79,54.0,0.9,7.5,0.91,11.0,0.1,0.1,635.058514,1776385717000
1776385740.484,240.484,0.1,0.27,0.09,11.0,0.11,26.6,0.12,24.6,0.8,6.0,0.79,104.0,0.9,2.5,0.91,11.0,0.01,0.1,634.959,1776385739000
1776385740.806,240.806,0.09,11.0,0.08,12.0,0.15,17.39,0.16,19.3,0.89,26.6,0.88,24.6,0.91,11.0,0.92,12.0,0.06,0.02,634.959,1776385739000
1776385746.247,246.247,0.13,23.0,0.12,24.6,0.21,5.0,0.27,13.2,0.85,17.39,0.84,19.3,0.91,6.67,0.92,12.0,0.08,0.06,634.966,1776385744000
1776385762.603,262.603,0.08,2.29,0.07,14.0,0.12,24.6,0.13,35.0,0.79,5.0,0.73,13.2,0.87,23.0,0.88,24.6,0.04,0.08,634.993,1776385761000
1776385768.913,268.913,0.12,84.6,0.11,76.6,0.3,6.93,0.41,50.0,0.88,24.6,0.87,35.0,0.92,2.29,0.93,14.0,0.18,0.04,635.057453,1776385767000
1776385774.314,274.314,0.22,60.0,0.21,65.7,0.51,44.17,0.55,10.5,0.7,6.93,0.59,50.0,0.88,84.6,0.89,76.6,0.29,0.18,635.18329,1776385773000
1776385782.171,282.171,0.21,50.0,0.11,50.0,0.51,38.34,0.61,34.0,0.49,44.17,0.45,10.5,0.78,60.0,0.79,65.7,0.3,0.29,635.215737,1776385780000
1776385785.848,285.848,0.39,5.13,0.31,50.0,0.61,28.99,0.71,50.0,0.49,38.34,0.39,34.0,0.79,50.0,0.89,50.0,0.22,0.3,635.241,1776385784000
1776385786.779,286.779,0.39,3.49,0.31,50.0,0.61,28.99,0.71,50.0,0.39,28.99,0.29,50.0,0.61,5.13,0.69,50.0,0.22,0.22,635.224511,1776385785000
1776385787.139,287.139,0.39,3.49,0.31,50.0,0.61,23.99,0.71,50.0,0.39,28.99,0.29,50.0,0.61,3.49,0.69,50.0,0.22,0.22,635.202298,1776385786000
1776385787.69,287.69,0.31,48.78,0.21,50.0,0.6,9.0,0.61,73.99,0.39,23.99,0.29,50.0,0.61,3.49,0.69,50.0,0.29,0.22,635.202298,1776385786000
1776385788.572,288.572,0.31,44.47,0.21,50.0,0.61,73.99,0.71,50.0,0.4,9.0,0.39,73.99,0.69,48.78,0.79,50.0,0.3,0.29,635.239,1776385787000
1776385797.332,297.332,0.21,17.08,0.11,50.0,0.51,50.0,0.61,73.99,0.39,73.99,0.29,50.0,0.69,44.47,0.79,50.0,0.3,0.3,635.235,1776385796000
1776385797.656,297.656,0.44,23.73,0.21,17.08,0.51,50.0,0.61,73.99,0.59,45.12,0.49,50.0,0.79,17.08,0.89,50.0,0.07,0.2,635.235,1776385796000
1776385797.936,297.936,0.44,21.69,0.21,67.08,0.51,50.0,0.61,73.99,0.49,50.0,0.39,73.99,0.56,23.73,0.79,17.08,0.07,0.07,635.235,1776385797000
1776385798.175,298.175,0.51,29.12,0.44,21.69,0.61,73.99,0.71,50.0,0.49,20.88,0.39,73.99,0.56,21.69,0.79,67.08,0.1,0.07,635.235,1776385797000
1776385798.416,298.416,0.51,29.12,0.44,21.69,0.61,31.74,0.71,50.0,0.39,73.99,0.29,50.0,0.49,29.12,0.56,21.69,0.1,0.1,635.235,1776385797000
1776385798.954,298.954,0.6,6.0,0.55,5.0,0.61,20.83,0.71,50.0,0.39,25.83,0.29,50.0,0.49,29.12,0.56,21.69,0.01,0.1,635.232,1776385798000
1776385799.476,299.476,0.75,18.66,0.6,6.0,0.9,5.0,0.91,11.0,0.39,20.83,0.29,50.0,0.4,6.0,0.45,5.0,0.15,0.01,635.232,1776385798000
1776385800.14,300.14,0.99,96.0,0.6,6.0,,,,,0.1,5.0,0.09,11.0,0.25,18.66,0.4,6.0,,0.15,635.232,1776385798000

# RESULT,winner=Up,slug=bnb-updown-5m-1776385500,ticks=42
