timestamp,elapsed_sec,up_bid_p1,up_bid_s1,up_bid_p2,up_bid_s2,up_bid_p3,up_bid_s3,up_bid_p4,up_bid_s4,up_bid_p5,up_bid_s5,up_ask_p1,up_ask_s1,up_ask_p2,up_ask_s2,up_ask_p3,up_ask_s3,up_ask_p4,up_ask_s4,up_ask_p5,up_ask_s5,down_bid_p1,down_bid_s1,down_bid_p2,down_bid_s2,down_bid_p3,down_bid_s3,down_bid_p4,down_bid_s4,down_bid_p5,down_bid_s5,down_ask_p1,down_ask_s1,down_ask_p2,down_ask_s2,down_ask_p3,down_ask_s3,down_ask_p4,down_ask_s4,down_ask_p5,down_ask_s5,up_spread,down_spread,bnb_price,bnb_oracle_ts
1776163801.503,1.503,,,,,,,,,,,,,,,,,,,,,,,,,,,,,,,,,,,,,,,,,,,618.047403,1776163800000
1776163802.107,2.107,0.35,14.0,0.33,300.0,0.31,375.0,0.27,450.0,0.25,600.0,0.59,12.0,0.67,300.0,0.69,375.0,0.73,450.0,0.75,600.0,0.41,12.0,0.33,300.0,0.31,375.0,0.27,450.0,0.25,600.0,0.65,14.0,0.67,300.0,0.69,375.0,0.73,450.0,0.75,600.0,0.24,0.24,618.047403,1776163800000
1776163803.56,3.56,0.35,14.0,0.33,300.0,0.31,375.0,0.27,450.0,0.25,600.0,0.59,12.0,0.67,300.0,0.69,375.0,0.73,450.0,0.75,600.0,0.41,12.0,0.33,300.0,0.31,375.0,0.27,450.0,0.25,600.0,0.65,14.0,0.67,300.0,0.69,375.0,0.73,450.0,0.75,600.0,0.24,0.24,618.050883,1776163802000
1776163804.206,4.206,0.35,14.0,0.33,300.0,0.31,375.0,0.27,450.0,0.25,600.0,0.59,12.0,0.67,300.0,0.69,375.0,0.73,450.0,0.75,600.0,0.41,12.0,0.33,300.0,0.31,375.0,0.27,450.0,0.25,600.0,0.65,14.0,0.67,300.0,0.69,375.0,0.73,450.0,0.75,600.0,0.24,0.24,618.05174,1776163803000
1776163805.702,5.702,0.35,14.0,0.33,300.0,0.31,375.0,0.27,450.0,0.25,600.0,0.59,12.0,0.67,300.0,0.69,375.0,0.73,450.0,0.75,600.0,0.41,12.0,0.33,300.0,0.31,375.0,0.27,450.0,0.25,600.0,0.65,14.0,0.67,300.0,0.69,375.0,0.73,450.0,0.75,600.0,0.24,0.24,618.040881,1776163804000
1776163806.676,6.676,0.35,14.0,0.33,300.0,0.31,375.0,0.27,450.0,0.25,600.0,0.59,12.0,0.67,300.0,0.69,375.0,0.73,450.0,0.75,600.0,0.41,12.0,0.33,300.0,0.31,375.0,0.27,450.0,0.25,600.0,0.65,14.0,0.67,300.0,0.69,375.0,0.73,450.0,0.75,600.0,0.24,0.24,618.035708,1776163805000
1776163807.314,7.314,0.35,14.0,0.33,300.0,0.31,375.0,0.27,450.0,0.25,600.0,0.59,12.0,0.67,300.0,0.69,375.0,0.73,450.0,0.75,600.0,0.41,12.0,0.33,300.0,0.31,375.0,0.27,450.0,0.25,600.0,0.65,14.0,0.67,300.0,0.69,375.0,0.73,450.0,0.75,600.0,0.24,0.24,618.035602,1776163806000
1776163808.33,8.33,0.35,14.0,0.33,300.0,0.31,375.0,0.27,450.0,0.25,600.0,0.59,12.0,0.67,300.0,0.69,375.0,0.73,450.0,0.75,600.0,0.41,12.0,0.33,300.0,0.31,375.0,0.27,450.0,0.25,600.0,0.65,14.0,0.67,300.0,0.69,375.0,0.73,450.0,0.75,600.0,0.24,0.24,618.074999,1776163807000
1776163809.998,9.998,0.35,14.0,0.33,300.0,0.31,375.0,0.27,450.0,0.25,600.0,0.59,12.0,0.67,300.0,0.69,375.0,0.73,450.0,0.75,600.0,0.41,12.0,0.33,300.0,0.31,375.0,0.27,450.0,0.25,600.0,0.65,14.0,0.67,300.0,0.69,375.0,0.73,450.0,0.75,600.0,0.24,0.24,618.040025,1776163809000
1776163811.127,11.127,0.35,14.0,0.33,300.0,0.31,375.0,0.27,450.0,0.25,600.0,0.59,12.0,0.67,300.0,0.69,375.0,0.73,450.0,0.75,600.0,0.41,12.0,0.33,300.0,0.31,375.0,0.27,450.0,0.25,600.0,0.65,14.0,0.67,300.0,0.69,375.0,0.73,450.0,0.75,600.0,0.24,0.24,618.034321,1776163810000
1776163812.27,12.27,0.35,14.0,0.33,300.0,0.31,375.0,0.27,450.0,0.25,600.0,0.59,12.0,0.67,300.0,0.69,375.0,0.73,450.0,0.75,600.0,0.41,12.0,0.33,300.0,0.31,375.0,0.27,450.0,0.25,600.0,0.65,14.0,0.67,300.0,0.69,375.0,0.73,450.0,0.75,600.0,0.24,0.24,618.072472,1776163811000
1776163813.685,13.685,0.35,14.0,0.33,300.0,0.31,375.0,0.27,450.0,0.25,600.0,0.59,12.0,0.67,300.0,0.69,375.0,0.73,450.0,0.75,600.0,0.41,12.0,0.33,300.0,0.31,375.0,0.27,450.0,0.25,600.0,0.65,14.0,0.67,300.0,0.69,375.0,0.73,450.0,0.75,600.0,0.24,0.24,618.042878,1776163812000
1776163814.235,14.235,0.35,14.0,0.33,300.0,0.31,375.0,0.27,450.0,0.25,600.0,0.59,12.0,0.67,300.0,0.69,375.0,0.73,450.0,0.75,600.0,0.41,12.0,0.33,300.0,0.31,375.0,0.27,450.0,0.25,600.0,0.65,14.0,0.67,300.0,0.69,375.0,0.73,450.0,0.75,600.0,0.24,0.24,618.042878,1776163813000
1776163815.524,15.524,0.35,14.0,0.33,300.0,0.31,375.0,0.27,450.0,0.25,600.0,0.59,12.0,0.67,300.0,0.69,375.0,0.73,450.0,0.75,600.0,0.41,12.0,0.33,300.0,0.31,375.0,0.27,450.0,0.25,600.0,0.65,14.0,0.67,300.0,0.69,375.0,0.73,450.0,0.75,600.0,0.24,0.24,618.031249,1776163814000
1776163816.017,16.017,0.35,14.0,0.33,300.0,0.31,375.0,0.27,450.0,0.25,600.0,0.59,12.0,0.67,300.0,0.69,375.0,0.73,450.0,0.75,600.0,0.41,12.0,0.33,300.0,0.31,375.0,0.27,450.0,0.25,600.0,0.65,14.0,0.67,300.0,0.69,375.0,0.73,450.0,0.75,600.0,0.24,0.24,617.992257,1776163815000
1776163816.318,16.318,0.39,5.0,0.36,10.0,0.34,5.0,0.33,5.0,0.32,5.0,0.5,10.0,0.52,10.0,0.58,10.0,0.59,15.0,0.6,5.0,0.41,12.0,0.33,300.0,0.31,375.0,0.27,450.0,0.25,600.0,0.65,14.0,0.67,300.0,0.69,375.0,0.73,450.0,0.75,600.0,0.11,0.24,617.992257,1776163815000
1776163817.179,17.179,0.39,5.0,0.36,10.0,0.34,5.0,0.33,5.0,0.32,5.0,0.5,10.0,0.52,10.0,0.58,10.0,0.59,15.0,0.6,5.0,0.5,10.0,0.48,10.0,0.42,10.0,0.41,15.0,0.4,5.0,0.61,5.0,0.64,10.0,0.66,5.0,0.67,5.0,0.68,5.0,0.11,0.11,618.028761,1776163816000
1776163818.454,18.454,0.39,5.0,0.36,10.0,0.34,5.0,0.33,5.0,0.32,5.0,0.5,10.0,0.52,10.0,0.58,10.0,0.59,15.0,0.6,5.0,0.5,10.0,0.48,10.0,0.42,10.0,0.41,15.0,0.4,5.0,0.61,5.0,0.64,10.0,0.66,5.0,0.67,5.0,0.68,5.0,0.11,0.11,618.028731,1776163817000
1776163819.059,19.059,0.39,5.0,0.36,10.0,0.34,5.0,0.33,5.0,0.32,5.0,0.5,10.0,0.52,10.0,0.58,10.0,0.59,15.0,0.6,5.0,0.5,10.0,0.48,10.0,0.42,10.0,0.41,15.0,0.4,5.0,0.61,5.0,0.64,10.0,0.66,5.0,0.67,5.0,0.68,5.0,0.11,0.11,618.034736,1776163818000
1776163820.256,20.256,0.39,5.0,0.36,10.0,0.34,5.0,0.33,5.0,0.32,5.0,0.5,10.0,0.52,10.0,0.58,10.0,0.59,15.0,0.6,5.0,0.5,10.0,0.48,10.0,0.42,10.0,0.41,15.0,0.4,5.0,0.61,5.0,0.64,10.0,0.66,5.0,0.67,5.0,0.68,5.0,0.11,0.11,618.026558,1776163819000
1776163821.293,21.293,0.39,5.0,0.36,10.0,0.34,5.0,0.33,5.0,0.32,5.0,0.5,10.0,0.52,10.0,0.58,10.0,0.59,15.0,0.6,5.0,0.5,10.0,0.48,10.0,0.42,10.0,0.41,15.0,0.4,5.0,0.61,5.0,0.64,10.0,0.66,5.0,0.67,5.0,0.68,5.0,0.11,0.11,618.016825,1776163820000
1776163829.7,29.7,0.39,5.0,0.36,10.0,0.34,5.0,0.33,5.0,0.32,5.0,0.5,10.0,0.52,10.0,0.58,10.0,0.59,15.0,0.6,5.0,0.5,10.0,0.48,10.0,0.42,10.0,0.41,15.0,0.4,5.0,0.61,5.0,0.64,10.0,0.66,5.0,0.67,5.0,0.68,5.0,0.11,0.11,618.018848,1776163828000
1776163830.355,30.355,0.39,5.0,0.36,10.0,0.34,5.0,0.33,5.0,0.32,5.0,0.5,10.0,0.52,10.0,0.58,10.0,0.59,15.0,0.6,5.0,0.5,10.0,0.48,10.0,0.42,10.0,0.41,15.0,0.4,5.0,0.61,5.0,0.64,10.0,0.66,5.0,0.67,5.0,0.68,5.0,0.11,0.11,618.01567,1776163829000
1776163831.398,31.398,0.39,5.0,0.36,10.0,0.34,5.0,0.33,5.0,0.32,5.0,0.5,10.0,0.52,10.0,0.58,10.0,0.59,15.0,0.6,5.0,0.5,10.0,0.48,10.0,0.42,10.0,0.41,15.0,0.4,5.0,0.61,5.0,0.64,10.0,0.66,5.0,0.67,5.0,0.68,5.0,0.11,0.11,618.023251,1776163830000
1776163831.948,31.948,0.39,5.0,0.36,10.0,0.34,5.0,0.33,5.0,0.32,5.0,0.5,10.0,0.52,10.0,0.58,10.0,0.59,15.0,0.6,5.0,0.5,10.0,0.48,10.0,0.42,10.0,0.41,15.0,0.4,5.0,0.61,5.0,0.64,10.0,0.66,5.0,0.67,5.0,0.68,5.0,0.11,0.11,617.995891,1776163831000
1776163833.114,33.114,0.39,5.0,0.36,10.0,0.34,5.0,0.33,5.0,0.32,5.0,0.5,10.0,0.52,10.0,0.58,10.0,0.59,15.0,0.6,5.0,0.5,10.0,0.48,10.0,0.42,10.0,0.41,15.0,0.4,5.0,0.61,5.0,0.64,10.0,0.66,5.0,0.67,5.0,0.68,5.0,0.11,0.11,617.956943,1776163832000
1776163834.313,34.313,0.39,5.0,0.36,5.0,0.31,55.0,0.3,5.0,0.29,5.0,0.53,10.0,0.55,5.0,0.56,5.0,0.57,15.0,0.58,10.0,0.47,10.0,0.45,5.0,0.44,5.0,0.43,15.0,0.42,10.0,0.61,5.0,0.64,5.0,0.69,55.0,0.7,5.0,0.71,5.0,0.14,0.14,617.953643,1776163833000
1776163835.139,35.139,0.39,5.0,0.36,5.0,0.31,55.0,0.3,5.0,0.29,5.0,0.53,10.0,0.55,5.0,0.56,5.0,0.57,15.0,0.58,10.0,0.47,10.0,0.45,5.0,0.44,5.0,0.43,15.0,0.42,10.0,0.61,5.0,0.64,5.0,0.69,55.0,0.7,5.0,0.71,5.0,0.14,0.14,617.934163,1776163834000
1776163835.944,35.944,0.33,2.53,0.32,10.0,0.31,50.0,0.29,5.0,0.28,5.0,0.46,5.0,0.47,5.0,0.49,9.0,0.53,5.0,0.54,5.0,0.54,5.0,0.53,5.0,0.51,9.0,0.47,5.0,0.46,5.0,0.67,10.0,0.68,10.0,0.69,50.0,0.71,5.0,0.72,5.0,0.13,0.13,617.934163,1776163834000
1776163836.785,36.785,0.33,2.53,0.32,10.0,0.31,50.0,0.29,5.0,0.28,5.0,0.46,5.0,0.47,5.0,0.49,9.0,0.53,5.0,0.54,5.0,0.54,5.0,0.53,5.0,0.51,9.0,0.47,5.0,0.46,5.0,0.67,2.53,0.68,10.0,0.69,50.0,0.71,5.0,0.72,5.0,0.13,0.13,617.919186,1776163835000
1776163837.297,37.297,0.33,2.53,0.32,10.0,0.31,50.0,0.29,5.0,0.28,5.0,0.46,5.0,0.47,5.0,0.49,9.0,0.53,5.0,0.54,5.0,0.54,5.0,0.53,5.0,0.51,9.0,0.47,5.0,0.46,5.0,0.67,2.53,0.68,10.0,0.69,50.0,0.71,5.0,0.72,5.0,0.13,0.13,617.911032,1776163836000
1776163838.011,38.011,0.26,2.9,0.24,9.0,0.22,27.0,0.21,55.0,0.2,5.0,0.38,5.0,0.4,5.0,0.46,5.0,0.47,5.0,0.48,15.0,0.54,5.0,0.53,5.0,0.51,9.0,0.47,5.0,0.46,5.0,0.67,2.53,0.68,10.0,0.69,50.0,0.71,5.0,0.72,5.0,0.12,0.13,617.911032,1776163836000
1776163838.264,38.264,0.26,2.9,0.24,9.0,0.22,27.0,0.21,55.0,0.2,5.0,0.38,5.0,0.4,5.0,0.46,5.0,0.47,5.0,0.48,15.0,0.62,5.0,0.6,5.0,0.54,5.0,0.53,5.0,0.52,15.0,0.74,2.9,0.76,9.0,0.78,27.0,0.79,55.0,0.8,5.0,0.12,0.12,617.922619,1776163837000
1776163839.236,39.236,0.22,9.28,0.21,55.0,0.2,30.0,0.19,5.0,0.18,5.0,0.38,5.0,0.4,5.0,0.45,9.0,0.46,5.0,0.47,5.0,0.62,5.0,0.6,5.0,0.54,5.0,0.53,5.0,0.52,15.0,0.74,2.9,0.76,9.0,0.78,27.0,0.79,55.0,0.8,5.0,0.16,0.12,617.922619,1776163837000
1776163840.225,40.225,0.22,4.42,0.21,55.0,0.2,30.0,0.19,5.0,0.18,5.0,0.38,5.0,0.4,12.09,0.45,9.0,0.46,5.0,0.47,5.0,0.62,5.0,0.6,5.0,0.55,9.0,0.54,5.0,0.53,5.0,0.78,9.28,0.79,55.0,0.8,30.0,0.81,5.0,0.82,5.0,0.16,0.16,617.896514,1776163838000
1776163841.194,41.194,0.22,4.42,0.21,55.0,0.2,30.0,0.19,5.0,0.18,5.0,0.38,5.0,0.4,12.09,0.45,9.0,0.46,5.0,0.47,5.0,0.62,5.0,0.6,12.09,0.55,9.0,0.54,5.0,0.53,5.0,0.78,4.42,0.79,55.0,0.8,30.0,0.81,5.0,0.82,5.0,0.16,0.16,617.893244,1776163840000
1776163842.211,42.211,0.22,4.85,0.21,55.0,0.2,30.0,0.19,15.0,0.18,5.0,0.38,5.0,0.4,12.09,0.45,9.0,0.46,5.0,0.47,15.0,0.62,5.0,0.6,12.09,0.55,9.0,0.54,5.0,0.53,15.0,0.78,4.85,0.79,55.0,0.8,30.0,0.81,15.0,0.82,5.0,0.16,0.16,617.894532,1776163841000
1776163842.489,42.489,0.22,0.06,0.21,55.0,0.2,30.0,0.19,15.0,0.18,5.0,0.38,5.0,0.39,12.67,0.4,5.0,0.45,9.0,0.46,5.0,0.62,5.0,0.6,12.09,0.55,9.0,0.54,5.0,0.53,15.0,0.78,1.33,0.79,55.0,0.8,30.0,0.81,15.0,0.82,5.0,0.16,0.16,617.894532,1776163841000
1776163843.151,43.151,0.22,0.06,0.21,55.0,0.2,30.0,0.19,15.0,0.18,5.0,0.38,5.0,0.39,12.67,0.4,5.0,0.45,9.0,0.46,5.0,0.62,5.0,0.61,12.67,0.6,5.0,0.55,9.0,0.54,5.0,0.78,0.06,0.79,55.0,0.8,30.0,0.81,15.0,0.82,5.0,0.16,0.16,617.89465,1776163842000
1776163844.106,44.106,0.22,0.06,0.21,55.0,0.2,30.0,0.19,15.0,0.18,5.0,0.38,5.0,0.39,12.67,0.4,5.0,0.45,9.0,0.46,5.0,0.62,5.0,0.61,12.67,0.6,5.0,0.55,9.0,0.54,5.0,0.78,0.06,0.79,55.0,0.8,30.0,0.81,15.0,0.82,5.0,0.16,0.16,617.89247,1776163843000
1776163845.133,45.133,0.22,0.06,0.21,55.0,0.2,30.0,0.19,15.0,0.18,5.0,0.38,5.0,0.39,12.67,0.4,5.0,0.45,9.0,0.46,5.0,0.62,5.0,0.61,12.67,0.6,5.0,0.55,9.0,0.54,5.0,0.78,0.06,0.79,55.0,0.8,30.0,0.81,15.0,0.82,5.0,0.16,0.16,617.86951,1776163844000
1776163846.069,46.069,0.22,0.06,0.21,55.0,0.2,30.0,0.19,15.0,0.18,5.0,0.38,5.0,0.39,12.67,0.4,5.0,0.45,9.0,0.46,5.0,0.62,5.0,0.61,12.67,0.6,5.0,0.55,9.0,0.54,5.0,0.78,0.06,0.79,55.0,0.8,30.0,0.81,15.0,0.82,5.0,0.16,0.16,617.86798,1776163845000
1776163847.092,47.092,0.22,0.06,0.21,55.0,0.2,30.0,0.19,15.0,0.18,5.0,0.38,5.0,0.39,12.67,0.4,5.0,0.45,9.0,0.46,5.0,0.62,5.0,0.61,12.67,0.6,5.0,0.55,9.0,0.54,5.0,0.78,0.06,0.79,55.0,0.8,30.0,0.81,15.0,0.82,5.0,0.16,0.16,617.83496,1776163846000
1776163848.063,48.063,0.22,0.06,0.21,55.0,0.2,30.0,0.19,15.0,0.18,5.0,0.38,5.0,0.39,12.67,0.4,5.0,0.45,9.0,0.46,5.0,0.62,5.0,0.61,12.67,0.6,5.0,0.55,9.0,0.54,5.0,0.78,0.06,0.79,55.0,0.8,30.0,0.81,15.0,0.82,5.0,0.16,0.16,617.83949,1776163847000
1776163849.706,49.706,0.22,0.06,0.21,55.0,0.2,30.0,0.19,15.0,0.18,5.0,0.38,5.0,0.39,12.67,0.4,5.0,0.45,9.0,0.46,5.0,0.62,5.0,0.61,12.67,0.6,5.0,0.55,9.0,0.54,5.0,0.78,0.06,0.79,55.0,0.8,30.0,0.81,15.0,0.82,5.0,0.16,0.16,617.839,1776163848000
1776163850.971,50.971,0.22,0.06,0.21,55.0,0.2,30.0,0.19,15.0,0.18,5.0,0.38,5.0,0.39,12.67,0.4,5.0,0.45,9.0,0.46,5.0,0.62,5.0,0.61,12.67,0.6,5.0,0.55,9.0,0.54,5.0,0.78,0.06,0.79,55.0,0.8,30.0,0.81,15.0,0.82,5.0,0.16,0.16,617.83343,1776163849000
1776163851.741,51.741,0.22,0.06,0.21,55.0,0.2,30.0,0.19,15.0,0.18,5.0,0.38,5.0,0.39,12.67,0.4,5.0,0.45,9.0,0.46,5.0,0.62,5.0,0.61,12.67,0.6,5.0,0.55,9.0,0.54,5.0,0.78,0.06,0.79,55.0,0.8,30.0,0.81,15.0,0.82,5.0,0.16,0.16,617.84272,1776163850000
1776163852.396,52.396,0.22,0.06,0.21,55.0,0.2,30.0,0.19,15.0,0.18,5.0,0.38,5.0,0.39,12.67,0.4,5.0,0.45,9.0,0.46,5.0,0.62,5.0,0.61,12.67,0.6,5.0,0.55,9.0,0.54,5.0,0.78,0.06,0.79,55.0,0.8,30.0,0.81,15.0,0.82,5.0,0.16,0.16,617.84295,1776163851000
1776163853.347,53.347,0.22,0.06,0.21,55.0,0.2,30.0,0.19,15.0,0.18,5.0,0.38,5.0,0.39,12.67,0.4,5.0,0.45,9.0,0.46,5.0,0.62,5.0,0.61,12.67,0.6,5.0,0.55,9.0,0.54,5.0,0.78,0.06,0.79,55.0,0.8,30.0,0.81,15.0,0.82,5.0,0.16,0.16,617.83029,1776163852000
1776163854.079,54.079,0.22,0.06,0.21,55.0,0.2,30.0,0.19,15.0,0.18,5.0,0.38,5.0,0.39,12.67,0.4,5.0,0.45,9.0,0.46,5.0,0.62,5.0,0.61,12.67,0.6,5.0,0.55,9.0,0.54,5.0,0.78,0.06,0.79,55.0,0.8,30.0,0.81,15.0,0.82,5.0,0.16,0.16,617.81653,1776163853000
1776163855.502,55.502,0.22,0.06,0.21,55.0,0.2,30.0,0.19,15.0,0.18,5.0,0.38,5.0,0.39,12.67,0.4,5.0,0.45,9.0,0.46,5.0,0.62,5.0,0.61,12.67,0.6,5.0,0.55,9.0,0.54,5.0,0.78,0.06,0.79,55.0,0.8,30.0,0.81,15.0,0.82,5.0,0.16,0.16,617.82185,1776163854000
1776163856.153,56.153,0.22,0.06,0.21,55.0,0.2,30.0,0.19,15.0,0.18,5.0,0.38,5.0,0.39,12.67,0.4,5.0,0.45,9.0,0.46,5.0,0.62,5.0,0.61,12.67,0.6,5.0,0.55,9.0,0.54,5.0,0.78,0.06,0.79,55.0,0.8,30.0,0.81,15.0,0.82,5.0,0.16,0.16,617.81371,1776163855000
1776163857.581,57.581,0.22,0.06,0.21,55.0,0.2,30.0,0.19,15.0,0.18,5.0,0.38,5.0,0.39,12.67,0.4,5.0,0.45,9.0,0.46,5.0,0.62,5.0,0.61,12.67,0.6,5.0,0.55,9.0,0.54,5.0,0.78,0.06,0.79,55.0,0.8,30.0,0.81,15.0,0.82,5.0,0.16,0.16,617.81278,1776163856000
1776163858.273,58.273,0.22,0.06,0.21,55.0,0.2,30.0,0.19,15.0,0.18,5.0,0.38,5.0,0.39,12.67,0.4,5.0,0.45,9.0,0.46,5.0,0.62,5.0,0.61,12.67,0.6,5.0,0.55,9.0,0.54,5.0,0.78,0.06,0.79,55.0,0.8,30.0,0.81,15.0,0.82,5.0,0.16,0.16,617.81627,1776163857000
1776163859.763,59.763,0.22,0.06,0.21,55.0,0.2,30.0,0.19,15.0,0.18,5.0,0.38,5.0,0.39,12.67,0.4,5.0,0.45,9.0,0.46,5.0,0.62,5.0,0.61,12.67,0.6,5.0,0.55,9.0,0.54,5.0,0.78,0.06,0.79,55.0,0.8,30.0,0.81,15.0,0.82,5.0,0.16,0.16,617.83296,1776163858000
1776163860.272,60.272,0.22,0.06,0.21,55.0,0.2,30.0,0.19,15.0,0.18,5.0,0.38,5.0,0.39,12.67,0.4,5.0,0.45,9.0,0.46,5.0,0.62,5.0,0.61,12.67,0.6,5.0,0.55,9.0,0.54,5.0,0.78,0.06,0.79,55.0,0.8,30.0,0.81,15.0,0.82,5.0,0.16,0.16,617.83363,1776163859000
1776163861.793,61.793,0.22,0.06,0.21,55.0,0.2,30.0,0.19,15.0,0.18,5.0,0.38,5.0,0.39,12.67,0.4,5.0,0.45,9.0,0.46,5.0,0.62,5.0,0.61,12.67,0.6,5.0,0.55,9.0,0.54,5.0,0.78,0.06,0.79,55.0,0.8,30.0,0.81,15.0,0.82,5.0,0.16,0.16,617.83407,1776163860000
1776163862.636,62.636,0.22,0.06,0.21,55.0,0.2,30.0,0.19,15.0,0.18,5.0,0.38,5.0,0.39,12.67,0.4,5.0,0.45,9.0,0.46,5.0,0.62,5.0,0.61,12.67,0.6,5.0,0.55,9.0,0.54,5.0,0.78,0.06,0.79,55.0,0.8,30.0,0.81,15.0,0.82,5.0,0.16,0.16,617.83556,1776163861000
1776163863.319,63.319,0.22,0.06,0.21,55.0,0.2,30.0,0.19,15.0,0.18,5.0,0.38,5.0,0.39,12.67,0.4,5.0,0.45,9.0,0.46,5.0,0.62,5.0,0.61,12.67,0.6,5.0,0.55,9.0,0.54,5.0,0.78,0.06,0.79,55.0,0.8,30.0,0.81,15.0,0.82,5.0,0.16,0.16,617.87081,1776163862000
1776163864.068,64.068,0.22,0.06,0.21,55.0,0.2,30.0,0.19,15.0,0.18,5.0,0.38,5.0,0.39,12.67,0.4,5.0,0.45,9.0,0.46,5.0,0.62,5.0,0.61,12.67,0.6,5.0,0.55,9.0,0.54,5.0,0.78,0.06,0.79,55.0,0.8,30.0,0.81,15.0,0.82,5.0,0.16,0.16,617.89138,1776163863000
1776163865.579,65.579,0.22,0.06,0.21,55.0,0.2,30.0,0.19,15.0,0.18,5.0,0.38,5.0,0.39,12.67,0.4,5.0,0.45,9.0,0.46,5.0,0.62,5.0,0.61,12.67,0.6,5.0,0.55,9.0,0.54,5.0,0.78,0.06,0.79,55.0,0.8,30.0,0.81,15.0,0.82,5.0,0.16,0.16,617.89134,1776163864000
1776163866.303,66.303,0.22,0.06,0.21,55.0,0.2,30.0,0.19,15.0,0.18,5.0,0.38,5.0,0.39,12.67,0.4,5.0,0.45,9.0,0.46,5.0,0.62,5.0,0.61,12.67,0.6,5.0,0.55,9.0,0.54,5.0,0.78,0.06,0.79,55.0,0.8,30.0,0.81,15.0,0.82,5.0,0.16,0.16,617.89385,1776163865000
1776163867.811,67.811,0.22,0.06,0.21,55.0,0.2,30.0,0.19,15.0,0.18,5.0,0.38,5.0,0.39,12.67,0.4,5.0,0.45,9.0,0.46,5.0,0.62,5.0,0.61,12.67,0.6,5.0,0.55,9.0,0.54,5.0,0.78,0.06,0.79,55.0,0.8,30.0,0.81,15.0,0.82,5.0,0.16,0.16,617.86679,1776163866000
1776163868.803,68.803,0.22,0.06,0.21,55.0,0.2,30.0,0.19,15.0,0.18,5.0,0.38,5.0,0.39,12.67,0.4,5.0,0.45,9.0,0.46,5.0,0.62,5.0,0.61,12.67,0.6,5.0,0.55,9.0,0.54,5.0,0.78,0.06,0.79,55.0,0.8,30.0,0.81,15.0,0.82,5.0,0.16,0.16,617.86543,1776163867000
1776163869.36,69.36,0.22,0.06,0.21,55.0,0.2,30.0,0.19,15.0,0.18,5.0,0.38,5.0,0.39,12.67,0.4,5.0,0.45,9.0,0.46,5.0,0.62,5.0,0.61,12.67,0.6,5.0,0.55,9.0,0.54,5.0,0.78,0.06,0.79,55.0,0.8,30.0,0.81,15.0,0.82,5.0,0.16,0.16,617.86232,1776163868000
1776163870.643,70.643,0.22,0.06,0.21,55.0,0.2,30.0,0.19,15.0,0.18,5.0,0.38,5.0,0.39,12.67,0.4,5.0,0.45,9.0,0.46,5.0,0.62,5.0,0.61,12.67,0.6,5.0,0.55,9.0,0.54,5.0,0.78,0.06,0.79,55.0,0.8,30.0,0.81,15.0,0.82,5.0,0.16,0.16,617.8541,1776163869000
1776163871.239,71.239,0.22,0.06,0.21,55.0,0.2,30.0,0.19,15.0,0.18,5.0,0.38,5.0,0.39,12.67,0.4,5.0,0.45,9.0,0.46,5.0,0.62,5.0,0.61,12.67,0.6,5.0,0.55,9.0,0.54,5.0,0.78,0.06,0.79,55.0,0.8,30.0,0.81,15.0,0.82,5.0,0.16,0.16,617.83036,1776163870000
1776163872.567,72.567,0.22,0.06,0.21,55.0,0.2,30.0,0.19,15.0,0.18,5.0,0.38,5.0,0.39,12.67,0.4,5.0,0.45,9.0,0.46,5.0,0.62,5.0,0.61,12.67,0.6,5.0,0.55,9.0,0.54,5.0,0.78,0.06,0.79,55.0,0.8,30.0,0.81,15.0,0.82,5.0,0.16,0.16,617.86768,1776163871000
1776163873.201,73.201,0.22,0.06,0.21,55.0,0.2,30.0,0.19,15.0,0.18,5.0,0.38,5.0,0.39,12.67,0.4,5.0,0.45,9.0,0.46,5.0,0.62,5.0,0.61,12.67,0.6,5.0,0.55,9.0,0.54,5.0,0.78,0.06,0.79,55.0,0.8,30.0,0.81,15.0,0.82,5.0,0.16,0.16,617.891186,1776163872000
1776163874.546,74.546,0.22,0.06,0.21,55.0,0.2,30.0,0.19,15.0,0.18,5.0,0.38,5.0,0.39,12.67,0.4,5.0,0.45,9.0,0.46,5.0,0.62,5.0,0.61,12.67,0.6,5.0,0.55,9.0,0.54,5.0,0.78,0.06,0.79,55.0,0.8,30.0,0.81,15.0,0.82,5.0,0.16,0.16,617.89097,1776163873000
1776163875.134,75.134,0.22,0.06,0.21,55.0,0.2,30.0,0.19,15.0,0.18,5.0,0.38,5.0,0.39,12.67,0.4,5.0,0.45,9.0,0.46,5.0,0.62,5.0,0.61,12.67,0.6,5.0,0.55,9.0,0.54,5.0,0.78,0.06,0.79,55.0,0.8,30.0,0.81,15.0,0.82,5.0,0.16,0.16,617.892249,1776163874000
1776163876.265,76.265,0.22,0.06,0.21,55.0,0.2,30.0,0.19,15.0,0.18,5.0,0.38,5.0,0.39,12.67,0.4,5.0,0.45,9.0,0.46,5.0,0.62,5.0,0.61,12.67,0.6,5.0,0.55,9.0,0.54,5.0,0.78,0.06,0.79,55.0,0.8,30.0,0.81,15.0,0.82,5.0,0.16,0.16,617.846659,1776163875000
1776163877.471,77.471,0.22,0.06,0.21,55.0,0.2,30.0,0.19,15.0,0.18,5.0,0.38,5.0,0.39,12.67,0.4,5.0,0.45,9.0,0.46,5.0,0.62,5.0,0.61,12.67,0.6,5.0,0.55,9.0,0.54,5.0,0.78,0.06,0.79,55.0,0.8,30.0,0.81,15.0,0.82,5.0,0.16,0.16,617.81132,1776163876000
1776163877.807,77.807,0.31,45.0,0.21,50.0,0.2,16.2,0.19,16.89,0.18,44.6,0.39,12.67,0.42,5.0,0.43,15.6,0.44,10.6,0.45,24.5,0.62,5.0,0.61,12.67,0.6,5.0,0.55,9.0,0.54,5.0,0.78,0.06,0.79,55.0,0.8,30.0,0.81,15.0,0.82,5.0,0.08,0.16,617.81132,1776163876000
1776163878.049,78.049,0.31,45.0,0.21,50.0,0.2,16.2,0.19,16.89,0.18,44.6,0.39,12.67,0.42,5.0,0.43,15.6,0.44,10.6,0.45,24.5,0.61,12.67,0.58,5.0,0.57,15.6,0.56,10.6,0.55,24.5,0.69,45.0,0.79,50.0,0.8,16.2,0.81,16.89,0.82,44.6,0.08,0.08,617.81883,1776163877000
1776163879.194,79.194,0.31,45.0,0.21,50.0,0.2,16.2,0.19,16.89,0.18,44.6,0.39,12.67,0.42,5.0,0.43,15.6,0.44,10.6,0.45,24.5,0.61,12.67,0.58,5.0,0.57,15.6,0.56,10.6,0.55,24.5,0.69,45.0,0.79,50.0,0.8,16.2,0.81,16.89,0.82,44.6,0.08,0.08,617.825116,1776163878000
1776163880.51,80.51,0.31,45.0,0.21,50.0,0.2,16.2,0.19,16.89,0.18,44.6,0.39,12.67,0.42,5.0,0.43,15.6,0.44,10.6,0.45,24.5,0.61,12.67,0.58,5.0,0.57,15.6,0.56,10.6,0.55,24.5,0.69,45.0,0.79,50.0,0.8,16.2,0.81,16.89,0.82,44.6,0.08,0.08,617.84415,1776163879000
1776163881.21,81.21,0.31,45.0,0.21,50.0,0.2,16.2,0.19,16.89,0.18,44.6,0.39,12.67,0.42,5.0,0.43,15.6,0.44,10.6,0.45,24.5,0.61,12.67,0.58,5.0,0.57,15.6,0.56,10.6,0.55,24.5,0.69,45.0,0.79,50.0,0.8,16.2,0.81,16.89,0.82,44.6,0.08,0.08,617.867461,1776163880000
1776163882.354,82.354,0.31,45.0,0.21,50.0,0.2,16.2,0.19,16.89,0.18,44.6,0.39,12.67,0.42,5.0,0.43,15.6,0.44,10.6,0.45,24.5,0.61,12.67,0.58,5.0,0.57,15.6,0.56,10.6,0.55,24.5,0.69,45.0,0.79,50.0,0.8,16.2,0.81,16.89,0.82,44.6,0.08,0.08,617.86946,1776163881000
1776163882.909,82.909,0.31,45.0,0.21,50.0,0.2,16.2,0.19,16.89,0.18,44.6,0.39,12.67,0.42,5.0,0.43,15.6,0.44,10.6,0.45,24.5,0.61,12.67,0.58,5.0,0.57,15.6,0.56,10.6,0.55,24.5,0.69,45.0,0.79,50.0,0.8,16.2,0.81,16.89,0.82,44.6,0.08,0.08,617.882,1776163882000
1776163884.171,84.171,0.31,45.0,0.21,50.0,0.2,16.2,0.19,16.89,0.18,44.6,0.39,12.67,0.42,5.0,0.43,15.6,0.44,10.6,0.45,24.5,0.61,12.67,0.58,5.0,0.57,15.6,0.56,10.6,0.55,24.5,0.69,45.0,0.79,50.0,0.8,16.2,0.81,16.89,0.82,44.6,0.08,0.08,617.92445,1776163883000
1776163885.659,85.659,0.31,45.0,0.21,50.0,0.2,16.2,0.19,16.89,0.18,44.6,0.39,12.67,0.42,5.0,0.43,15.6,0.44,10.6,0.45,24.5,0.61,12.67,0.58,5.0,0.57,15.6,0.56,10.6,0.55,24.5,0.69,45.0,0.79,50.0,0.8,16.2,0.81,16.89,0.82,44.6,0.08,0.08,617.92413,1776163884000
1776163886.224,86.224,0.31,45.0,0.21,50.0,0.2,16.2,0.19,16.89,0.18,44.6,0.39,12.67,0.42,5.0,0.43,15.6,0.44,10.6,0.45,24.5,0.61,12.67,0.58,5.0,0.57,15.6,0.56,10.6,0.55,24.5,0.69,45.0,0.79,50.0,0.8,16.2,0.81,16.89,0.82,44.6,0.08,0.08,617.96459,1776163885000
1776163887.317,87.317,0.31,45.0,0.21,50.0,0.2,16.2,0.19,16.89,0.18,44.6,0.39,12.67,0.42,5.0,0.43,15.6,0.44,10.6,0.45,24.5,0.61,12.67,0.58,5.0,0.57,15.6,0.56,10.6,0.55,24.5,0.69,45.0,0.79,50.0,0.8,16.2,0.81,16.89,0.82,44.6,0.08,0.08,618.013908,1776163886000
1776163888.392,88.392,0.31,45.0,0.21,50.0,0.2,16.2,0.19,16.89,0.18,44.6,0.39,12.67,0.42,5.0,0.43,15.6,0.44,10.6,0.45,24.5,0.61,12.67,0.58,5.0,0.57,15.6,0.56,10.6,0.55,24.5,0.69,45.0,0.79,50.0,0.8,16.2,0.81,16.89,0.82,44.6,0.08,0.08,618.018257,1776163887000
1776163888.989,88.989,0.31,45.0,0.21,50.0,0.2,16.2,0.19,16.89,0.18,44.6,0.39,12.67,0.42,5.0,0.43,15.6,0.44,10.6,0.45,24.5,0.61,12.67,0.58,5.0,0.57,15.6,0.56,10.6,0.55,24.5,0.69,45.0,0.79,50.0,0.8,16.2,0.81,16.89,0.82,44.6,0.08,0.08,618.021925,1776163888000
1776163890.166,90.166,0.31,45.0,0.21,50.0,0.2,16.2,0.19,16.89,0.18,44.6,0.39,12.67,0.42,5.0,0.43,15.6,0.44,10.6,0.45,24.5,0.61,12.67,0.58,5.0,0.57,15.6,0.56,10.6,0.55,24.5,0.69,45.0,0.79,50.0,0.8,16.2,0.81,16.89,0.82,44.6,0.08,0.08,617.984204,1776163889000
1776163891.282,91.282,0.31,45.0,0.21,50.0,0.2,16.2,0.19,16.89,0.18,44.6,0.39,12.67,0.42,5.0,0.43,15.6,0.44,10.6,0.45,24.5,0.61,12.67,0.58,5.0,0.57,15.6,0.56,10.6,0.55,24.5,0.69,45.0,0.79,50.0,0.8,16.2,0.81,16.89,0.82,44.6,0.08,0.08,617.984535,1776163890000
1776163892.542,92.542,0.31,45.0,0.21,50.0,0.2,16.2,0.19,16.89,0.18,44.6,0.39,12.67,0.42,5.0,0.43,15.6,0.44,10.6,0.45,24.5,0.61,12.67,0.58,5.0,0.57,15.6,0.56,10.6,0.55,24.5,0.69,45.0,0.79,50.0,0.8,16.2,0.81,16.89,0.82,44.6,0.08,0.08,617.999489,1776163891000
1776163893.022,93.022,0.31,45.0,0.21,50.0,0.2,16.2,0.19,16.89,0.18,44.6,0.39,12.67,0.42,5.0,0.43,15.6,0.44,10.6,0.45,24.5,0.61,12.67,0.58,5.0,0.57,15.6,0.56,10.6,0.55,24.5,0.69,45.0,0.79,50.0,0.8,16.2,0.81,16.89,0.82,44.6,0.08,0.08,617.999705,1776163892000
1776163894.139,94.139,0.31,53.82,0.3,12.4,0.29,12.6,0.28,29.9,0.27,13.2,0.44,12.67,0.46,10.5,0.47,10.4,0.48,10.4,0.49,10.4,0.56,12.67,0.54,10.5,0.53,10.4,0.52,10.4,0.51,10.4,0.69,53.82,0.7,12.4,0.71,12.6,0.72,29.9,0.73,13.2,0.13,0.13,618.000092,1776163893000
1776163895.175,95.175,0.31,53.82,0.3,12.4,0.29,12.6,0.28,29.9,0.27,13.2,0.44,12.67,0.46,10.5,0.47,10.4,0.48,10.4,0.49,10.4,0.56,12.67,0.54,10.5,0.53,10.4,0.52,10.4,0.51,10.4,0.69,53.82,0.7,12.4,0.71,12.6,0.72,29.9,0.73,13.2,0.13,0.13,617.976935,1776163894000
1776163896.362,96.362,0.31,53.82,0.3,12.4,0.29,12.6,0.28,29.9,0.27,13.2,0.44,12.67,0.46,10.5,0.47,10.4,0.48,10.4,0.49,10.4,0.56,12.67,0.54,10.5,0.53,10.4,0.52,10.4,0.51,10.4,0.69,53.82,0.7,12.4,0.71,12.6,0.72,29.9,0.73,13.2,0.13,0.13,617.995043,1776163895000
1776163897.484,97.484,0.31,53.82,0.3,12.4,0.29,12.6,0.28,29.9,0.27,13.2,0.44,12.67,0.46,10.5,0.47,10.4,0.48,10.4,0.49,10.4,0.56,12.67,0.54,10.5,0.53,10.4,0.52,10.4,0.51,10.4,0.69,53.82,0.7,12.4,0.71,12.6,0.72,29.9,0.73,13.2,0.13,0.13,618.039918,1776163896000
1776163898.037,98.037,0.31,53.82,0.3,12.4,0.29,12.6,0.28,29.9,0.27,13.2,0.44,12.67,0.46,10.5,0.47,10.4,0.48,10.4,0.49,10.4,0.56,12.67,0.54,10.5,0.53,10.4,0.52,10.4,0.51,10.4,0.69,53.82,0.7,12.4,0.71,12.6,0.72,29.9,0.73,13.2,0.13,0.13,618.03913,1776163897000
1776163899.093,99.093,0.31,53.82,0.3,12.4,0.29,12.6,0.28,29.9,0.27,13.2,0.44,12.67,0.46,10.5,0.47,10.4,0.48,10.4,0.49,10.4,0.56,12.67,0.54,10.5,0.53,10.4,0.52,10.4,0.51,10.4,0.69,53.82,0.7,12.4,0.71,12.6,0.72,29.9,0.73,13.2,0.13,0.13,618.009387,1776163898000
1776163900.079,100.079,0.31,53.82,0.3,12.4,0.29,12.6,0.28,29.9,0.27,13.2,0.44,12.67,0.46,10.5,0.47,10.4,0.48,10.4,0.49,10.4,0.56,12.67,0.54,10.5,0.53,10.4,0.52,10.4,0.51,10.4,0.69,53.82,0.7,12.4,0.71,12.6,0.72,29.9,0.73,13.2,0.13,0.13,618.009769,1776163899000
1776163901.092,101.092,0.31,53.82,0.3,12.4,0.29,12.6,0.28,29.9,0.27,13.2,0.44,12.67,0.46,10.5,0.47,10.4,0.48,10.4,0.49,10.4,0.56,12.67,0.54,10.5,0.53,10.4,0.52,10.4,0.51,10.4,0.69,53.82,0.7,12.4,0.71,12.6,0.72,29.9,0.73,13.2,0.13,0.13,618.03319,1776163900000
1776163901.618,101.618,0.35,9.84,0.34,11.6,0.33,11.8,0.32,11.9,0.31,53.82,0.45,12.67,0.5,10.4,0.51,10.4,0.52,25.4,0.53,15.4,0.56,12.67,0.54,10.5,0.53,10.4,0.52,10.4,0.51,10.4,0.69,53.82,0.7,12.4,0.71,12.6,0.72,29.9,0.73,13.2,0.1,0.13,618.03319,1776163900000
1776163901.972,101.972,0.35,9.84,0.34,11.6,0.33,11.8,0.32,11.9,0.31,53.82,0.45,12.67,0.5,10.4,0.51,10.4,0.52,25.4,0.53,15.4,0.55,12.67,0.5,10.4,0.49,10.4,0.48,25.4,0.47,15.4,0.65,9.84,0.66,11.6,0.67,11.8,0.68,11.9,0.69,53.82,0.1,0.1,618.026241,1776163901000
1776163902.909,102.909,0.35,9.84,0.34,11.6,0.33,11.8,0.32,11.9,0.31,53.82,0.45,12.67,0.5,10.4,0.51,10.4,0.52,25.4,0.53,15.4,0.55,12.67,0.5,10.4,0.49,10.4,0.48,25.4,0.47,15.4,0.65,9.84,0.66,11.6,0.67,11.8,0.68,11.9,0.69,53.82,0.1,0.1,618.025896,1776163902000
1776163903.87,103.87,0.35,9.84,0.34,11.6,0.33,11.8,0.32,11.9,0.31,53.82,0.45,12.67,0.5,10.4,0.51,10.4,0.52,25.4,0.53,15.4,0.55,12.67,0.5,10.4,0.49,10.4,0.48,25.4,0.47,15.4,0.65,9.84,0.66,11.6,0.67,11.8,0.68,11.9,0.69,53.82,0.1,0.1,618.025716,1776163903000
1776163905.287,105.287,0.35,9.84,0.34,11.6,0.33,11.8,0.32,11.9,0.31,53.82,0.45,12.67,0.5,10.4,0.51,10.4,0.52,25.4,0.53,15.4,0.55,12.67,0.5,10.4,0.49,10.4,0.48,25.4,0.47,15.4,0.65,9.84,0.66,11.6,0.67,11.8,0.68,11.9,0.69,53.82,0.1,0.1,618.022629,1776163904000
1776163906.315,106.315,0.35,9.84,0.34,11.6,0.33,11.8,0.32,11.9,0.31,53.82,0.45,12.67,0.5,10.4,0.51,10.4,0.52,25.4,0.53,15.4,0.55,12.67,0.5,10.4,0.49,10.4,0.48,25.4,0.47,15.4,0.65,9.84,0.66,11.6,0.67,11.8,0.68,11.9,0.69,53.82,0.1,0.1,618.061419,1776163905000
1776163907.165,107.165,0.35,9.84,0.34,11.6,0.33,11.8,0.32,11.9,0.31,53.82,0.45,12.67,0.5,10.4,0.51,10.4,0.52,25.4,0.53,15.4,0.55,12.67,0.5,10.4,0.49,10.4,0.48,25.4,0.47,15.4,0.65,9.84,0.66,11.6,0.67,11.8,0.68,11.9,0.69,53.82,0.1,0.1,618.061365,1776163906000
1776163908.166,108.166,0.35,9.84,0.34,11.6,0.33,11.8,0.32,11.9,0.31,53.82,0.45,12.67,0.5,10.4,0.51,10.4,0.52,25.4,0.53,15.4,0.55,12.67,0.5,10.4,0.49,10.4,0.48,25.4,0.47,15.4,0.65,9.84,0.66,11.6,0.67,11.8,0.68,11.9,0.69,53.82,0.1,0.1,618.061431,1776163907000
1776163908.626,108.626,0.41,50.0,0.37,11.2,0.36,11.3,0.35,11.4,0.34,25.6,0.5,4.93,0.54,10.0,0.57,5.0,0.58,5.0,0.59,27.0,0.55,12.67,0.5,10.4,0.49,10.4,0.48,25.4,0.47,15.4,0.65,9.84,0.66,11.6,0.67,11.8,0.68,11.9,0.69,53.82,0.09,0.1,618.061431,1776163907000
1776163909.137,109.137,0.41,50.0,0.37,11.2,0.36,11.3,0.35,11.4,0.34,25.6,0.5,4.93,0.54,10.0,0.57,5.0,0.58,5.0,0.59,27.0,0.5,4.93,0.46,10.0,0.43,5.0,0.42,5.0,0.41,27.0,0.59,50.0,0.63,11.2,0.64,11.3,0.65,11.4,0.66,25.6,0.09,0.09,618.061935,1776163908000
1776163909.652,109.652,0.41,50.0,0.38,11.0,0.37,11.2,0.36,11.3,0.35,11.4,0.54,10.0,0.57,5.0,0.58,5.0,0.59,27.0,0.6,15.8,0.5,4.93,0.46,10.0,0.43,5.0,0.42,5.0,0.41,27.0,0.59,50.0,0.63,11.2,0.64,11.3,0.65,11.4,0.66,25.6,0.13,0.09,618.061935,1776163908000
1776163910.003,110.003,0.41,50.0,0.38,11.0,0.37,11.2,0.36,11.3,0.35,11.4,0.54,10.0,0.57,5.0,0.58,5.0,0.59,27.0,0.6,15.8,0.46,10.0,0.43,5.0,0.42,5.0,0.41,27.0,0.4,15.8,0.59,50.0,0.62,11.0,0.63,11.2,0.64,11.3,0.65,11.4,0.13,0.13,618.05601,1776163909000
1776163911.087,111.087,0.41,50.0,0.38,11.0,0.37,11.2,0.36,11.3,0.35,11.4,0.54,10.0,0.57,5.0,0.58,5.0,0.59,27.0,0.6,15.8,0.46,10.0,0.43,5.0,0.42,5.0,0.41,27.0,0.4,15.8,0.59,50.0,0.62,11.0,0.63,11.2,0.64,11.3,0.65,11.4,0.13,0.13,617.982346,1776163910000
1776163912.632,112.632,0.41,50.0,0.38,11.0,0.37,11.2,0.36,11.3,0.35,11.4,0.54,10.0,0.57,5.0,0.58,5.0,0.59,27.0,0.6,15.8,0.46,10.0,0.43,5.0,0.42,5.0,0.41,27.0,0.4,15.8,0.59,50.0,0.62,11.0,0.63,11.2,0.64,11.3,0.65,11.4,0.13,0.13,617.980146,1776163911000
1776163912.974,112.974,0.44,8.79,0.43,10.6,0.42,10.7,0.41,60.7,0.4,10.8,0.54,10.0,0.57,5.0,0.58,5.0,0.59,17.0,0.6,25.8,0.46,10.0,0.43,5.0,0.42,5.0,0.41,27.0,0.4,15.8,0.59,50.0,0.62,11.0,0.63,11.2,0.64,11.3,0.65,11.4,0.1,0.13,617.980146,1776163911000
1776163913.329,113.329,0.44,8.79,0.43,10.6,0.42,10.7,0.41,60.7,0.4,10.8,0.54,10.0,0.57,5.0,0.58,5.0,0.59,17.0,0.6,25.8,0.46,10.0,0.43,5.0,0.42,5.0,0.41,17.0,0.4,25.8,0.56,8.79,0.57,10.6,0.58,10.7,0.59,60.7,0.6,10.8,0.1,0.1,618.068565,1776163912000
1776163914.234,114.234,0.44,8.79,0.43,10.6,0.42,10.7,0.41,60.7,0.4,10.8,0.54,10.0,0.57,5.0,0.58,5.0,0.59,17.0,0.6,25.8,0.46,10.0,0.43,5.0,0.42,5.0,0.41,17.0,0.4,25.8,0.56,8.79,0.57,10.6,0.58,10.7,0.59,60.7,0.6,10.8,0.1,0.1,618.067947,1776163913000
1776163915.277,115.277,0.44,8.79,0.43,10.6,0.42,10.7,0.41,60.7,0.4,10.8,0.54,10.0,0.57,5.0,0.58,5.0,0.59,17.0,0.6,25.8,0.46,10.0,0.43,5.0,0.42,5.0,0.41,17.0,0.4,25.8,0.56,8.79,0.57,10.6,0.58,10.7,0.59,60.7,0.6,10.8,0.1,0.1,618.069067,1776163914000
1776163916.216,116.216,0.44,8.79,0.43,10.6,0.42,10.7,0.41,60.7,0.4,10.8,0.54,10.0,0.57,5.0,0.58,5.0,0.59,17.0,0.6,25.8,0.46,10.0,0.43,5.0,0.42,5.0,0.41,17.0,0.4,25.8,0.56,8.79,0.57,10.6,0.58,10.7,0.59,60.7,0.6,10.8,0.1,0.1,618.068051,1776163915000
1776163917.147,117.147,0.44,8.79,0.43,10.6,0.42,10.7,0.41,60.7,0.4,10.8,0.54,10.0,0.57,5.0,0.58,5.0,0.59,17.0,0.6,25.8,0.46,10.0,0.43,5.0,0.42,5.0,0.41,17.0,0.4,25.8,0.56,8.79,0.57,10.6,0.58,10.7,0.59,60.7,0.6,10.8,0.1,0.1,618.028657,1776163916000
1776163918.145,118.145,0.44,8.79,0.43,10.6,0.42,10.7,0.41,60.7,0.4,10.8,0.54,10.0,0.57,5.0,0.58,5.0,0.59,17.0,0.6,25.8,0.46,10.0,0.43,5.0,0.42,5.0,0.41,17.0,0.4,25.8,0.56,8.79,0.57,10.6,0.58,10.7,0.59,60.7,0.6,10.8,0.1,0.1,618.036642,1776163917000
1776163919.07,119.07,0.44,8.79,0.43,10.6,0.42,10.7,0.41,60.7,0.4,10.8,0.54,10.0,0.57,5.0,0.58,5.0,0.59,17.0,0.6,25.8,0.46,10.0,0.43,5.0,0.42,5.0,0.41,17.0,0.4,25.8,0.56,8.79,0.57,10.6,0.58,10.7,0.59,60.7,0.6,10.8,0.1,0.1,618.028919,1776163918000
1776163920.086,120.086,0.44,8.79,0.43,10.6,0.42,10.7,0.41,60.7,0.4,10.8,0.54,10.0,0.57,5.0,0.58,5.0,0.59,17.0,0.6,25.8,0.46,10.0,0.43,5.0,0.42,5.0,0.41,17.0,0.4,25.8,0.56,8.79,0.57,10.6,0.58,10.7,0.59,60.7,0.6,10.8,0.1,0.1,618.028972,1776163919000
1776163921.098,121.098,0.44,8.79,0.43,10.6,0.42,10.7,0.41,60.7,0.4,10.8,0.54,10.0,0.57,5.0,0.58,5.0,0.59,17.0,0.6,25.8,0.46,10.0,0.43,5.0,0.42,5.0,0.41,17.0,0.4,25.8,0.56,8.79,0.57,10.6,0.58,10.7,0.59,60.7,0.6,10.8,0.1,0.1,618.031142,1776163920000
1776163922.2,122.2,0.44,8.79,0.43,10.6,0.42,10.7,0.41,60.7,0.4,10.8,0.54,10.0,0.57,5.0,0.58,5.0,0.59,17.0,0.6,25.8,0.46,10.0,0.43,5.0,0.42,5.0,0.41,17.0,0.4,25.8,0.56,8.79,0.57,10.6,0.58,10.7,0.59,60.7,0.6,10.8,0.1,0.1,618.02458,1776163921000
1776163923.135,123.135,0.44,8.79,0.43,10.6,0.42,10.7,0.41,60.7,0.4,10.8,0.54,10.0,0.57,5.0,0.58,5.0,0.59,17.0,0.6,25.8,0.46,10.0,0.43,5.0,0.42,5.0,0.41,17.0,0.4,25.8,0.56,8.79,0.57,10.6,0.58,10.7,0.59,60.7,0.6,10.8,0.1,0.1,618.02786,1776163922000
1776163924.175,124.175,0.44,8.79,0.43,10.6,0.42,10.7,0.41,60.7,0.4,10.8,0.54,10.0,0.57,5.0,0.58,5.0,0.59,17.0,0.6,25.8,0.46,10.0,0.43,5.0,0.42,5.0,0.41,17.0,0.4,25.8,0.56,8.79,0.57,10.6,0.58,10.7,0.59,60.7,0.6,10.8,0.1,0.1,618.03564,1776163923000
1776163925.748,125.748,0.44,8.79,0.43,10.6,0.42,10.7,0.41,60.7,0.4,10.8,0.54,10.0,0.57,5.0,0.58,5.0,0.59,17.0,0.6,25.8,0.46,10.0,0.43,5.0,0.42,5.0,0.41,17.0,0.4,25.8,0.56,8.79,0.57,10.6,0.58,10.7,0.59,60.7,0.6,10.8,0.1,0.1,617.98067,1776163924000
1776163926.274,126.274,0.44,8.79,0.43,10.6,0.42,10.7,0.41,60.7,0.4,10.8,0.54,10.0,0.57,5.0,0.58,5.0,0.59,17.0,0.6,25.8,0.46,10.0,0.43,5.0,0.42,5.0,0.41,17.0,0.4,25.8,0.56,8.79,0.57,10.6,0.58,10.7,0.59,60.7,0.6,10.8,0.1,0.1,617.98067,1776163925000
1776163927.313,127.313,0.44,8.79,0.43,10.6,0.42,10.7,0.41,60.7,0.4,10.8,0.54,10.0,0.57,5.0,0.58,5.0,0.59,17.0,0.6,25.8,0.46,10.0,0.43,5.0,0.42,5.0,0.41,17.0,0.4,25.8,0.56,8.79,0.57,10.6,0.58,10.7,0.59,60.7,0.6,10.8,0.1,0.1,617.967451,1776163926000
1776163928.233,128.233,0.44,8.79,0.43,10.6,0.42,10.7,0.41,60.7,0.4,10.8,0.54,10.0,0.57,5.0,0.58,5.0,0.59,17.0,0.6,25.8,0.46,10.0,0.43,5.0,0.42,5.0,0.41,17.0,0.4,25.8,0.56,8.79,0.57,10.6,0.58,10.7,0.59,60.7,0.6,10.8,0.1,0.1,617.991283,1776163927000
1776163929.244,129.244,0.44,8.79,0.43,10.6,0.42,10.7,0.41,60.7,0.4,10.8,0.54,10.0,0.57,5.0,0.58,5.0,0.59,17.0,0.6,25.8,0.46,10.0,0.43,5.0,0.42,5.0,0.41,17.0,0.4,25.8,0.56,8.79,0.57,10.6,0.58,10.7,0.59,60.7,0.6,10.8,0.1,0.1,617.991162,1776163928000
1776163930.174,130.174,0.44,8.79,0.43,10.6,0.42,10.7,0.41,60.7,0.4,10.8,0.54,10.0,0.57,5.0,0.58,5.0,0.59,17.0,0.6,25.8,0.46,10.0,0.43,5.0,0.42,5.0,0.41,17.0,0.4,25.8,0.56,8.79,0.57,10.6,0.58,10.7,0.59,60.7,0.6,10.8,0.1,0.1,617.982302,1776163929000
1776163931.176,131.176,0.44,8.79,0.43,10.6,0.42,10.7,0.41,60.7,0.4,10.8,0.54,10.0,0.57,5.0,0.58,5.0,0.59,17.0,0.6,25.8,0.46,10.0,0.43,5.0,0.42,5.0,0.41,17.0,0.4,25.8,0.56,8.79,0.57,10.6,0.58,10.7,0.59,60.7,0.6,10.8,0.1,0.1,617.979073,1776163930000
1776163932.194,132.194,0.44,8.79,0.43,10.6,0.42,10.7,0.41,60.7,0.4,10.8,0.54,10.0,0.57,5.0,0.58,5.0,0.59,17.0,0.6,25.8,0.46,10.0,0.43,5.0,0.42,5.0,0.41,17.0,0.4,25.8,0.56,8.79,0.57,10.6,0.58,10.7,0.59,60.7,0.6,10.8,0.1,0.1,617.978208,1776163931000
1776163933.221,133.221,0.44,8.79,0.43,10.6,0.42,10.7,0.41,60.7,0.4,10.8,0.54,10.0,0.57,5.0,0.58,5.0,0.59,17.0,0.6,25.8,0.46,10.0,0.43,5.0,0.42,5.0,0.41,17.0,0.4,25.8,0.56,8.79,0.57,10.6,0.58,10.7,0.59,60.7,0.6,10.8,0.1,0.1,617.975124,1776163932000
1776163934.125,134.125,0.44,8.79,0.43,10.6,0.42,10.7,0.41,60.7,0.4,10.8,0.54,10.0,0.57,5.0,0.58,5.0,0.59,17.0,0.6,25.8,0.46,10.0,0.43,5.0,0.42,5.0,0.41,17.0,0.4,25.8,0.56,8.79,0.57,10.6,0.58,10.7,0.59,60.7,0.6,10.8,0.1,0.1,617.989659,1776163933000
1776163935.077,135.077,0.44,8.79,0.43,10.6,0.42,10.7,0.41,60.7,0.4,10.8,0.54,10.0,0.57,5.0,0.58,5.0,0.59,17.0,0.6,25.8,0.46,10.0,0.43,5.0,0.42,5.0,0.41,17.0,0.4,25.8,0.56,8.79,0.57,10.6,0.58,10.7,0.59,60.7,0.6,10.8,0.1,0.1,617.990409,1776163934000
1776163936.19,136.19,0.44,8.79,0.43,10.6,0.42,10.7,0.41,60.7,0.4,10.8,0.54,10.0,0.57,5.0,0.58,5.0,0.59,17.0,0.6,25.8,0.46,10.0,0.43,5.0,0.42,5.0,0.41,17.0,0.4,25.8,0.56,8.79,0.57,10.6,0.58,10.7,0.59,60.7,0.6,10.8,0.1,0.1,618.004203,1776163935000
1776163937.09,137.09,0.44,8.79,0.43,10.6,0.42,10.7,0.41,60.7,0.4,10.8,0.54,10.0,0.57,5.0,0.58,5.0,0.59,17.0,0.6,25.8,0.46,10.0,0.43,5.0,0.42,5.0,0.41,17.0,0.4,25.8,0.56,8.79,0.57,10.6,0.58,10.7,0.59,60.7,0.6,10.8,0.1,0.1,618.005251,1776163936000
1776163938.502,138.502,0.44,8.79,0.43,10.6,0.42,10.7,0.41,60.7,0.4,10.8,0.54,10.0,0.57,5.0,0.58,5.0,0.59,17.0,0.6,25.8,0.46,10.0,0.43,5.0,0.42,5.0,0.41,17.0,0.4,25.8,0.56,8.79,0.57,10.6,0.58,10.7,0.59,60.7,0.6,10.8,0.1,0.1,618.005257,1776163937000
1776163939.019,139.019,0.44,8.79,0.43,10.6,0.42,10.7,0.41,60.7,0.4,10.8,0.54,10.0,0.57,5.0,0.58,5.0,0.59,17.0,0.6,25.8,0.46,10.0,0.43,5.0,0.42,5.0,0.41,17.0,0.4,25.8,0.56,8.79,0.57,10.6,0.58,10.7,0.59,60.7,0.6,10.8,0.1,0.1,618.006138,1776163938000
1776163940.043,140.043,0.44,8.79,0.43,10.6,0.42,10.7,0.41,60.7,0.4,10.8,0.54,10.0,0.57,5.0,0.58,5.0,0.59,17.0,0.6,25.8,0.46,10.0,0.43,5.0,0.42,5.0,0.41,17.0,0.4,25.8,0.56,8.79,0.57,10.6,0.58,10.7,0.59,60.7,0.6,10.8,0.1,0.1,618.006138,1776163939000
1776163940.96,140.96,0.32,15.0,0.31,53.82,0.3,12.4,0.29,12.6,0.28,12.9,0.46,14.6,0.47,15.4,0.48,10.4,0.49,10.4,0.5,10.4,0.46,10.0,0.43,5.0,0.42,5.0,0.41,17.0,0.4,25.8,0.56,8.79,0.57,10.6,0.58,10.7,0.59,60.7,0.6,10.8,0.14,0.1,618.006138,1776163939000
1776163942.007,142.007,0.32,15.0,0.31,53.82,0.3,12.4,0.29,12.6,0.28,12.9,0.46,14.6,0.47,15.4,0.48,10.4,0.49,10.4,0.5,10.4,0.54,14.6,0.53,15.4,0.52,10.4,0.51,10.4,0.5,10.4,0.68,15.0,0.69,53.82,0.7,12.4,0.71,12.6,0.72,12.9,0.14,0.14,618.000859,1776163941000
1776163943.044,143.044,0.32,15.0,0.31,53.82,0.3,12.4,0.29,12.6,0.28,12.9,0.46,14.6,0.47,15.4,0.48,10.4,0.49,10.4,0.5,10.4,0.54,14.6,0.53,15.4,0.52,10.4,0.51,10.4,0.5,10.4,0.68,15.0,0.69,53.82,0.7,12.4,0.71,12.6,0.72,12.9,0.14,0.14,618.005329,1776163942000
1776163943.998,143.998,0.32,15.0,0.31,53.82,0.3,12.4,0.29,12.6,0.28,12.9,0.46,14.6,0.47,15.4,0.48,10.4,0.49,10.4,0.5,10.4,0.54,14.6,0.53,15.4,0.52,10.4,0.51,10.4,0.5,10.4,0.68,15.0,0.69,53.82,0.7,12.4,0.71,12.6,0.72,12.9,0.14,0.14,618.04385,1776163943000
1776163944.966,144.966,0.32,15.0,0.31,53.82,0.3,12.4,0.29,12.6,0.28,12.9,0.46,14.6,0.47,15.4,0.48,10.4,0.49,10.4,0.5,10.4,0.54,14.6,0.53,15.4,0.52,10.4,0.51,10.4,0.5,10.4,0.68,15.0,0.69,53.82,0.7,12.4,0.71,12.6,0.72,12.9,0.14,0.14,618.013567,1776163944000
1776163945.972,145.972,0.32,15.0,0.31,53.82,0.3,12.4,0.29,12.6,0.28,12.9,0.46,14.6,0.47,15.4,0.48,10.4,0.49,10.4,0.5,10.4,0.54,14.6,0.53,15.4,0.52,10.4,0.51,10.4,0.5,10.4,0.68,15.0,0.69,53.82,0.7,12.4,0.71,12.6,0.72,12.9,0.14,0.14,617.99366,1776163945000
1776163946.949,146.949,0.32,15.0,0.31,53.82,0.3,12.4,0.29,12.6,0.28,12.9,0.46,14.6,0.47,15.4,0.48,10.4,0.49,10.4,0.5,10.4,0.54,14.6,0.53,15.4,0.52,10.4,0.51,10.4,0.5,10.4,0.68,15.0,0.69,53.82,0.7,12.4,0.71,12.6,0.72,12.9,0.14,0.14,617.9972,1776163946000
1776163947.938,147.938,0.32,15.0,0.31,53.82,0.3,12.4,0.29,12.6,0.28,12.9,0.46,14.6,0.47,15.4,0.48,10.4,0.49,10.4,0.5,10.4,0.54,14.6,0.53,15.4,0.52,10.4,0.51,10.4,0.5,10.4,0.68,15.0,0.69,53.82,0.7,12.4,0.71,12.6,0.72,12.9,0.14,0.14,617.99666,1776163947000
1776163948.871,148.871,0.32,15.0,0.31,53.82,0.3,12.4,0.29,12.6,0.28,12.9,0.46,14.6,0.47,15.4,0.48,10.4,0.49,10.4,0.5,10.4,0.54,14.6,0.53,15.4,0.52,10.4,0.51,10.4,0.5,10.4,0.68,15.0,0.69,53.82,0.7,12.4,0.71,12.6,0.72,12.9,0.14,0.14,617.99697,1776163948000
1776163949.979,149.979,0.32,15.0,0.31,53.82,0.3,12.4,0.29,12.6,0.28,12.9,0.46,14.6,0.47,15.4,0.48,10.4,0.49,10.4,0.5,10.4,0.54,14.6,0.53,15.4,0.52,10.4,0.51,10.4,0.5,10.4,0.68,15.0,0.69,53.82,0.7,12.4,0.71,12.6,0.72,12.9,0.14,0.14,617.99697,1776163949000
1776163951.674,151.674,0.32,15.0,0.31,53.82,0.3,12.4,0.29,12.6,0.28,12.9,0.46,14.6,0.47,15.4,0.48,10.4,0.49,10.4,0.5,10.4,0.54,14.6,0.53,15.4,0.52,10.4,0.51,10.4,0.5,10.4,0.68,15.0,0.69,53.82,0.7,12.4,0.71,12.6,0.72,12.9,0.14,0.14,617.99834,1776163950000
1776163952.343,152.343,0.32,15.0,0.31,53.82,0.3,12.4,0.29,12.6,0.28,12.9,0.46,14.6,0.47,15.4,0.48,10.4,0.49,10.4,0.5,10.4,0.54,14.6,0.53,15.4,0.52,10.4,0.51,10.4,0.5,10.4,0.68,15.0,0.69,53.82,0.7,12.4,0.71,12.6,0.72,12.9,0.14,0.14,618.0036,1776163951000
1776163953.53,153.53,0.32,15.0,0.31,53.82,0.3,12.4,0.29,12.6,0.28,12.9,0.46,14.6,0.47,15.4,0.48,10.4,0.49,10.4,0.5,10.4,0.54,14.6,0.53,15.4,0.52,10.4,0.51,10.4,0.5,10.4,0.68,15.0,0.69,53.82,0.7,12.4,0.71,12.6,0.72,12.9,0.14,0.14,618.00412,1776163952000
1776163954.359,154.359,0.32,15.0,0.31,53.82,0.3,12.4,0.29,12.6,0.28,12.9,0.46,14.6,0.47,15.4,0.48,10.4,0.49,10.4,0.5,10.4,0.54,14.6,0.53,15.4,0.52,10.4,0.51,10.4,0.5,10.4,0.68,15.0,0.69,53.82,0.7,12.4,0.71,12.6,0.72,12.9,0.14,0.14,618.00431,1776163953000
1776163955.698,155.698,0.32,15.0,0.31,53.82,0.3,12.4,0.29,12.6,0.28,12.9,0.46,14.6,0.47,15.4,0.48,10.4,0.49,10.4,0.5,10.4,0.54,14.6,0.53,15.4,0.52,10.4,0.51,10.4,0.5,10.4,0.68,15.0,0.69,53.82,0.7,12.4,0.71,12.6,0.72,12.9,0.14,0.14,617.99323,1776163954000
1776163956.426,156.426,0.32,15.0,0.31,53.82,0.3,12.4,0.29,12.6,0.28,12.9,0.46,14.6,0.47,15.4,0.48,10.4,0.49,10.4,0.5,10.4,0.54,14.6,0.53,15.4,0.52,10.4,0.51,10.4,0.5,10.4,0.68,15.0,0.69,53.82,0.7,12.4,0.71,12.6,0.72,12.9,0.14,0.14,617.98098,1776163955000
1776163957.696,157.696,0.32,15.0,0.31,53.82,0.3,12.4,0.29,12.6,0.28,12.9,0.46,14.6,0.47,15.4,0.48,10.4,0.49,10.4,0.5,10.4,0.54,14.6,0.53,15.4,0.52,10.4,0.51,10.4,0.5,10.4,0.68,15.0,0.69,53.82,0.7,12.4,0.71,12.6,0.72,12.9,0.14,0.14,617.986751,1776163956000
1776163958.709,158.709,0.32,15.0,0.31,53.82,0.3,12.4,0.29,12.6,0.28,12.9,0.46,14.6,0.47,15.4,0.48,10.4,0.49,10.4,0.5,10.4,0.54,14.6,0.53,15.4,0.52,10.4,0.51,10.4,0.5,10.4,0.68,15.0,0.69,53.82,0.7,12.4,0.71,12.6,0.72,12.9,0.14,0.14,617.998068,1776163957000
1776163959.374,159.374,0.32,15.0,0.31,53.82,0.3,12.4,0.29,12.6,0.28,12.9,0.46,14.6,0.47,15.4,0.48,10.4,0.49,10.4,0.5,10.4,0.54,14.6,0.53,15.4,0.52,10.4,0.51,10.4,0.5,10.4,0.68,15.0,0.69,53.82,0.7,12.4,0.71,12.6,0.72,12.9,0.14,0.14,617.99328,1776163958000
1776163960.617,160.617,0.32,15.0,0.31,53.82,0.3,12.4,0.29,12.6,0.28,12.9,0.46,14.6,0.47,15.4,0.48,10.4,0.49,10.4,0.5,10.4,0.54,14.6,0.53,15.4,0.52,10.4,0.51,10.4,0.5,10.4,0.68,15.0,0.69,53.82,0.7,12.4,0.71,12.6,0.72,12.9,0.14,0.14,618.000332,1776163959000
1776163961.286,161.286,0.32,15.0,0.31,53.82,0.3,12.4,0.29,12.6,0.28,12.9,0.46,14.6,0.47,15.4,0.48,10.4,0.49,10.4,0.5,10.4,0.54,14.6,0.53,15.4,0.52,10.4,0.51,10.4,0.5,10.4,0.68,15.0,0.69,53.82,0.7,12.4,0.71,12.6,0.72,12.9,0.14,0.14,618.029806,1776163960000
1776163962.61,162.61,0.32,15.0,0.31,53.82,0.3,12.4,0.29,12.6,0.28,12.9,0.46,14.6,0.47,15.4,0.48,10.4,0.49,10.4,0.5,10.4,0.54,14.6,0.53,15.4,0.52,10.4,0.51,10.4,0.5,10.4,0.68,15.0,0.69,53.82,0.7,12.4,0.71,12.6,0.72,12.9,0.14,0.14,618.011017,1776163961000
1776163963.251,163.251,0.32,15.0,0.31,53.82,0.3,12.4,0.29,12.6,0.28,12.9,0.46,14.6,0.47,15.4,0.48,10.4,0.49,10.4,0.5,10.4,0.54,14.6,0.53,15.4,0.52,10.4,0.51,10.4,0.5,10.4,0.68,15.0,0.69,53.82,0.7,12.4,0.71,12.6,0.72,12.9,0.14,0.14,617.984961,1776163962000
1776163964.628,164.628,0.32,15.0,0.31,53.82,0.3,12.4,0.29,12.6,0.28,12.9,0.46,14.6,0.47,15.4,0.48,10.4,0.49,10.4,0.5,10.4,0.54,14.6,0.53,15.4,0.52,10.4,0.51,10.4,0.5,10.4,0.68,15.0,0.69,53.82,0.7,12.4,0.71,12.6,0.72,12.9,0.14,0.14,618.01117,1776163963000
1776163965.098,165.098,0.32,15.0,0.31,53.82,0.3,12.4,0.29,12.6,0.28,12.9,0.46,14.6,0.47,15.4,0.48,10.4,0.49,10.4,0.5,10.4,0.54,14.6,0.53,15.4,0.52,10.4,0.51,10.4,0.5,10.4,0.68,15.0,0.69,53.82,0.7,12.4,0.71,12.6,0.72,12.9,0.14,0.14,617.976706,1776163964000
1776163966.536,166.536,0.32,15.0,0.31,53.82,0.3,12.4,0.29,12.6,0.28,12.9,0.46,14.6,0.47,15.4,0.48,10.4,0.49,10.4,0.5,10.4,0.54,14.6,0.53,15.4,0.52,10.4,0.51,10.4,0.5,10.4,0.68,15.0,0.69,53.82,0.7,12.4,0.71,12.6,0.72,12.9,0.14,0.14,617.987529,1776163965000
1776163967.186,167.186,0.32,15.0,0.31,53.82,0.3,12.4,0.29,12.6,0.28,12.9,0.46,14.6,0.47,15.4,0.48,10.4,0.49,10.4,0.5,10.4,0.54,14.6,0.53,15.4,0.52,10.4,0.51,10.4,0.5,10.4,0.68,15.0,0.69,53.82,0.7,12.4,0.71,12.6,0.72,12.9,0.14,0.14,618.014194,1776163966000
1776163969.054,169.054,0.32,15.0,0.31,53.82,0.3,12.4,0.29,12.6,0.28,12.9,0.46,14.6,0.47,15.4,0.48,10.4,0.49,10.4,0.5,10.4,0.54,14.6,0.53,15.4,0.52,10.4,0.51,10.4,0.5,10.4,0.68,15.0,0.69,53.82,0.7,12.4,0.71,12.6,0.72,12.9,0.14,0.14,618.019896,1776163967000
1776163970.006,170.006,0.32,15.0,0.31,53.82,0.3,12.4,0.29,12.6,0.28,12.9,0.46,14.6,0.47,15.4,0.48,10.4,0.49,10.4,0.5,10.4,0.54,14.6,0.53,15.4,0.52,10.4,0.51,10.4,0.5,10.4,0.68,15.0,0.69,53.82,0.7,12.4,0.71,12.6,0.72,12.9,0.14,0.14,618.019385,1776163968000
1776163970.691,170.691,0.32,15.0,0.31,53.82,0.3,12.4,0.29,12.6,0.28,12.9,0.46,14.6,0.47,15.4,0.48,10.4,0.49,10.4,0.5,10.4,0.54,14.6,0.53,15.4,0.52,10.4,0.51,10.4,0.5,10.4,0.68,15.0,0.69,53.82,0.7,12.4,0.71,12.6,0.72,12.9,0.14,0.14,617.989811,1776163969000
1776163971.609,171.609,0.32,15.0,0.31,53.82,0.3,12.4,0.29,12.6,0.28,12.9,0.46,14.6,0.47,15.4,0.48,10.4,0.49,10.4,0.5,10.4,0.54,14.6,0.53,15.4,0.52,10.4,0.51,10.4,0.5,10.4,0.68,15.0,0.69,53.82,0.7,12.4,0.71,12.6,0.72,12.9,0.14,0.14,617.99018,1776163970000
1776163972.325,172.325,0.32,15.0,0.31,53.82,0.3,12.4,0.29,12.6,0.28,12.9,0.46,14.6,0.47,15.4,0.48,10.4,0.49,10.4,0.5,10.4,0.54,14.6,0.53,15.4,0.52,10.4,0.51,10.4,0.5,10.4,0.68,15.0,0.69,53.82,0.7,12.4,0.71,12.6,0.72,12.9,0.14,0.14,617.991016,1776163971000
1776163973.026,173.026,0.32,15.0,0.31,53.82,0.3,12.4,0.29,12.6,0.28,12.9,0.46,14.6,0.47,15.4,0.48,10.4,0.49,10.4,0.5,10.4,0.54,14.6,0.53,15.4,0.52,10.4,0.51,10.4,0.5,10.4,0.68,15.0,0.69,53.82,0.7,12.4,0.71,12.6,0.72,12.9,0.14,0.14,617.997391,1776163972000
1776163974.452,174.452,0.32,15.0,0.31,53.82,0.3,12.4,0.29,12.6,0.28,12.9,0.46,14.6,0.47,15.4,0.48,10.4,0.49,10.4,0.5,10.4,0.54,14.6,0.53,15.4,0.52,10.4,0.51,10.4,0.5,10.4,0.68,15.0,0.69,53.82,0.7,12.4,0.71,12.6,0.72,12.9,0.14,0.14,617.998636,1776163973000
1776163975.187,175.187,0.32,15.0,0.31,53.82,0.3,12.4,0.29,12.6,0.28,12.9,0.46,14.6,0.47,15.4,0.48,10.4,0.49,10.4,0.5,10.4,0.54,14.6,0.53,15.4,0.52,10.4,0.51,10.4,0.5,10.4,0.68,15.0,0.69,53.82,0.7,12.4,0.71,12.6,0.72,12.9,0.14,0.14,617.998636,1776163974000
1776163976.654,176.654,0.32,15.0,0.31,53.82,0.3,12.4,0.29,12.6,0.28,12.9,0.46,14.6,0.47,15.4,0.48,10.4,0.49,10.4,0.5,10.4,0.54,14.6,0.53,15.4,0.52,10.4,0.51,10.4,0.5,10.4,0.68,15.0,0.69,53.82,0.7,12.4,0.71,12.6,0.72,12.9,0.14,0.14,617.997011,1776163975000
1776163977.449,177.449,0.32,15.0,0.31,53.82,0.3,12.4,0.29,12.6,0.28,12.9,0.46,14.6,0.47,15.4,0.48,10.4,0.49,10.4,0.5,10.4,0.54,14.6,0.53,15.4,0.52,10.4,0.51,10.4,0.5,10.4,0.68,15.0,0.69,53.82,0.7,12.4,0.71,12.6,0.72,12.9,0.14,0.14,618.00338,1776163976000
1776163978.066,178.066,0.32,15.0,0.31,53.82,0.3,12.4,0.29,12.6,0.28,12.9,0.46,14.6,0.47,15.4,0.48,10.4,0.49,10.4,0.5,10.4,0.54,14.6,0.53,15.4,0.52,10.4,0.51,10.4,0.5,10.4,0.68,15.0,0.69,53.82,0.7,12.4,0.71,12.6,0.72,12.9,0.14,0.14,618.003459,1776163977000
1776163979.479,179.479,0.32,15.0,0.31,53.82,0.3,12.4,0.29,12.6,0.28,12.9,0.46,14.6,0.47,15.4,0.48,10.4,0.49,10.4,0.5,10.4,0.54,14.6,0.53,15.4,0.52,10.4,0.51,10.4,0.5,10.4,0.68,15.0,0.69,53.82,0.7,12.4,0.71,12.6,0.72,12.9,0.14,0.14,617.998046,1776163978000
1776163980.259,180.259,0.32,15.0,0.31,53.82,0.3,12.4,0.29,12.6,0.28,12.9,0.46,14.6,0.47,15.4,0.48,10.4,0.49,10.4,0.5,10.4,0.54,14.6,0.53,15.4,0.52,10.4,0.51,10.4,0.5,10.4,0.68,15.0,0.69,53.82,0.7,12.4,0.71,12.6,0.72,12.9,0.14,0.14,617.995181,1776163979000
1776163981.717,181.717,0.32,15.0,0.31,53.82,0.3,12.4,0.29,12.6,0.28,12.9,0.46,14.6,0.47,15.4,0.48,10.4,0.49,10.4,0.5,10.4,0.54,14.6,0.53,15.4,0.52,10.4,0.51,10.4,0.5,10.4,0.68,15.0,0.69,53.82,0.7,12.4,0.71,12.6,0.72,12.9,0.14,0.14,617.9955,1776163980000
1776163982.442,182.442,0.32,15.0,0.31,53.82,0.3,12.4,0.29,12.6,0.28,12.9,0.46,14.6,0.47,15.4,0.48,10.4,0.49,10.4,0.5,10.4,0.54,14.6,0.53,15.4,0.52,10.4,0.51,10.4,0.5,10.4,0.68,15.0,0.69,53.82,0.7,12.4,0.71,12.6,0.72,12.9,0.14,0.14,618.002405,1776163981000
1776163983.249,183.249,0.32,15.0,0.31,53.82,0.3,12.4,0.29,12.6,0.28,12.9,0.46,14.6,0.47,15.4,0.48,10.4,0.49,10.4,0.5,10.4,0.54,14.6,0.53,15.4,0.52,10.4,0.51,10.4,0.5,10.4,0.68,15.0,0.69,53.82,0.7,12.4,0.71,12.6,0.72,12.9,0.14,0.14,618.003064,1776163982000
1776163984.707,184.707,0.32,15.0,0.31,53.82,0.3,12.4,0.29,12.6,0.28,12.9,0.46,14.6,0.47,15.4,0.48,10.4,0.49,10.4,0.5,10.4,0.54,14.6,0.53,15.4,0.52,10.4,0.51,10.4,0.5,10.4,0.68,15.0,0.69,53.82,0.7,12.4,0.71,12.6,0.72,12.9,0.14,0.14,617.98246,1776163983000
1776163985.495,185.495,0.32,15.0,0.31,53.82,0.3,12.4,0.29,12.6,0.28,12.9,0.46,14.6,0.47,15.4,0.48,10.4,0.49,10.4,0.5,10.4,0.54,14.6,0.53,15.4,0.52,10.4,0.51,10.4,0.5,10.4,0.68,15.0,0.69,53.82,0.7,12.4,0.71,12.6,0.72,12.9,0.14,0.14,617.9824,1776163984000
1776163986.179,186.179,0.32,15.0,0.31,53.82,0.3,12.4,0.29,12.6,0.28,12.9,0.46,14.6,0.47,15.4,0.48,10.4,0.49,10.4,0.5,10.4,0.54,14.6,0.53,15.4,0.52,10.4,0.51,10.4,0.5,10.4,0.68,15.0,0.69,53.82,0.7,12.4,0.71,12.6,0.72,12.9,0.14,0.14,617.98243,1776163985000
1776163988.093,188.093,0.32,15.0,0.31,53.82,0.3,12.4,0.29,12.6,0.28,12.9,0.46,14.6,0.47,15.4,0.48,10.4,0.49,10.4,0.5,10.4,0.54,14.6,0.53,15.4,0.52,10.4,0.51,10.4,0.5,10.4,0.68,15.0,0.69,53.82,0.7,12.4,0.71,12.6,0.72,12.9,0.14,0.14,618.000166,1776163986000
1776163988.716,188.716,0.32,15.0,0.31,53.82,0.3,12.4,0.29,12.6,0.28,12.9,0.46,14.6,0.47,15.4,0.48,10.4,0.49,10.4,0.5,10.4,0.54,14.6,0.53,15.4,0.52,10.4,0.51,10.4,0.5,10.4,0.68,15.0,0.69,53.82,0.7,12.4,0.71,12.6,0.72,12.9,0.14,0.14,618.000166,1776163987000
1776163989.506,189.506,0.32,15.0,0.31,53.82,0.3,12.4,0.29,12.6,0.28,12.9,0.46,14.6,0.47,15.4,0.48,10.4,0.49,10.4,0.5,10.4,0.54,14.6,0.53,15.4,0.52,10.4,0.51,10.4,0.5,10.4,0.68,15.0,0.69,53.82,0.7,12.4,0.71,12.6,0.72,12.9,0.14,0.14,617.994818,1776163988000
1776163990.211,190.211,0.32,15.0,0.31,53.82,0.3,12.4,0.29,12.6,0.28,12.9,0.46,14.6,0.47,15.4,0.48,10.4,0.49,10.4,0.5,10.4,0.54,14.6,0.53,15.4,0.52,10.4,0.51,10.4,0.5,10.4,0.68,15.0,0.69,53.82,0.7,12.4,0.71,12.6,0.72,12.9,0.14,0.14,617.994703,1776163989000
1776163991.188,191.188,0.31,41.62,0.27,13.2,0.26,13.5,0.25,23.9,0.24,14.3,0.41,3.7,0.42,10.7,0.43,10.6,0.44,10.6,0.45,10.5,0.54,14.6,0.53,15.4,0.52,10.4,0.51,10.4,0.5,10.4,0.68,15.0,0.69,53.82,0.7,12.4,0.71,12.6,0.72,12.9,0.1,0.14,617.994703,1776163989000
1776163991.552,191.552,0.31,41.62,0.27,13.2,0.26,13.5,0.25,23.9,0.24,14.3,0.41,3.7,0.42,10.7,0.43,10.6,0.44,10.6,0.45,10.5,0.59,3.7,0.58,10.7,0.57,10.6,0.56,10.6,0.55,10.5,0.69,41.62,0.73,13.2,0.74,13.5,0.75,23.9,0.76,14.3,0.1,0.1,618.001253,1776163990000
1776163992.181,192.181,0.31,41.62,0.27,13.2,0.26,13.5,0.25,23.9,0.24,14.3,0.41,3.7,0.42,10.7,0.43,10.6,0.44,10.6,0.45,10.5,0.59,3.7,0.58,10.7,0.57,10.6,0.56,10.6,0.55,10.5,0.69,41.62,0.73,13.2,0.74,13.5,0.75,23.9,0.76,14.3,0.1,0.1,618.001152,1776163991000
1776163993.85,193.85,0.31,41.62,0.27,13.2,0.26,13.5,0.25,23.9,0.24,14.3,0.41,3.7,0.42,10.7,0.43,10.6,0.44,10.6,0.45,10.5,0.59,3.7,0.58,10.7,0.57,10.6,0.56,10.6,0.55,10.5,0.69,41.62,0.73,13.2,0.74,13.5,0.75,23.9,0.76,14.3,0.1,0.1,618.010676,1776163992000
1776163994.562,194.562,0.31,41.62,0.27,13.2,0.26,13.5,0.25,23.9,0.24,14.3,0.41,3.7,0.42,10.7,0.43,10.6,0.44,10.6,0.45,10.5,0.59,3.7,0.58,10.7,0.57,10.6,0.56,10.6,0.55,10.5,0.69,41.62,0.73,13.2,0.74,13.5,0.75,23.9,0.76,14.3,0.1,0.1,618.019886,1776163993000
1776163995.309,195.309,0.31,41.62,0.27,13.2,0.26,13.5,0.25,23.9,0.24,14.3,0.41,3.7,0.42,10.7,0.43,10.6,0.44,10.6,0.45,10.5,0.59,3.7,0.58,10.7,0.57,10.6,0.56,10.6,0.55,10.5,0.69,41.62,0.73,13.2,0.74,13.5,0.75,23.9,0.76,14.3,0.1,0.1,618.019391,1776163994000
1776163996.8,196.8,0.31,41.62,0.27,13.2,0.26,13.5,0.25,23.9,0.24,14.3,0.41,3.7,0.42,10.7,0.43,10.6,0.44,10.6,0.45,10.5,0.59,3.7,0.58,10.7,0.57,10.6,0.56,10.6,0.55,10.5,0.69,41.62,0.73,13.2,0.74,13.5,0.75,23.9,0.76,14.3,0.1,0.1,618.007559,1776163995000
1776163997.422,197.422,0.31,41.62,0.27,13.2,0.26,13.5,0.25,23.9,0.24,14.3,0.41,3.7,0.42,10.7,0.43,10.6,0.44,10.6,0.45,10.5,0.59,3.7,0.58,10.7,0.57,10.6,0.56,10.6,0.55,10.5,0.69,41.62,0.73,13.2,0.74,13.5,0.75,23.9,0.76,14.3,0.1,0.1,618.000914,1776163996000
1776163998.522,198.522,0.31,41.62,0.27,13.2,0.26,13.5,0.25,23.9,0.24,14.3,0.41,3.7,0.42,10.7,0.43,10.6,0.44,10.6,0.45,10.5,0.59,3.7,0.58,10.7,0.57,10.6,0.56,10.6,0.55,10.5,0.69,41.62,0.73,13.2,0.74,13.5,0.75,23.9,0.76,14.3,0.1,0.1,618.000292,1776163997000
1776163999.221,199.221,0.31,38.72,0.28,12.9,0.27,13.2,0.26,13.5,0.25,13.9,0.42,10.7,0.43,10.6,0.44,10.6,0.45,10.5,0.46,10.5,0.58,10.7,0.57,10.6,0.56,10.6,0.55,10.5,0.54,10.5,0.69,38.72,0.72,12.9,0.73,13.2,0.74,13.5,0.75,13.9,0.11,0.11,618.000296,1776163998000
1776164000.61,200.61,0.31,38.72,0.28,12.9,0.27,13.2,0.26,13.5,0.25,13.9,0.42,10.7,0.43,10.6,0.44,10.6,0.45,10.5,0.46,10.5,0.58,10.7,0.57,10.6,0.56,10.6,0.55,10.5,0.54,10.5,0.69,38.72,0.72,12.9,0.73,13.2,0.74,13.5,0.75,13.9,0.11,0.11,618.002512,1776163999000
1776164001.247,201.247,0.31,38.72,0.28,12.9,0.27,13.2,0.26,13.5,0.25,13.9,0.42,10.7,0.43,10.6,0.44,10.6,0.45,10.5,0.46,10.5,0.58,10.7,0.57,10.6,0.56,10.6,0.55,10.5,0.54,10.5,0.69,38.72,0.72,12.9,0.73,13.2,0.74,13.5,0.75,13.9,0.11,0.11,618.001839,1776164000000
1776164002.749,202.749,0.31,38.72,0.28,12.9,0.27,13.2,0.26,13.5,0.25,13.9,0.42,10.7,0.43,10.6,0.44,10.6,0.45,10.5,0.46,10.5,0.58,10.7,0.57,10.6,0.56,10.6,0.55,10.5,0.54,10.5,0.69,38.72,0.72,12.9,0.73,13.2,0.74,13.5,0.75,13.9,0.11,0.11,618.001772,1776164001000
1776164003.37,203.37,0.31,38.72,0.28,12.9,0.27,13.2,0.26,13.5,0.25,13.9,0.42,10.7,0.43,10.6,0.44,10.6,0.45,10.5,0.46,10.5,0.58,10.7,0.57,10.6,0.56,10.6,0.55,10.5,0.54,10.5,0.69,38.72,0.72,12.9,0.73,13.2,0.74,13.5,0.75,13.9,0.11,0.11,618.001533,1776164002000
1776164004.169,204.169,0.31,38.72,0.28,12.9,0.27,13.2,0.26,13.5,0.25,13.9,0.42,10.7,0.43,10.6,0.44,10.6,0.45,10.5,0.46,10.5,0.58,10.7,0.57,10.6,0.56,10.6,0.55,10.5,0.54,10.5,0.69,38.72,0.72,12.9,0.73,13.2,0.74,13.5,0.75,13.9,0.11,0.11,618.001531,1776164003000
1776164005.398,205.398,0.31,38.72,0.28,12.9,0.27,13.2,0.26,13.5,0.25,13.9,0.42,10.7,0.43,10.6,0.44,10.6,0.45,10.5,0.46,10.5,0.58,10.7,0.57,10.6,0.56,10.6,0.55,10.5,0.54,10.5,0.69,38.72,0.72,12.9,0.73,13.2,0.74,13.5,0.75,13.9,0.11,0.11,618.008499,1776164004000
1776164006.274,206.274,0.23,1.14,0.11,50.0,0.1,28.9,0.09,31.7,0.08,97.29,0.31,5.0,0.33,5.0,0.39,10.9,0.4,10.8,0.41,60.7,0.58,10.7,0.57,10.6,0.56,10.6,0.55,10.5,0.54,10.5,0.69,38.72,0.72,12.9,0.73,13.2,0.74,13.5,0.75,13.9,0.08,0.11,618.008499,1776164004000
1776164006.889,206.889,0.11,44.3,0.1,28.9,0.09,31.7,0.08,97.29,0.07,39.9,0.31,5.0,0.33,5.0,0.39,10.9,0.4,10.8,0.41,60.7,0.69,5.0,0.67,5.0,0.61,10.9,0.6,10.8,0.59,60.7,0.89,44.3,0.9,28.9,0.91,31.7,0.92,97.29,0.93,39.9,0.2,0.2,617.998798,1776164006000
1776164007.875,207.875,0.11,44.3,0.1,28.9,0.09,31.7,0.08,97.29,0.07,39.9,0.31,5.0,0.33,5.0,0.39,10.9,0.4,10.8,0.41,60.7,0.69,5.0,0.67,5.0,0.61,10.9,0.6,10.8,0.59,60.7,0.89,44.3,0.9,28.9,0.91,31.7,0.92,97.29,0.93,39.9,0.2,0.2,617.920265,1776164007000
1776164008.844,208.844,0.11,44.3,0.1,28.9,0.09,31.7,0.08,97.29,0.07,39.9,0.31,5.0,0.33,5.0,0.39,10.9,0.4,10.8,0.41,60.7,0.69,5.0,0.67,5.0,0.61,10.9,0.6,10.8,0.59,60.7,0.89,44.3,0.9,28.9,0.91,31.7,0.92,97.29,0.93,39.9,0.2,0.2,617.925224,1776164008000
1776164010.224,210.224,0.11,44.3,0.1,28.9,0.09,31.7,0.08,97.29,0.07,39.9,0.31,5.0,0.33,5.0,0.39,10.9,0.4,10.8,0.41,60.7,0.69,5.0,0.67,5.0,0.61,10.9,0.6,10.8,0.59,60.7,0.89,44.3,0.9,28.9,0.91,31.7,0.92,97.29,0.93,39.9,0.2,0.2,617.984644,1776164009000
1776164011.147,211.147,0.11,44.3,0.1,28.9,0.09,31.7,0.08,97.29,0.07,39.9,0.31,5.0,0.33,5.0,0.39,10.9,0.4,10.8,0.41,60.7,0.69,5.0,0.67,5.0,0.61,10.9,0.6,10.8,0.59,60.7,0.89,44.3,0.9,28.9,0.91,31.7,0.92,97.29,0.93,39.9,0.2,0.2,617.936743,1776164010000
1776164012.16,212.16,0.11,44.3,0.1,28.9,0.09,31.7,0.08,97.29,0.07,39.9,0.31,5.0,0.33,5.0,0.39,10.9,0.4,10.8,0.41,60.7,0.69,5.0,0.67,5.0,0.61,10.9,0.6,10.8,0.59,60.7,0.89,44.3,0.9,28.9,0.91,31.7,0.92,97.29,0.93,39.9,0.2,0.2,617.966577,1776164011000
1776164013.098,213.098,0.11,44.3,0.1,28.9,0.09,31.7,0.08,97.29,0.07,39.9,0.31,5.0,0.33,5.0,0.39,10.9,0.4,10.8,0.41,60.7,0.69,5.0,0.67,5.0,0.61,10.9,0.6,10.8,0.59,60.7,0.89,44.3,0.9,28.9,0.91,31.7,0.92,97.29,0.93,39.9,0.2,0.2,617.922616,1776164012000
1776164014.075,214.075,0.11,44.3,0.1,28.9,0.09,31.7,0.08,97.29,0.07,39.9,0.31,5.0,0.33,5.0,0.39,10.9,0.4,10.8,0.41,60.7,0.69,5.0,0.67,5.0,0.61,10.9,0.6,10.8,0.59,60.7,0.89,44.3,0.9,28.9,0.91,31.7,0.92,97.29,0.93,39.9,0.2,0.2,617.915579,1776164013000
1776164014.963,214.963,0.11,44.3,0.1,28.9,0.09,31.7,0.08,97.29,0.07,39.9,0.31,5.0,0.33,5.0,0.39,10.9,0.4,10.8,0.41,60.7,0.69,5.0,0.67,5.0,0.61,10.9,0.6,10.8,0.59,60.7,0.89,44.3,0.9,28.9,0.91,31.7,0.92,97.29,0.93,39.9,0.2,0.2,617.922712,1776164014000
1776164015.985,215.985,0.11,44.3,0.1,28.9,0.09,31.7,0.08,97.29,0.07,39.9,0.31,5.0,0.33,5.0,0.39,10.9,0.4,10.8,0.41,60.7,0.69,5.0,0.67,5.0,0.61,10.9,0.6,10.8,0.59,60.7,0.89,44.3,0.9,28.9,0.91,31.7,0.92,97.29,0.93,39.9,0.2,0.2,617.956876,1776164015000
1776164016.906,216.906,0.11,44.3,0.1,28.9,0.09,31.7,0.08,97.29,0.07,39.9,0.31,5.0,0.33,5.0,0.39,10.9,0.4,10.8,0.41,60.7,0.69,5.0,0.67,5.0,0.61,10.9,0.6,10.8,0.59,60.7,0.89,44.3,0.9,28.9,0.91,31.7,0.92,97.29,0.93,39.9,0.2,0.2,617.926909,1776164016000
1776164017.851,217.851,0.11,44.3,0.1,28.9,0.09,31.7,0.08,97.29,0.07,39.9,0.31,5.0,0.33,5.0,0.39,10.9,0.4,10.8,0.41,60.7,0.69,5.0,0.67,5.0,0.61,10.9,0.6,10.8,0.59,60.7,0.89,44.3,0.9,28.9,0.91,31.7,0.92,97.29,0.93,39.9,0.2,0.2,617.893,1776164017000
1776164019.36,219.36,0.11,44.3,0.1,28.9,0.09,31.7,0.08,97.29,0.07,39.9,0.31,5.0,0.33,5.0,0.39,10.9,0.4,10.8,0.41,60.7,0.69,5.0,0.67,5.0,0.61,10.9,0.6,10.8,0.59,60.7,0.89,44.3,0.9,28.9,0.91,31.7,0.92,97.29,0.93,39.9,0.2,0.2,617.876464,1776164018000
1776164020.405,220.405,0.11,44.3,0.1,28.9,0.09,31.7,0.08,97.29,0.07,39.9,0.31,5.0,0.33,5.0,0.39,10.9,0.4,10.8,0.41,60.7,0.69,5.0,0.67,5.0,0.61,10.9,0.6,10.8,0.59,60.7,0.89,44.3,0.9,28.9,0.91,31.7,0.92,97.29,0.93,39.9,0.2,0.2,617.888547,1776164019000
1776164021.386,221.386,0.11,44.3,0.1,28.9,0.09,31.7,0.08,97.29,0.07,39.9,0.31,5.0,0.33,5.0,0.39,10.9,0.4,10.8,0.41,60.7,0.69,5.0,0.67,5.0,0.61,10.9,0.6,10.8,0.59,60.7,0.89,44.3,0.9,28.9,0.91,31.7,0.92,97.29,0.93,39.9,0.2,0.2,617.88272,1776164020000
1776164021.682,221.682,0.12,36.0,0.11,44.3,0.06,46.1,0.05,54.7,0.04,74.7,0.14,21.6,0.15,20.39,0.16,25.21,0.17,18.39,0.18,17.6,0.69,5.0,0.67,5.0,0.61,10.9,0.6,10.8,0.59,60.7,0.89,44.3,0.9,28.9,0.91,31.7,0.92,97.29,0.93,39.9,0.02,0.2,617.88272,1776164020000
1776164022.677,222.677,0.13,38.0,0.11,44.3,0.07,39.9,0.06,46.1,0.05,54.7,0.3,11.23,0.31,12.2,0.32,11.9,0.33,11.8,0.34,11.6,0.86,21.6,0.85,20.39,0.84,25.21,0.83,18.39,0.82,17.6,0.88,36.0,0.89,44.3,0.94,46.1,0.95,54.7,0.96,74.7,0.17,0.02,617.88217,1776164021000
1776164022.896,222.896,0.13,38.0,0.11,44.3,0.07,39.9,0.06,46.1,0.05,54.7,0.31,7.1,0.32,11.9,0.33,11.8,0.34,11.6,0.35,11.4,0.69,7.1,0.68,11.9,0.67,11.8,0.66,11.6,0.65,11.4,0.87,38.0,0.89,44.3,0.93,39.9,0.94,46.1,0.95,54.7,0.18,0.18,617.917845,1776164022000
1776164023.876,223.876,0.16,5.0,0.13,38.0,0.11,44.3,0.08,35.29,0.07,39.9,0.32,6.4,0.33,11.8,0.34,11.6,0.35,11.4,0.36,11.3,0.68,6.4,0.67,11.8,0.66,11.6,0.65,11.4,0.64,11.3,0.84,5.0,0.87,38.0,0.89,44.3,0.92,35.29,0.93,39.9,0.16,0.16,617.916616,1776164023000
1776164024.909,224.909,0.16,5.0,0.13,38.0,0.11,44.3,0.08,35.29,0.07,39.9,0.32,6.4,0.33,11.8,0.34,11.6,0.35,11.4,0.36,11.3,0.68,6.4,0.67,11.8,0.66,11.6,0.65,11.4,0.64,11.3,0.84,5.0,0.87,38.0,0.89,44.3,0.92,35.29,0.93,39.9,0.16,0.16,617.973381,1776164024000
1776164025.919,225.919,0.16,5.0,0.13,38.0,0.11,44.3,0.08,35.29,0.07,39.9,0.32,6.4,0.33,11.8,0.34,11.6,0.35,11.4,0.36,11.3,0.68,6.4,0.67,11.8,0.66,11.6,0.65,11.4,0.64,11.3,0.84,5.0,0.87,38.0,0.89,44.3,0.92,35.29,0.93,39.9,0.16,0.16,618.00454,1776164025000
1776164026.976,226.976,0.16,5.0,0.13,38.0,0.11,44.3,0.08,35.29,0.07,39.9,0.32,6.4,0.33,11.8,0.34,11.6,0.35,11.4,0.36,11.3,0.68,6.4,0.67,11.8,0.66,11.6,0.65,11.4,0.64,11.3,0.84,5.0,0.87,38.0,0.89,44.3,0.92,35.29,0.93,39.9,0.16,0.16,618.007125,1776164026000
1776164028.109,228.109,0.16,28.8,0.11,44.3,0.09,31.7,0.08,35.29,0.07,39.9,0.29,23.0,0.3,10.0,0.32,11.9,0.33,11.8,0.34,11.6,0.71,23.0,0.7,10.0,0.68,11.9,0.67,11.8,0.66,11.6,0.84,28.8,0.89,44.3,0.91,31.7,0.92,35.29,0.93,39.9,0.13,0.13,617.959386,1776164027000
1776164029.038,229.038,0.16,28.8,0.11,44.3,0.09,31.7,0.08,35.29,0.07,39.9,0.29,23.0,0.3,10.0,0.32,11.9,0.33,11.8,0.34,11.6,0.71,23.0,0.7,10.0,0.68,11.9,0.67,11.8,0.66,11.6,0.84,28.8,0.89,44.3,0.91,31.7,0.92,35.29,0.93,39.9,0.13,0.13,617.894198,1776164028000
1776164029.933,229.933,0.16,28.8,0.11,44.3,0.09,31.7,0.08,35.29,0.07,39.9,0.29,23.0,0.3,10.0,0.32,11.9,0.33,11.8,0.34,11.6,0.71,23.0,0.7,10.0,0.68,11.9,0.67,11.8,0.66,11.6,0.84,28.8,0.89,44.3,0.91,31.7,0.92,35.29,0.93,39.9,0.13,0.13,617.893032,1776164029000
1776164030.929,230.929,0.16,28.8,0.11,44.3,0.09,31.7,0.08,35.29,0.07,39.9,0.29,23.0,0.3,10.0,0.32,11.9,0.33,11.8,0.34,11.6,0.71,23.0,0.7,10.0,0.68,11.9,0.67,11.8,0.66,11.6,0.84,28.8,0.89,44.3,0.91,31.7,0.92,35.29,0.93,39.9,0.13,0.13,617.915165,1776164030000
1776164032.653,232.653,0.16,28.8,0.11,44.3,0.09,31.7,0.08,35.29,0.07,39.9,0.29,23.0,0.3,10.0,0.32,11.9,0.33,11.8,0.34,11.6,0.71,23.0,0.7,10.0,0.68,11.9,0.67,11.8,0.66,11.6,0.84,28.8,0.89,44.3,0.91,31.7,0.92,35.29,0.93,39.9,0.13,0.13,617.90351,1776164031000
1776164033.185,233.185,0.16,28.8,0.11,44.3,0.09,31.7,0.08,35.29,0.07,39.9,0.29,23.0,0.3,10.0,0.32,11.9,0.33,11.8,0.34,11.6,0.71,23.0,0.7,10.0,0.68,11.9,0.67,11.8,0.66,11.6,0.84,28.8,0.89,44.3,0.91,31.7,0.92,35.29,0.93,39.9,0.13,0.13,617.904009,1776164032000
1776164034.543,234.543,0.16,28.8,0.11,44.3,0.09,31.7,0.08,35.29,0.07,39.9,0.29,23.0,0.3,10.0,0.32,11.9,0.33,11.8,0.34,11.6,0.71,23.0,0.7,10.0,0.68,11.9,0.67,11.8,0.66,11.6,0.84,28.8,0.89,44.3,0.91,31.7,0.92,35.29,0.93,39.9,0.13,0.13,617.93234,1776164033000
1776164035.168,235.168,0.16,28.8,0.11,44.3,0.09,31.7,0.08,35.29,0.07,39.9,0.29,23.0,0.3,10.0,0.32,11.9,0.33,11.8,0.34,11.6,0.71,23.0,0.7,10.0,0.68,11.9,0.67,11.8,0.66,11.6,0.84,28.8,0.89,44.3,0.91,31.7,0.92,35.29,0.93,39.9,0.13,0.13,617.94034,1776164034000
1776164036.477,236.477,0.16,28.8,0.11,44.3,0.09,31.7,0.08,35.29,0.07,39.9,0.29,23.0,0.3,10.0,0.32,11.9,0.33,11.8,0.34,11.6,0.71,23.0,0.7,10.0,0.68,11.9,0.67,11.8,0.66,11.6,0.84,28.8,0.89,44.3,0.91,31.7,0.92,35.29,0.93,39.9,0.13,0.13,617.873977,1776164035000
1776164037.091,237.091,0.2,12.6,0.11,76.6,0.1,28.9,0.09,31.7,0.08,35.29,0.22,15.2,0.23,14.7,0.24,14.3,0.25,13.9,0.26,13.5,0.78,15.2,0.77,14.7,0.76,14.3,0.75,13.9,0.74,13.5,0.8,12.6,0.89,76.6,0.9,28.9,0.91,31.7,0.92,35.29,0.02,0.02,617.93729,1776164036000
1776164037.313,237.313,0.21,23.0,0.11,50.0,0.1,28.9,0.09,31.7,0.08,35.29,0.23,14.7,0.24,14.3,0.25,13.9,0.26,13.5,0.27,13.2,0.78,15.2,0.77,14.7,0.76,14.3,0.75,13.9,0.74,13.5,0.8,12.6,0.89,76.6,0.9,28.9,0.91,31.7,0.92,35.29,0.02,0.02,617.93729,1776164036000
1776164038.107,238.107,0.21,23.0,0.11,50.0,0.1,28.9,0.09,31.7,0.08,35.29,0.23,14.7,0.24,14.3,0.25,13.9,0.26,13.5,0.27,13.2,0.77,14.7,0.76,14.3,0.75,13.9,0.74,13.5,0.73,13.2,0.79,23.0,0.89,50.0,0.9,28.9,0.91,31.7,0.92,35.29,0.02,0.02,617.917635,1776164037000
1776164038.665,238.665,0.18,22.0,0.11,50.0,0.1,28.9,0.09,31.7,0.08,35.29,0.23,14.7,0.24,14.3,0.25,13.9,0.26,13.5,0.27,13.2,0.77,14.7,0.76,14.3,0.75,13.9,0.74,13.5,0.73,13.2,0.79,23.0,0.89,50.0,0.9,28.9,0.91,31.7,0.92,35.29,0.05,0.02,617.917635,1776164037000
1776164039.173,239.173,0.18,22.0,0.11,50.0,0.1,28.9,0.09,31.7,0.08,35.29,0.24,14.3,0.25,13.9,0.26,13.5,0.27,13.2,0.28,22.9,0.76,14.3,0.75,13.9,0.74,13.5,0.73,13.2,0.72,22.9,0.82,22.0,0.89,50.0,0.9,28.9,0.91,31.7,0.92,35.29,0.06,0.06,617.918168,1776164038000
1776164040.32,240.32,0.18,22.0,0.11,50.0,0.1,28.9,0.09,31.7,0.08,35.29,0.24,14.3,0.25,13.9,0.26,13.5,0.27,13.2,0.28,22.9,0.76,14.3,0.75,13.9,0.74,13.5,0.73,13.2,0.72,22.9,0.82,22.0,0.89,50.0,0.9,28.9,0.91,31.7,0.92,35.29,0.06,0.06,617.906008,1776164039000
1776164040.982,240.982,0.18,22.0,0.11,50.0,0.1,28.9,0.09,31.7,0.08,35.29,0.24,14.3,0.25,13.9,0.26,13.5,0.27,13.2,0.28,22.9,0.76,14.3,0.75,13.9,0.74,13.5,0.73,13.2,0.72,22.9,0.82,22.0,0.89,50.0,0.9,28.9,0.91,31.7,0.92,35.29,0.06,0.06,617.883713,1776164040000
1776164042.118,242.118,0.18,22.0,0.11,50.0,0.1,28.9,0.09,31.7,0.08,35.29,0.24,14.3,0.25,13.9,0.26,13.5,0.27,13.2,0.28,22.9,0.76,14.3,0.75,13.9,0.74,13.5,0.73,13.2,0.72,22.9,0.82,22.0,0.89,50.0,0.9,28.9,0.91,31.7,0.92,35.29,0.06,0.06,617.910541,1776164041000
1776164043.436,243.436,0.18,22.0,0.11,50.0,0.1,28.9,0.09,31.7,0.08,35.29,0.24,14.3,0.25,13.9,0.26,13.5,0.27,13.2,0.28,22.9,0.76,14.3,0.75,13.9,0.74,13.5,0.73,13.2,0.72,22.9,0.82,22.0,0.89,50.0,0.9,28.9,0.91,31.7,0.92,35.29,0.06,0.06,617.86523,1776164042000
1776164043.99,243.99,0.18,22.0,0.11,50.0,0.1,28.9,0.09,31.7,0.08,35.29,0.24,14.3,0.25,13.9,0.26,13.5,0.27,13.2,0.28,22.9,0.76,14.3,0.75,13.9,0.74,13.5,0.73,13.2,0.72,22.9,0.82,22.0,0.89,50.0,0.9,28.9,0.91,31.7,0.92,35.29,0.06,0.06,617.86523,1776164043000
1776164045.239,245.239,0.18,22.0,0.11,50.0,0.1,28.9,0.09,31.7,0.08,35.29,0.24,14.3,0.25,13.9,0.26,13.5,0.27,13.2,0.28,22.9,0.76,14.3,0.75,13.9,0.74,13.5,0.73,13.2,0.72,22.9,0.82,22.0,0.89,50.0,0.9,28.9,0.91,31.7,0.92,35.29,0.06,0.06,617.86163,1776164044000
1776164046.356,246.356,0.18,22.0,0.11,50.0,0.1,28.9,0.09,31.7,0.08,35.29,0.24,14.3,0.25,13.9,0.26,13.5,0.27,13.2,0.28,22.9,0.76,14.3,0.75,13.9,0.74,13.5,0.73,13.2,0.72,22.9,0.82,22.0,0.89,50.0,0.9,28.9,0.91,31.7,0.92,35.29,0.06,0.06,617.848873,1776164045000
1776164047.335,247.335,0.18,22.0,0.11,50.0,0.1,28.9,0.09,31.7,0.08,35.29,0.24,14.3,0.25,13.9,0.26,13.5,0.27,13.2,0.28,22.9,0.76,14.3,0.75,13.9,0.74,13.5,0.73,13.2,0.72,22.9,0.82,22.0,0.89,50.0,0.9,28.9,0.91,31.7,0.92,35.29,0.06,0.06,617.852089,1776164046000
1776164047.934,247.934,0.18,22.0,0.11,50.0,0.1,28.9,0.09,31.7,0.08,35.29,0.24,14.3,0.25,13.9,0.26,13.5,0.27,13.2,0.28,22.9,0.76,14.3,0.75,13.9,0.74,13.5,0.73,13.2,0.72,22.9,0.82,22.0,0.89,50.0,0.9,28.9,0.91,31.7,0.92,35.29,0.06,0.06,617.823319,1776164047000
1776164048.158,248.158,0.12,20.5,0.11,50.0,0.06,46.1,0.05,54.7,0.04,67.7,0.15,20.39,0.16,19.3,0.17,18.39,0.18,17.6,0.19,16.89,0.76,14.3,0.75,13.9,0.74,13.5,0.73,13.2,0.72,22.9,0.82,22.0,0.89,50.0,0.9,28.9,0.91,31.7,0.92,35.29,0.03,0.06,617.823319,1776164047000
1776164049.128,249.128,0.12,20.5,0.11,50.0,0.06,46.1,0.05,54.7,0.04,67.7,0.15,20.39,0.16,19.3,0.17,18.39,0.18,17.6,0.19,16.89,0.85,20.39,0.84,19.3,0.83,18.39,0.82,17.6,0.81,16.89,0.88,20.5,0.89,50.0,0.94,46.1,0.95,54.7,0.96,67.7,0.03,0.03,617.851675,1776164048000
1776164049.536,249.536,0.11,50.0,0.05,54.7,0.04,67.7,0.03,89.3,0.02,137.69,0.13,23.0,0.14,21.6,0.15,20.39,0.16,19.3,0.17,18.39,0.85,20.39,0.84,19.3,0.83,18.39,0.82,17.6,0.81,16.89,0.88,20.5,0.89,50.0,0.94,46.1,0.95,54.7,0.96,67.7,0.02,0.03,617.851675,1776164048000
1776164050.306,250.306,0.11,50.0,0.05,54.7,0.04,67.7,0.03,89.3,0.02,137.69,0.13,23.0,0.14,21.6,0.15,20.39,0.16,19.3,0.17,18.39,0.87,23.0,0.86,21.6,0.85,20.39,0.84,19.3,0.83,18.39,0.89,50.0,0.95,54.7,0.96,67.7,0.97,89.3,0.98,137.69,0.02,0.02,617.875144,1776164049000
1776164051.317,251.317,0.11,50.0,0.05,54.7,0.04,67.7,0.03,89.3,0.02,137.69,0.13,23.0,0.14,21.6,0.15,20.39,0.16,19.3,0.17,18.39,0.87,23.0,0.86,21.6,0.85,20.39,0.84,19.3,0.83,18.39,0.89,50.0,0.95,54.7,0.96,67.7,0.97,89.3,0.98,137.69,0.02,0.02,617.898311,1776164050000
1776164051.958,251.958,0.11,50.0,0.05,54.7,0.04,67.7,0.03,89.3,0.02,137.69,0.13,23.0,0.14,21.6,0.15,20.39,0.16,19.3,0.17,18.39,0.87,23.0,0.86,21.6,0.85,20.39,0.84,19.3,0.83,18.39,0.89,50.0,0.95,54.7,0.96,67.7,0.97,89.3,0.98,137.69,0.02,0.02,617.898311,1776164051000
1776164053.127,253.127,0.11,50.0,0.05,54.7,0.04,67.7,0.03,89.3,0.02,137.69,0.13,23.0,0.14,21.6,0.15,20.39,0.16,19.3,0.17,18.39,0.87,23.0,0.86,21.6,0.85,20.39,0.84,19.3,0.83,18.39,0.89,50.0,0.95,54.7,0.96,67.7,0.97,89.3,0.98,137.69,0.02,0.02,617.850228,1776164052000
1776164054.203,254.203,0.11,50.0,0.05,54.7,0.04,67.7,0.03,89.3,0.02,137.69,0.13,23.0,0.14,21.6,0.15,20.39,0.16,19.3,0.17,18.39,0.87,23.0,0.86,21.6,0.85,20.39,0.84,19.3,0.83,18.39,0.89,50.0,0.95,54.7,0.96,67.7,0.97,89.3,0.98,137.69,0.02,0.02,617.838369,1776164053000
1776164055.44,255.44,0.11,50.0,0.05,54.7,0.04,67.7,0.03,89.3,0.02,137.69,0.13,23.0,0.14,21.6,0.15,20.39,0.16,19.3,0.17,18.39,0.87,23.0,0.86,21.6,0.85,20.39,0.84,19.3,0.83,18.39,0.89,50.0,0.95,54.7,0.96,67.7,0.97,89.3,0.98,137.69,0.02,0.02,617.823863,1776164054000
1776164056.045,256.045,0.11,50.0,0.05,54.7,0.04,67.7,0.03,89.3,0.02,137.69,0.13,23.0,0.14,21.6,0.15,20.39,0.16,19.3,0.17,18.39,0.87,23.0,0.86,21.6,0.85,20.39,0.84,19.3,0.83,18.39,0.89,50.0,0.95,54.7,0.96,67.7,0.97,89.3,0.98,137.69,0.02,0.02,617.823863,1776164055000
1776164057.164,257.164,0.11,50.0,0.05,54.7,0.04,67.7,0.03,89.3,0.02,137.69,0.13,23.0,0.14,21.6,0.15,20.39,0.16,19.3,0.17,18.39,0.87,23.0,0.86,21.6,0.85,20.39,0.84,19.3,0.83,18.39,0.89,50.0,0.95,54.7,0.96,67.7,0.97,89.3,0.98,137.69,0.02,0.02,617.822744,1776164056000
1776164058.234,258.234,0.11,50.0,0.05,54.7,0.04,67.7,0.03,89.3,0.02,137.69,0.13,23.0,0.14,21.6,0.15,20.39,0.16,19.3,0.17,18.39,0.87,23.0,0.86,21.6,0.85,20.39,0.84,19.3,0.83,18.39,0.89,50.0,0.95,54.7,0.96,67.7,0.97,89.3,0.98,137.69,0.02,0.02,617.822756,1776164057000
1776164059.3,259.3,0.03,86.2,0.02,137.69,0.01,1328.69,,,,,0.08,35.29,0.09,31.7,0.1,28.9,0.11,26.6,0.12,24.6,0.92,35.29,0.91,31.7,0.9,28.9,0.89,26.6,0.88,24.6,0.97,86.2,0.98,137.69,0.99,1328.69,,,,,0.05,0.05,617.822747,1776164058000
1776164060.437,260.437,0.03,86.2,0.02,137.69,0.01,1328.69,,,,,0.08,35.29,0.09,31.7,0.1,28.9,0.11,26.6,0.12,24.6,0.92,35.29,0.91,31.7,0.9,28.9,0.89,26.6,0.88,24.6,0.97,86.2,0.98,137.69,0.99,1328.69,,,,,0.05,0.05,617.823758,1776164059000
1776164061.002,261.002,0.03,86.2,0.02,137.69,0.01,1328.69,,,,,0.08,35.29,0.09,31.7,0.1,28.9,0.11,26.6,0.12,24.6,0.92,35.29,0.91,31.7,0.9,28.9,0.89,26.6,0.88,24.6,0.97,86.2,0.98,137.69,0.99,1328.69,,,,,0.05,0.05,617.855547,1776164060000
1776164062.117,262.117,0.03,86.2,0.02,137.69,0.01,1328.69,,,,,0.08,35.29,0.09,31.7,0.1,28.9,0.11,26.6,0.12,24.6,0.92,35.29,0.91,31.7,0.9,28.9,0.89,26.6,0.88,24.6,0.97,86.2,0.98,137.69,0.99,1328.69,,,,,0.05,0.05,617.855866,1776164061000
1776164063.322,263.322,0.03,86.2,0.02,137.69,0.01,1328.69,,,,,0.08,35.29,0.09,31.7,0.1,28.9,0.11,26.6,0.12,24.6,0.92,35.29,0.91,31.7,0.9,28.9,0.89,26.6,0.88,24.6,0.97,86.2,0.98,137.69,0.99,1328.69,,,,,0.05,0.05,617.834525,1776164062000
1776164064.526,264.526,0.03,86.2,0.02,137.69,0.01,1328.69,,,,,0.08,35.29,0.09,31.7,0.1,28.9,0.11,26.6,0.12,24.6,0.92,35.29,0.91,31.7,0.9,28.9,0.89,26.6,0.88,24.6,0.97,86.2,0.98,137.69,0.99,1328.69,,,,,0.05,0.05,617.857757,1776164063000
1776164065.171,265.171,0.03,86.2,0.02,137.69,0.01,1328.69,,,,,0.08,35.29,0.09,31.7,0.1,28.9,0.11,26.6,0.12,24.6,0.92,35.29,0.91,31.7,0.9,28.9,0.89,26.6,0.88,24.6,0.97,86.2,0.98,137.69,0.99,1328.69,,,,,0.05,0.05,617.85022,1776164064000
1776164066.33,266.33,0.02,5.0,0.01,566.09,,,,,,,0.04,72.7,0.05,54.7,0.06,46.1,0.07,39.9,0.08,35.29,0.96,72.7,0.95,54.7,0.94,46.1,0.93,39.9,0.92,35.29,0.98,5.0,0.99,566.09,,,,,,,0.02,0.02,617.83845,1776164065000
1776164067.599,267.599,0.02,5.0,0.01,566.09,,,,,,,0.04,72.7,0.05,54.7,0.06,46.1,0.07,39.9,0.08,35.29,0.96,72.7,0.95,54.7,0.94,46.1,0.93,39.9,0.92,35.29,0.98,5.0,0.99,566.09,,,,,,,0.02,0.02,617.822113,1776164066000
1776164068.152,268.152,0.02,5.0,0.01,566.09,,,,,,,0.04,72.7,0.05,54.7,0.06,46.1,0.07,39.9,0.08,35.29,0.96,72.7,0.95,54.7,0.94,46.1,0.93,39.9,0.92,35.29,0.98,5.0,0.99,566.09,,,,,,,0.02,0.02,617.831493,1776164067000
1776164069.446,269.446,0.02,5.0,0.01,566.09,,,,,,,0.04,72.7,0.05,54.7,0.06,46.1,0.07,39.9,0.08,35.29,0.96,72.7,0.95,54.7,0.94,46.1,0.93,39.9,0.92,35.29,0.98,5.0,0.99,566.09,,,,,,,0.02,0.02,617.832958,1776164068000
1776164069.984,269.984,0.02,5.0,0.01,566.09,,,,,,,0.04,72.7,0.05,54.7,0.06,46.1,0.07,39.9,0.08,35.29,0.96,72.7,0.95,54.7,0.94,46.1,0.93,39.9,0.92,35.29,0.98,5.0,0.99,566.09,,,,,,,0.02,0.02,617.833722,1776164069000
1776164071.157,271.157,0.01,516.09,,,,,,,,,0.04,5.0,0.05,54.7,0.06,46.1,0.07,39.9,0.08,35.29,0.96,72.7,0.95,54.7,0.94,46.1,0.93,39.9,0.92,35.29,0.98,5.0,0.99,566.09,,,,,,,0.03,0.02,617.833722,1776164069000
1776164071.92,271.92,0.01,516.09,,,,,,,,,0.04,5.0,0.05,54.7,0.06,46.1,0.07,39.9,0.08,35.29,0.96,5.0,0.95,54.7,0.94,46.1,0.93,39.9,0.92,35.29,0.99,516.09,,,,,,,,,0.03,0.03,617.852934,1776164071000
1776164073.184,273.184,0.01,516.09,,,,,,,,,0.04,5.0,0.05,54.7,0.06,46.1,0.07,39.9,0.08,35.29,0.96,5.0,0.95,54.7,0.94,46.1,0.93,39.9,0.92,35.29,0.99,516.09,,,,,,,,,0.03,0.03,617.892414,1776164072000
1776164074.375,274.375,0.01,516.09,,,,,,,,,0.04,5.0,0.05,54.7,0.06,46.1,0.07,39.9,0.08,35.29,0.96,5.0,0.95,54.7,0.94,46.1,0.93,39.9,0.92,35.29,0.99,516.09,,,,,,,,,0.03,0.03,617.848454,1776164073000
1776164075.312,275.312,0.01,516.09,,,,,,,,,0.04,5.0,0.05,54.7,0.06,46.1,0.07,39.9,0.08,35.29,0.96,5.0,0.95,54.7,0.94,46.1,0.93,39.9,0.92,35.29,0.99,516.09,,,,,,,,,0.03,0.03,617.853524,1776164074000
1776164076.074,276.074,0.01,516.09,,,,,,,,,0.04,5.0,0.05,54.7,0.06,46.1,0.07,39.9,0.08,35.29,0.96,5.0,0.95,54.7,0.94,46.1,0.93,39.9,0.92,35.29,0.99,516.09,,,,,,,,,0.03,0.03,617.853585,1776164075000
1776164077.511,277.511,0.01,511.09,,,,,,,,,0.04,5.0,0.15,5.0,0.18,10.0,0.21,50.0,0.31,50.0,0.96,5.0,0.85,5.0,0.82,10.0,0.79,50.0,0.69,50.0,0.99,511.09,,,,,,,,,0.03,0.03,617.851918,1776164076000
1776164078.084,278.084,0.01,511.09,,,,,,,,,0.04,5.0,0.15,5.0,0.18,10.0,0.21,50.0,0.31,50.0,0.96,5.0,0.85,5.0,0.82,10.0,0.79,50.0,0.69,50.0,0.99,511.09,,,,,,,,,0.03,0.03,617.862737,1776164077000
1776164079.179,279.179,0.01,511.09,,,,,,,,,0.04,5.0,0.15,5.0,0.18,10.0,0.21,50.0,0.31,50.0,0.96,5.0,0.85,5.0,0.82,10.0,0.79,50.0,0.69,50.0,0.99,511.09,,,,,,,,,0.03,0.03,617.808395,1776164078000
1776164080.165,280.165,0.01,511.09,,,,,,,,,0.04,5.0,0.15,5.0,0.18,10.0,0.21,50.0,0.31,50.0,0.96,5.0,0.85,5.0,0.82,10.0,0.79,50.0,0.69,50.0,0.99,511.09,,,,,,,,,0.03,0.03,617.861956,1776164079000
1776164081.26,281.26,0.01,511.09,,,,,,,,,0.04,5.0,0.15,5.0,0.18,10.0,0.21,50.0,0.31,50.0,0.96,5.0,0.85,5.0,0.82,10.0,0.79,50.0,0.69,50.0,0.99,511.09,,,,,,,,,0.03,0.03,617.861721,1776164080000
1776164082.336,282.336,0.01,511.09,,,,,,,,,0.04,5.0,0.15,5.0,0.18,10.0,0.21,50.0,0.31,50.0,0.96,5.0,0.85,5.0,0.82,10.0,0.79,50.0,0.69,50.0,0.99,511.09,,,,,,,,,0.03,0.03,617.866591,1776164081000
1776164083.484,283.484,0.01,511.09,,,,,,,,,0.04,5.0,0.15,5.0,0.18,10.0,0.21,50.0,0.31,50.0,0.96,5.0,0.85,5.0,0.82,10.0,0.79,50.0,0.69,50.0,0.99,511.09,,,,,,,,,0.03,0.03,617.842185,1776164082000
1776164084.064,284.064,0.01,511.09,,,,,,,,,0.04,5.0,0.15,5.0,0.18,10.0,0.21,50.0,0.31,50.0,0.96,5.0,0.85,5.0,0.82,10.0,0.79,50.0,0.69,50.0,0.99,511.09,,,,,,,,,0.03,0.03,617.84389,1776164083000
1776164085.086,285.086,0.01,511.09,,,,,,,,,0.04,5.0,0.15,5.0,0.18,10.0,0.21,50.0,0.31,50.0,0.96,5.0,0.85,5.0,0.82,10.0,0.79,50.0,0.69,50.0,0.99,511.09,,,,,,,,,0.03,0.03,617.839186,1776164084000
1776164086.186,286.186,0.01,511.09,,,,,,,,,0.04,5.0,0.15,5.0,0.18,10.0,0.21,50.0,0.31,50.0,0.96,5.0,0.85,5.0,0.82,10.0,0.79,50.0,0.69,50.0,0.99,511.09,,,,,,,,,0.03,0.03,617.834278,1776164085000
1776164087.198,287.198,0.01,511.09,,,,,,,,,0.04,5.0,0.15,5.0,0.18,10.0,0.21,50.0,0.31,50.0,0.96,5.0,0.85,5.0,0.82,10.0,0.79,50.0,0.69,50.0,0.99,511.09,,,,,,,,,0.03,0.03,617.80366,1776164086000
1776164088.293,288.293,0.01,511.09,,,,,,,,,0.04,5.0,0.15,5.0,0.18,10.0,0.21,50.0,0.31,50.0,0.96,5.0,0.85,5.0,0.82,10.0,0.79,50.0,0.69,50.0,0.99,511.09,,,,,,,,,0.03,0.03,617.788322,1776164087000
1776164089.405,289.405,0.01,511.09,,,,,,,,,0.04,5.0,0.15,5.0,0.18,10.0,0.21,50.0,0.31,50.0,0.96,5.0,0.85,5.0,0.82,10.0,0.79,50.0,0.69,50.0,0.99,511.09,,,,,,,,,0.03,0.03,617.812489,1776164088000
1776164089.941,289.941,0.01,511.09,,,,,,,,,0.04,5.0,0.15,5.0,0.18,10.0,0.21,50.0,0.31,50.0,0.96,5.0,0.85,5.0,0.82,10.0,0.79,50.0,0.69,50.0,0.99,511.09,,,,,,,,,0.03,0.03,617.812489,1776164089000
1776164091.325,291.325,0.01,511.09,,,,,,,,,0.04,5.0,0.15,5.0,0.18,10.0,0.21,50.0,0.31,50.0,0.96,5.0,0.85,5.0,0.82,10.0,0.79,50.0,0.69,50.0,0.99,511.09,,,,,,,,,0.03,0.03,617.841045,1776164090000
1776164092.404,292.404,0.01,511.09,,,,,,,,,0.04,5.0,0.15,5.0,0.18,10.0,0.21,50.0,0.31,50.0,0.96,5.0,0.85,5.0,0.82,10.0,0.79,50.0,0.69,50.0,0.99,511.09,,,,,,,,,0.03,0.03,617.841176,1776164091000
1776164093.375,293.375,0.01,205.88,,,,,,,,,0.11,55.0,0.12,10.0,0.21,50.0,0.31,50.0,0.41,50.0,0.96,5.0,0.85,5.0,0.82,10.0,0.79,50.0,0.69,50.0,0.99,511.09,,,,,,,,,0.1,0.03,617.841176,1776164091000
1776164094.31,294.31,0.01,205.88,,,,,,,,,0.11,55.0,0.12,10.0,0.21,50.0,0.31,50.0,0.41,50.0,0.89,55.0,0.88,10.0,0.79,50.0,0.69,50.0,0.59,50.0,0.99,205.88,,,,,,,,,0.1,0.1,617.838057,1776164093000
1776164094.831,294.831,0.01,205.88,,,,,,,,,0.11,55.0,0.12,10.0,0.21,50.0,0.31,50.0,0.41,50.0,0.89,55.0,0.88,10.0,0.79,50.0,0.69,50.0,0.59,50.0,0.99,205.88,,,,,,,,,0.1,0.1,617.807646,1776164094000
1776164095.962,295.962,,,,,,,,,,,0.01,794.12,0.04,10.0,0.11,55.0,0.21,50.0,0.31,50.0,0.89,55.0,0.88,10.0,0.79,50.0,0.69,50.0,0.59,50.0,0.99,205.88,,,,,,,,,,0.1,617.807646,1776164094000
1776164096.32,296.32,,,,,,,,,,,0.01,794.12,0.04,10.0,0.11,55.0,0.21,50.0,0.31,50.0,0.99,794.12,0.96,10.0,0.89,55.0,0.79,50.0,0.69,50.0,,,,,,,,,,,,,617.807696,1776164095000
1776164096.894,296.894,,,,,,,,,,,0.01,794.12,0.04,10.0,0.11,55.0,0.21,50.0,0.31,50.0,0.99,794.12,0.96,10.0,0.89,55.0,0.79,50.0,0.69,50.0,,,,,,,,,,,,,617.79786,1776164096000
1776164097.868,297.868,,,,,,,,,,,0.01,794.12,0.04,10.0,0.11,55.0,0.21,50.0,0.31,50.0,0.99,794.12,0.96,10.0,0.89,55.0,0.79,50.0,0.69,50.0,,,,,,,,,,,,,617.798256,1776164097000
1776164098.955,298.955,,,,,,,,,,,0.01,794.12,0.04,10.0,0.11,55.0,0.21,50.0,0.31,50.0,0.99,794.12,0.96,10.0,0.89,55.0,0.79,50.0,0.69,50.0,,,,,,,,,,,,,617.799282,1776164098000
1776164100.304,300.304,,,,,,,,,,,0.01,794.12,0.04,10.0,0.11,55.0,0.21,50.0,0.31,50.0,0.99,794.12,0.96,10.0,0.89,55.0,0.79,50.0,0.69,50.0,,,,,,,,,,,,,617.767204,1776164099000

# RESULT,winner=Down,slug=bnb-updown-5m-1776163800,ticks=308
