timestamp,elapsed_sec,up_bid_p1,up_bid_s1,up_bid_p2,up_bid_s2,up_ask_p1,up_ask_s1,up_ask_p2,up_ask_s2,down_bid_p1,down_bid_s1,down_bid_p2,down_bid_s2,down_ask_p1,down_ask_s1,down_ask_p2,down_ask_s2,up_spread,down_spread,bnb_price,bnb_oracle_ts
1776231011.187,11.187,,,,,,,,,,,,,,,,,,,614.737,1776231010000
1776231011.695,11.695,0.37,10.0,0.31,50.0,0.45,6.0,0.46,5.0,0.55,6.0,0.54,5.0,0.63,10.0,0.69,50.0,0.08,0.08,614.737,1776231010000
1776231012.508,12.508,0.37,10.0,0.31,50.0,0.45,6.0,0.46,5.0,0.55,6.0,0.54,5.0,0.63,10.0,0.69,50.0,0.08,0.08,614.74112,1776231011000
1776231013.213,13.213,0.37,6.11,0.31,50.0,0.46,5.0,0.48,5.0,0.54,5.0,0.52,5.0,0.63,6.11,0.69,50.0,0.09,0.09,614.718594,1776231012000
1776231014.517,14.517,0.37,6.11,0.31,50.0,0.46,5.0,0.48,5.0,0.54,5.0,0.52,5.0,0.63,6.11,0.69,50.0,0.09,0.09,614.711231,1776231013000
1776231015.219,15.219,0.37,6.11,0.31,50.0,0.46,5.0,0.48,5.0,0.54,5.0,0.52,5.0,0.63,6.11,0.69,50.0,0.09,0.09,614.71123,1776231014000
1776231016.568,16.568,0.37,6.11,0.31,50.0,0.46,5.0,0.48,5.0,0.54,5.0,0.52,5.0,0.63,6.11,0.69,50.0,0.09,0.09,614.708148,1776231015000
1776231017.262,17.262,0.37,6.11,0.31,50.0,0.46,5.0,0.48,5.0,0.54,5.0,0.52,5.0,0.63,6.11,0.69,50.0,0.09,0.09,614.709491,1776231016000
1776231018.575,18.575,0.37,6.11,0.31,50.0,0.46,5.0,0.48,5.0,0.54,5.0,0.52,5.0,0.63,6.11,0.69,50.0,0.09,0.09,614.709089,1776231017000
1776231019.245,19.245,0.37,6.11,0.31,50.0,0.46,5.0,0.48,5.0,0.54,5.0,0.52,5.0,0.63,6.11,0.69,50.0,0.09,0.09,614.709053,1776231018000
1776231020.623,20.623,0.37,6.11,0.31,50.0,0.46,5.0,0.48,5.0,0.54,5.0,0.52,5.0,0.63,6.11,0.69,50.0,0.09,0.09,614.708914,1776231019000
1776231021.457,21.457,0.37,6.11,0.31,50.0,0.46,5.0,0.48,5.0,0.54,5.0,0.52,5.0,0.63,6.11,0.69,50.0,0.09,0.09,614.706655,1776231020000
1776231022.128,22.128,0.37,6.11,0.31,50.0,0.46,5.0,0.48,5.0,0.54,5.0,0.52,5.0,0.63,6.11,0.69,50.0,0.09,0.09,614.705519,1776231021000
1776231022.99,22.99,0.37,5.0,0.35,5.0,0.46,2.5,0.48,5.0,0.54,5.0,0.52,5.0,0.63,6.11,0.69,50.0,0.09,0.09,614.705519,1776231021000
1776231023.223,23.223,0.37,5.0,0.35,5.0,0.46,2.5,0.48,5.0,0.54,2.5,0.52,5.0,0.63,5.0,0.65,5.0,0.09,0.09,614.704075,1776231022000
1776231024.77,24.77,0.37,5.0,0.35,5.0,0.46,2.5,0.48,5.0,0.54,2.5,0.52,5.0,0.63,5.0,0.65,5.0,0.09,0.09,614.68532,1776231023000
1776231025.502,25.502,0.37,5.0,0.35,5.0,0.46,2.5,0.48,5.0,0.54,2.5,0.52,5.0,0.63,5.0,0.65,5.0,0.09,0.09,614.68849,1776231024000
1776231026.19,26.19,0.37,5.0,0.35,5.0,0.46,2.5,0.48,5.0,0.54,2.5,0.52,5.0,0.63,5.0,0.65,5.0,0.09,0.09,614.707034,1776231025000
1776231027.739,27.739,0.37,5.0,0.35,5.0,0.46,2.5,0.48,5.0,0.54,2.5,0.52,5.0,0.63,5.0,0.65,5.0,0.09,0.09,614.711837,1776231026000
1776231028.305,28.305,0.37,5.0,0.35,5.0,0.46,2.5,0.48,5.0,0.54,2.5,0.52,5.0,0.63,5.0,0.65,5.0,0.09,0.09,614.707034,1776231027000
1776231029.149,29.149,0.37,5.0,0.35,5.0,0.46,2.5,0.48,5.0,0.54,2.5,0.52,5.0,0.63,5.0,0.65,5.0,0.09,0.09,614.70045,1776231028000
1776231030.464,30.464,0.37,5.0,0.35,5.0,0.46,2.5,0.48,5.0,0.54,2.5,0.52,5.0,0.63,5.0,0.65,5.0,0.09,0.09,614.706997,1776231029000
1776231031.101,31.101,0.37,5.0,0.35,5.0,0.46,2.5,0.48,5.0,0.54,2.5,0.52,5.0,0.63,5.0,0.65,5.0,0.09,0.09,614.723097,1776231030000
1776231032.443,32.443,0.37,5.0,0.35,5.0,0.46,2.5,0.48,5.0,0.54,2.5,0.52,5.0,0.63,5.0,0.65,5.0,0.09,0.09,614.77237,1776231031000
1776231033.178,33.178,0.37,5.0,0.35,5.0,0.46,2.5,0.48,5.0,0.54,2.5,0.52,5.0,0.63,5.0,0.65,5.0,0.09,0.09,614.773101,1776231032000
1776231034.432,34.432,0.37,5.0,0.35,5.0,0.46,2.5,0.48,5.0,0.54,2.5,0.52,5.0,0.63,5.0,0.65,5.0,0.09,0.09,614.769,1776231033000
1776231035.137,35.137,0.37,5.0,0.35,5.0,0.46,2.5,0.48,5.0,0.54,2.5,0.52,5.0,0.63,5.0,0.65,5.0,0.09,0.09,614.769,1776231034000
1776231036.331,36.331,0.37,5.0,0.35,5.0,0.46,2.5,0.48,5.0,0.54,2.5,0.52,5.0,0.63,5.0,0.65,5.0,0.09,0.09,614.824,1776231035000
1776231037.006,37.006,0.37,5.0,0.35,5.0,0.46,2.5,0.48,5.0,0.54,2.5,0.52,5.0,0.63,5.0,0.65,5.0,0.09,0.09,614.824,1776231036000
1776231038.202,38.202,0.37,5.0,0.35,5.0,0.46,2.5,0.48,5.0,0.54,2.5,0.52,5.0,0.63,5.0,0.65,5.0,0.09,0.09,614.813895,1776231037000
1776231039.527,39.527,0.37,5.0,0.35,5.0,0.46,2.5,0.48,5.0,0.54,2.5,0.52,5.0,0.63,5.0,0.65,5.0,0.09,0.09,614.812762,1776231038000
1776231040.598,40.598,0.37,5.0,0.35,5.0,0.46,2.5,0.48,5.0,0.54,2.5,0.52,5.0,0.63,5.0,0.65,5.0,0.09,0.09,614.812835,1776231039000
1776231041.618,41.618,0.37,5.0,0.35,5.0,0.46,2.5,0.48,5.0,0.54,2.5,0.52,5.0,0.63,5.0,0.65,5.0,0.09,0.09,614.81247,1776231040000
1776231042.288,42.288,0.37,5.0,0.35,5.0,0.46,2.5,0.48,5.0,0.54,2.5,0.52,5.0,0.63,5.0,0.65,5.0,0.09,0.09,614.812945,1776231041000
1776231042.587,42.587,0.49,27.0,0.48,5.0,0.51,60.0,0.58,5.0,0.54,2.5,0.52,5.0,0.63,5.0,0.65,5.0,0.02,0.09,614.812945,1776231041000
1776231043.457,43.457,0.49,27.0,0.48,5.0,0.51,60.0,0.58,5.0,0.49,60.0,0.42,5.0,0.51,27.0,0.52,5.0,0.02,0.02,614.813332,1776231042000
1776231044.118,44.118,0.49,27.0,0.48,5.0,0.51,60.0,0.58,5.0,0.49,60.0,0.42,5.0,0.51,27.0,0.52,5.0,0.02,0.02,614.84481,1776231043000
1776231044.618,44.618,0.49,21.0,0.48,5.0,0.51,50.0,0.61,5.0,0.49,55.0,0.39,5.0,0.51,21.0,0.52,5.0,0.02,0.02,614.84481,1776231043000
1776231045.379,45.379,0.49,21.0,0.48,5.0,0.51,50.0,0.61,5.0,0.49,50.0,0.39,5.0,0.51,21.0,0.52,5.0,0.02,0.02,614.85354,1776231044000
1776231046.566,46.566,0.49,21.0,0.48,5.0,0.51,50.0,0.61,5.0,0.49,50.0,0.39,5.0,0.51,21.0,0.52,5.0,0.02,0.02,614.882566,1776231045000
1776231047.128,47.128,0.49,21.0,0.48,5.0,0.51,50.0,0.61,5.0,0.49,50.0,0.39,5.0,0.51,21.0,0.52,5.0,0.02,0.02,614.882566,1776231046000
1776231047.51,47.51,0.5,11.0,0.49,26.0,0.51,38.26,0.64,10.0,0.49,50.0,0.39,5.0,0.51,21.0,0.52,5.0,0.01,0.02,614.882566,1776231046000
1776231048.21,48.21,0.5,11.0,0.49,26.0,0.51,38.26,0.64,10.0,0.49,38.26,0.36,10.0,0.5,11.0,0.51,26.0,0.01,0.01,614.89793,1776231047000
1776231049.377,49.377,0.5,11.0,0.49,26.0,0.51,38.26,0.64,10.0,0.49,38.26,0.36,10.0,0.5,11.0,0.51,26.0,0.01,0.01,614.907685,1776231048000
1776231050.001,50.001,0.5,11.0,0.49,26.0,0.51,38.26,0.64,10.0,0.49,38.26,0.36,10.0,0.5,11.0,0.51,26.0,0.01,0.01,614.919945,1776231049000
1776231051.107,51.107,0.5,11.0,0.49,26.0,0.51,38.26,0.64,10.0,0.49,38.26,0.36,10.0,0.5,11.0,0.51,26.0,0.01,0.01,614.919644,1776231050000
1776231052.289,52.289,0.5,11.0,0.49,26.0,0.51,38.26,0.64,10.0,0.49,38.26,0.36,10.0,0.5,11.0,0.51,26.0,0.01,0.01,614.9149,1776231051000
1776231053.47,53.47,0.5,11.0,0.49,26.0,0.51,38.26,0.64,10.0,0.49,38.26,0.36,10.0,0.5,11.0,0.51,26.0,0.01,0.01,614.913717,1776231052000
1776231054.034,54.034,0.5,11.0,0.49,26.0,0.51,38.26,0.64,10.0,0.49,38.26,0.36,10.0,0.5,11.0,0.51,26.0,0.01,0.01,614.913717,1776231053000
1776231054.349,54.349,0.5,16.0,0.49,26.0,0.51,27.89,0.64,10.0,0.49,38.26,0.36,10.0,0.5,11.0,0.51,26.0,0.01,0.01,614.913717,1776231053000
1776231054.687,54.687,0.5,16.0,0.49,26.0,0.51,22.79,0.64,10.0,0.49,27.89,0.36,10.0,0.5,16.0,0.51,26.0,0.01,0.01,614.913717,1776231053000
1776231055.4,55.4,0.5,16.0,0.49,26.0,0.51,22.79,0.64,10.0,0.49,22.79,0.36,10.0,0.5,16.0,0.51,26.0,0.01,0.01,614.913717,1776231054000
1776231056.731,56.731,0.5,16.0,0.49,26.0,0.51,22.79,0.64,10.0,0.49,22.79,0.36,10.0,0.5,16.0,0.51,26.0,0.01,0.01,614.913717,1776231055000
1776231058.063,58.063,0.5,16.0,0.49,26.0,0.51,22.79,0.64,10.0,0.49,22.79,0.36,10.0,0.5,16.0,0.51,26.0,0.01,0.01,614.91368,1776231056000
1776231058.917,58.917,0.5,16.0,0.49,26.0,0.51,22.79,0.64,10.0,0.49,22.79,0.36,10.0,0.5,16.0,0.51,26.0,0.01,0.01,614.91368,1776231057000
1776231059.916,59.916,0.5,16.0,0.49,26.0,0.51,22.79,0.64,10.0,0.49,22.79,0.36,10.0,0.5,16.0,0.51,26.0,0.01,0.01,614.91368,1776231058000
1776231060.738,60.738,0.5,16.0,0.49,26.0,0.51,22.79,0.64,10.0,0.49,22.79,0.36,10.0,0.5,16.0,0.51,26.0,0.01,0.01,614.91368,1776231059000
1776231061.589,61.589,0.5,16.0,0.49,26.0,0.51,22.79,0.64,10.0,0.49,22.79,0.36,10.0,0.5,16.0,0.51,26.0,0.01,0.01,614.91368,1776231060000
1776231062.317,62.317,0.46,1.0,0.45,5.0,0.51,22.79,0.59,10.0,0.49,22.79,0.41,10.0,0.54,1.0,0.55,5.0,0.05,0.05,614.915606,1776231061000
1776231063.198,63.198,0.46,1.0,0.45,5.0,0.51,22.79,0.59,10.0,0.49,22.79,0.41,10.0,0.54,1.0,0.55,5.0,0.05,0.05,614.910774,1776231062000
1776231064.779,64.779,0.46,1.0,0.45,5.0,0.51,22.79,0.59,10.0,0.49,22.79,0.41,10.0,0.54,1.0,0.55,5.0,0.05,0.05,614.835876,1776231063000
1776231065.69,65.69,0.46,1.0,0.45,5.0,0.51,22.79,0.59,10.0,0.49,22.79,0.41,10.0,0.54,1.0,0.55,5.0,0.05,0.05,614.835876,1776231064000
1776231066.52,66.52,0.46,1.0,0.45,5.0,0.51,22.79,0.59,10.0,0.49,22.79,0.41,10.0,0.54,1.0,0.55,5.0,0.05,0.05,614.835876,1776231065000
1776231067.278,67.278,0.46,1.0,0.45,5.0,0.51,22.79,0.59,10.0,0.49,22.79,0.41,10.0,0.54,1.0,0.55,5.0,0.05,0.05,614.835876,1776231066000
1776231068.728,68.728,0.46,1.0,0.45,5.0,0.51,22.79,0.59,10.0,0.49,22.79,0.41,10.0,0.54,1.0,0.55,5.0,0.05,0.05,614.837411,1776231067000
1776231069.475,69.475,0.46,1.0,0.45,5.0,0.51,22.79,0.59,10.0,0.49,22.79,0.41,10.0,0.54,1.0,0.55,5.0,0.05,0.05,614.837411,1776231068000
1776231070.207,70.207,0.46,1.0,0.45,5.0,0.51,22.79,0.59,10.0,0.49,22.79,0.41,10.0,0.54,1.0,0.55,5.0,0.05,0.05,614.837411,1776231069000
1776231071.238,71.238,0.46,2.24,0.45,15.5,0.51,22.79,0.59,10.0,0.49,22.79,0.41,10.0,0.54,1.0,0.55,5.0,0.05,0.05,614.837411,1776231069000
1776231071.607,71.607,0.46,2.24,0.45,15.5,0.51,22.79,0.59,10.0,0.49,22.79,0.41,10.0,0.54,2.24,0.55,15.5,0.05,0.05,614.837411,1776231070000
1776231072.278,72.278,0.46,2.24,0.45,15.5,0.51,22.79,0.59,10.0,0.49,22.79,0.41,10.0,0.54,2.24,0.55,15.5,0.05,0.05,614.835876,1776231071000
1776231073.903,73.903,0.46,2.24,0.45,15.5,0.51,22.79,0.59,10.0,0.49,22.79,0.41,10.0,0.54,2.24,0.55,15.5,0.05,0.05,614.835876,1776231072000
1776231074.72,74.72,0.46,2.24,0.45,15.5,0.51,22.79,0.59,10.0,0.49,22.79,0.41,10.0,0.54,2.24,0.55,15.5,0.05,0.05,614.835876,1776231073000
1776231075.424,75.424,0.46,2.24,0.45,15.5,0.51,22.79,0.59,10.0,0.49,22.79,0.41,10.0,0.54,2.24,0.55,15.5,0.05,0.05,614.835876,1776231074000
1776231076.141,76.141,0.46,2.24,0.45,15.5,0.51,22.79,0.59,10.0,0.49,22.79,0.41,10.0,0.54,2.24,0.55,15.5,0.05,0.05,614.835876,1776231075000
1776231077.335,77.335,0.46,2.24,0.45,15.5,0.51,22.79,0.59,10.0,0.49,22.79,0.41,10.0,0.54,2.24,0.55,15.5,0.05,0.05,614.835876,1776231076000
1776231078.311,78.311,0.46,2.24,0.45,15.5,0.51,22.79,0.59,10.0,0.49,22.79,0.41,10.0,0.54,2.24,0.55,15.5,0.05,0.05,614.819746,1776231077000
1776231079.252,79.252,0.46,2.24,0.45,15.5,0.51,22.79,0.59,10.0,0.49,22.79,0.41,10.0,0.54,2.24,0.55,15.5,0.05,0.05,614.819746,1776231078000
1776231080.087,80.087,0.46,5.5,0.45,10.5,0.51,22.79,0.59,10.0,0.49,22.79,0.41,10.0,0.54,2.24,0.55,15.5,0.05,0.05,614.819746,1776231078000
1776231081.219,81.219,0.46,5.5,0.45,10.5,0.51,22.79,0.59,10.0,0.49,22.79,0.41,10.0,0.54,5.5,0.55,10.5,0.05,0.05,614.814751,1776231080000
1776231082.343,82.343,0.46,5.5,0.45,10.5,0.51,22.79,0.59,10.0,0.49,22.79,0.41,10.0,0.54,5.5,0.55,10.5,0.05,0.05,614.814751,1776231081000
1776231082.874,82.874,0.46,5.5,0.45,10.5,0.51,22.79,0.59,10.0,0.49,22.79,0.41,10.0,0.54,5.5,0.55,10.5,0.05,0.05,614.810822,1776231082000
1776231083.924,83.924,0.46,5.5,0.45,10.5,0.51,22.79,0.59,10.0,0.49,22.79,0.41,10.0,0.54,5.5,0.55,10.5,0.05,0.05,614.807563,1776231083000
1776231084.922,84.922,0.46,5.5,0.45,10.5,0.51,22.79,0.59,10.0,0.49,22.79,0.41,10.0,0.54,5.5,0.55,10.5,0.05,0.05,614.807563,1776231084000
1776231086.073,86.073,0.46,5.5,0.45,10.5,0.51,22.79,0.59,10.0,0.49,22.79,0.41,10.0,0.54,5.5,0.55,10.5,0.05,0.05,614.807563,1776231085000
1776231087.088,87.088,0.46,5.5,0.45,10.5,0.51,22.79,0.59,10.0,0.49,22.79,0.41,10.0,0.54,5.5,0.55,10.5,0.05,0.05,614.807563,1776231086000
1776231088.217,88.217,0.46,5.5,0.45,10.5,0.51,22.79,0.59,10.0,0.49,22.79,0.41,10.0,0.54,5.5,0.55,10.5,0.05,0.05,614.807563,1776231087000
1776231089.208,89.208,0.46,5.5,0.45,10.5,0.51,22.79,0.59,10.0,0.49,22.79,0.41,10.0,0.54,5.5,0.55,10.5,0.05,0.05,614.806028,1776231088000
1776231090.834,90.834,0.46,5.5,0.45,10.5,0.51,22.79,0.59,10.0,0.49,22.79,0.41,10.0,0.54,5.5,0.55,10.5,0.05,0.05,614.806028,1776231089000
1776231091.36,91.36,0.46,5.5,0.45,10.5,0.51,22.79,0.59,10.0,0.49,22.79,0.41,10.0,0.54,5.5,0.55,10.5,0.05,0.05,614.806028,1776231090000
1776231091.945,91.945,0.46,5.5,0.45,10.5,0.51,22.79,0.59,10.0,0.49,22.79,0.41,10.0,0.54,5.5,0.55,10.5,0.05,0.05,614.806028,1776231091000
1776231092.981,92.981,0.46,5.5,0.45,10.5,0.51,22.79,0.59,10.0,0.49,22.79,0.41,10.0,0.54,5.5,0.55,10.5,0.05,0.05,614.806028,1776231092000
1776231094.111,94.111,0.46,5.5,0.45,10.5,0.51,22.79,0.59,10.0,0.49,22.79,0.41,10.0,0.54,5.5,0.55,10.5,0.05,0.05,614.807563,1776231093000
1776231095.0,95.0,0.46,5.5,0.45,10.5,0.51,22.79,0.59,10.0,0.49,22.79,0.41,10.0,0.54,5.5,0.55,10.5,0.05,0.05,614.807563,1776231094000
1776231096.043,96.043,0.46,5.5,0.45,10.5,0.51,22.79,0.59,10.0,0.49,22.79,0.41,10.0,0.54,5.5,0.55,10.5,0.05,0.05,614.807563,1776231095000
1776231097.031,97.031,0.46,5.5,0.45,10.5,0.51,22.79,0.59,10.0,0.49,22.79,0.41,10.0,0.54,5.5,0.55,10.5,0.05,0.05,614.807563,1776231096000
1776231098.108,98.108,0.46,5.5,0.45,10.5,0.51,22.79,0.59,10.0,0.49,22.79,0.41,10.0,0.54,5.5,0.55,10.5,0.05,0.05,614.807563,1776231097000
1776231099.134,99.134,0.46,5.5,0.45,10.5,0.51,22.79,0.59,10.0,0.49,22.79,0.41,10.0,0.54,5.5,0.55,10.5,0.05,0.05,614.807563,1776231098000
1776231100.177,100.177,0.46,5.5,0.45,10.5,0.51,22.79,0.59,10.0,0.49,22.79,0.41,10.0,0.54,5.5,0.55,10.5,0.05,0.05,614.807563,1776231099000
1776231101.156,101.156,0.46,5.5,0.45,10.5,0.51,22.79,0.59,10.0,0.49,22.79,0.41,10.0,0.54,5.5,0.55,10.5,0.05,0.05,614.807563,1776231100000
1776231102.228,102.228,0.46,5.5,0.45,10.5,0.51,22.79,0.59,10.0,0.49,22.79,0.41,10.0,0.54,5.5,0.55,10.5,0.05,0.05,614.813655,1776231101000
1776231103.173,103.173,0.46,5.5,0.45,10.5,0.51,22.79,0.59,10.0,0.49,22.79,0.41,10.0,0.54,5.5,0.55,10.5,0.05,0.05,614.817,1776231102000
1776231104.032,104.032,0.5,12.0,0.49,10.4,0.51,7.79,0.59,10.0,0.49,22.79,0.41,10.0,0.54,5.5,0.55,10.5,0.01,0.05,614.817,1776231102000
1776231104.27,104.27,0.5,12.0,0.49,10.4,0.51,7.79,0.59,10.0,0.49,7.79,0.41,10.0,0.5,12.0,0.51,10.4,0.01,0.01,614.822,1776231103000
1776231105.54,105.54,0.5,12.0,0.49,10.4,0.51,7.79,0.59,10.0,0.49,7.79,0.41,10.0,0.5,12.0,0.51,10.4,0.01,0.01,614.827,1776231104000
1776231106.183,106.183,0.5,12.0,0.49,10.4,0.51,7.79,0.59,10.0,0.49,7.79,0.41,10.0,0.5,12.0,0.51,10.4,0.01,0.01,614.833307,1776231105000
1776231107.482,107.482,0.5,12.0,0.49,10.4,0.51,7.79,0.59,10.0,0.49,7.79,0.41,10.0,0.5,12.0,0.51,10.4,0.01,0.01,614.842,1776231106000
1776231108.164,108.164,0.5,12.0,0.49,10.4,0.51,7.79,0.59,10.0,0.49,7.79,0.41,10.0,0.5,12.0,0.51,10.4,0.01,0.01,614.842,1776231107000
1776231109.407,109.407,0.5,12.0,0.49,10.4,0.51,7.79,0.59,10.0,0.49,7.79,0.41,10.0,0.5,12.0,0.51,10.4,0.01,0.01,614.844,1776231108000
1776231109.989,109.989,0.5,12.0,0.49,10.4,0.51,7.79,0.59,10.0,0.49,7.79,0.41,10.0,0.5,12.0,0.51,10.4,0.01,0.01,614.844,1776231109000
1776231111.216,111.216,0.5,12.0,0.49,10.4,0.51,7.79,0.59,10.0,0.49,7.79,0.41,10.0,0.5,12.0,0.51,10.4,0.01,0.01,614.842,1776231110000
1776231112.532,112.532,0.5,12.0,0.49,10.4,0.51,7.79,0.59,10.0,0.49,7.79,0.41,10.0,0.5,12.0,0.51,10.4,0.01,0.01,614.842,1776231111000
1776231113.185,113.185,0.5,12.0,0.49,10.4,0.51,7.79,0.59,10.0,0.49,7.79,0.41,10.0,0.5,12.0,0.51,10.4,0.01,0.01,614.851,1776231112000
1776231114.328,114.328,0.5,12.0,0.49,10.4,0.51,7.79,0.59,10.0,0.49,7.79,0.41,10.0,0.5,12.0,0.51,10.4,0.01,0.01,614.843833,1776231113000
1776231114.888,114.888,0.5,12.0,0.49,10.4,0.51,7.79,0.59,10.0,0.49,7.79,0.41,10.0,0.5,12.0,0.51,10.4,0.01,0.01,614.841763,1776231114000
1776231116.288,116.288,0.5,9.9,0.49,5.0,0.51,7.79,0.65,5.0,0.49,7.79,0.41,10.0,0.5,12.0,0.51,10.4,0.01,0.01,614.841763,1776231114000
1776231122.431,122.431,0.34,10.0,0.31,62.2,0.51,12.79,0.57,10.6,0.49,7.79,0.35,5.0,0.5,9.9,0.51,5.0,0.17,0.01,614.841763,1776231114000
1776231123.28,123.28,0.34,10.0,0.31,62.2,0.51,12.79,0.57,10.6,0.49,12.79,0.43,10.6,0.66,10.0,0.69,62.2,0.17,0.17,614.784886,1776231122000
1776231124.239,124.239,0.34,10.0,0.31,62.2,0.51,12.79,0.57,10.6,0.49,12.79,0.43,10.6,0.66,10.0,0.69,62.2,0.17,0.17,614.747,1776231123000
1776231125.187,125.187,0.34,10.0,0.31,62.2,0.51,12.79,0.57,10.6,0.49,12.79,0.43,10.6,0.66,10.0,0.69,62.2,0.17,0.17,614.704,1776231124000
1776231126.25,126.25,0.34,10.0,0.31,62.2,0.51,12.79,0.57,10.6,0.49,12.79,0.43,10.6,0.66,10.0,0.69,62.2,0.17,0.17,614.713422,1776231125000
1776231127.251,127.251,0.34,10.0,0.31,62.2,0.51,12.79,0.57,10.6,0.49,12.79,0.43,10.6,0.66,10.0,0.69,62.2,0.17,0.17,614.726358,1776231126000
1776231128.082,128.082,0.34,10.0,0.31,62.2,0.51,12.79,0.57,10.6,0.49,12.79,0.43,10.6,0.66,10.0,0.69,62.2,0.17,0.17,614.741539,1776231127000
1776231129.088,129.088,0.34,10.0,0.31,62.2,0.51,12.79,0.57,10.6,0.49,12.79,0.43,10.6,0.66,10.0,0.69,62.2,0.17,0.17,614.751306,1776231128000
1776231130.003,130.003,0.34,10.0,0.31,62.2,0.51,12.79,0.57,10.6,0.49,12.79,0.43,10.6,0.66,10.0,0.69,62.2,0.17,0.17,614.76595,1776231129000
1776231130.293,130.293,0.41,50.0,0.4,12.0,0.51,7.79,0.62,5.0,0.49,12.79,0.43,10.6,0.66,10.0,0.69,62.2,0.1,0.17,614.76595,1776231129000
1776231130.934,130.934,0.41,50.0,0.4,12.0,0.51,7.79,0.62,5.0,0.49,7.79,0.38,5.0,0.59,50.0,0.6,12.0,0.1,0.1,614.75061,1776231130000
1776231131.982,131.982,0.41,50.0,0.4,12.0,0.51,7.79,0.62,5.0,0.49,7.79,0.38,5.0,0.59,50.0,0.6,12.0,0.1,0.1,614.786584,1776231131000
1776231133.538,133.538,0.41,50.0,0.4,12.0,0.51,7.79,0.62,5.0,0.49,7.79,0.38,5.0,0.59,50.0,0.6,12.0,0.1,0.1,614.822,1776231132000
1776231134.041,134.041,0.41,50.0,0.4,12.0,0.51,7.79,0.62,5.0,0.49,7.79,0.38,5.0,0.59,50.0,0.6,12.0,0.1,0.1,614.822,1776231133000
1776231135.062,135.062,0.41,50.0,0.4,12.0,0.51,7.79,0.62,5.0,0.49,7.79,0.38,5.0,0.59,50.0,0.6,12.0,0.1,0.1,614.815679,1776231134000
1776231136.042,136.042,0.41,50.0,0.4,12.0,0.51,7.79,0.62,5.0,0.49,7.79,0.38,5.0,0.59,50.0,0.6,12.0,0.1,0.1,614.817,1776231135000
1776231137.075,137.075,0.41,50.0,0.4,12.0,0.51,7.79,0.62,5.0,0.49,7.79,0.38,5.0,0.59,50.0,0.6,12.0,0.1,0.1,614.817536,1776231136000
1776231137.483,137.483,0.47,4.39,0.39,5.0,0.51,57.79,0.52,5.0,0.49,7.79,0.38,5.0,0.59,50.0,0.6,12.0,0.04,0.1,614.817536,1776231136000
1776231138.197,138.197,0.22,14.47,0.21,15.7,0.51,57.79,0.52,5.0,0.49,57.79,0.48,5.0,0.78,14.47,0.79,15.7,0.29,0.29,614.802858,1776231137000
1776231139.103,139.103,0.22,14.47,0.21,15.7,0.51,57.79,0.52,5.0,0.49,57.79,0.48,5.0,0.78,14.47,0.79,15.7,0.29,0.29,614.71,1776231138000
1776231139.669,139.669,0.27,7.0,0.26,10.0,0.32,5.0,0.36,5.0,0.49,57.79,0.48,5.0,0.78,14.47,0.79,15.7,0.05,0.29,614.71,1776231138000
1776231140.138,140.138,0.27,7.0,0.26,10.0,0.32,5.0,0.36,5.0,0.68,5.0,0.64,5.0,0.73,7.0,0.74,10.0,0.05,0.05,614.61742,1776231139000
1776231141.045,141.045,0.27,7.0,0.26,10.0,0.32,5.0,0.36,5.0,0.68,5.0,0.64,5.0,0.73,7.0,0.74,10.0,0.05,0.05,614.605,1776231140000
1776231141.451,141.451,0.23,10.0,0.22,14.47,0.32,13.65,0.36,5.0,0.68,5.0,0.64,5.0,0.73,7.0,0.74,10.0,0.09,0.05,614.605,1776231140000
1776231142.082,142.082,0.23,10.0,0.22,14.47,0.32,13.65,0.36,5.0,0.68,13.65,0.64,5.0,0.77,10.0,0.78,14.47,0.09,0.09,614.582063,1776231141000
1776231143.082,143.082,0.23,10.0,0.22,14.47,0.32,13.65,0.36,5.0,0.68,13.65,0.64,5.0,0.77,10.0,0.78,14.47,0.09,0.09,614.569,1776231142000
1776231144.001,144.001,0.23,10.0,0.22,14.47,0.32,13.65,0.36,5.0,0.68,13.65,0.64,5.0,0.77,10.0,0.78,14.47,0.09,0.09,614.564,1776231143000
1776231144.91,144.91,0.23,10.0,0.22,14.47,0.32,13.65,0.36,5.0,0.68,13.65,0.64,5.0,0.77,10.0,0.78,14.47,0.09,0.09,614.564,1776231144000
1776231146.452,146.452,0.23,10.0,0.22,14.47,0.32,13.65,0.36,5.0,0.68,13.65,0.64,5.0,0.77,10.0,0.78,14.47,0.09,0.09,614.593,1776231145000
1776231146.851,146.851,0.23,10.0,0.22,14.47,0.32,13.65,0.36,5.0,0.68,13.65,0.64,5.0,0.77,10.0,0.78,14.47,0.09,0.09,614.588908,1776231146000
1776231147.933,147.933,0.23,10.0,0.22,14.47,0.32,13.65,0.36,5.0,0.68,13.65,0.64,5.0,0.77,10.0,0.78,14.47,0.09,0.09,614.543,1776231147000
1776231148.903,148.903,0.23,10.0,0.22,14.47,0.32,13.65,0.36,5.0,0.68,13.65,0.64,5.0,0.77,10.0,0.78,14.47,0.09,0.09,614.55,1776231148000
1776231149.888,149.888,0.23,10.0,0.22,14.47,0.32,13.65,0.36,5.0,0.68,13.65,0.64,5.0,0.77,10.0,0.78,14.47,0.09,0.09,614.55,1776231149000
1776231150.861,150.861,0.23,10.0,0.22,14.47,0.32,13.65,0.36,5.0,0.68,13.65,0.64,5.0,0.77,10.0,0.78,14.47,0.09,0.09,614.582,1776231150000
1776231151.926,151.926,0.23,10.0,0.22,14.47,0.32,13.65,0.36,5.0,0.68,13.65,0.64,5.0,0.77,10.0,0.78,14.47,0.09,0.09,614.578087,1776231151000
1776231152.835,152.835,0.23,10.0,0.22,14.47,0.32,13.65,0.36,5.0,0.68,13.65,0.64,5.0,0.77,10.0,0.78,14.47,0.09,0.09,614.536076,1776231152000
1776231153.878,153.878,0.23,10.0,0.22,14.47,0.32,13.65,0.36,5.0,0.68,13.65,0.64,5.0,0.77,10.0,0.78,14.47,0.09,0.09,614.459271,1776231153000
1776231154.839,154.839,0.23,10.0,0.22,14.47,0.32,13.65,0.36,5.0,0.68,13.65,0.64,5.0,0.77,10.0,0.78,14.47,0.09,0.09,614.46038,1776231154000
1776231155.812,155.812,0.23,10.0,0.22,14.47,0.32,13.65,0.36,5.0,0.68,13.65,0.64,5.0,0.77,10.0,0.78,14.47,0.09,0.09,614.460305,1776231155000
1776231157.28,157.28,0.23,10.0,0.22,14.47,0.32,13.65,0.36,5.0,0.68,13.65,0.64,5.0,0.77,10.0,0.78,14.47,0.09,0.09,614.448206,1776231156000
1776231157.901,157.901,0.14,5.0,0.11,76.6,0.15,14.0,0.24,10.0,0.68,13.65,0.64,5.0,0.77,10.0,0.78,14.47,0.01,0.09,614.448206,1776231156000
1776231158.918,158.918,0.14,5.0,0.11,76.6,0.15,14.0,0.24,10.0,0.85,14.0,0.76,10.0,0.86,5.0,0.89,76.6,0.01,0.01,614.388495,1776231157000
1776231159.685,159.685,0.14,5.0,0.11,76.6,0.15,14.0,0.24,10.0,0.85,14.0,0.76,10.0,0.86,5.0,0.89,76.6,0.01,0.01,614.43913,1776231158000
1776231160.233,160.233,0.14,5.0,0.11,76.6,0.15,14.0,0.24,10.0,0.85,14.0,0.76,10.0,0.86,5.0,0.89,76.6,0.01,0.01,614.453709,1776231159000
1776231160.983,160.983,0.14,5.0,0.11,76.6,0.15,14.0,0.24,10.0,0.85,14.0,0.76,10.0,0.86,5.0,0.89,76.6,0.01,0.01,614.454,1776231160000
1776231162.048,162.048,0.14,5.0,0.11,76.6,0.15,14.0,0.24,10.0,0.85,14.0,0.76,10.0,0.86,5.0,0.89,76.6,0.01,0.01,614.429394,1776231161000
1776231163.361,163.361,0.14,5.0,0.11,76.6,0.15,14.0,0.24,10.0,0.85,14.0,0.76,10.0,0.86,5.0,0.89,76.6,0.01,0.01,614.434,1776231162000
1776231164.423,164.423,0.14,5.0,0.11,76.6,0.15,14.0,0.24,10.0,0.85,14.0,0.76,10.0,0.86,5.0,0.89,76.6,0.01,0.01,614.434,1776231163000
1776231164.99,164.99,0.14,5.0,0.11,76.6,0.15,14.0,0.24,10.0,0.85,14.0,0.76,10.0,0.86,5.0,0.89,76.6,0.01,0.01,614.43015,1776231164000
1776231165.388,165.388,0.14,5.0,0.12,24.6,0.15,10.05,0.19,5.0,0.85,14.0,0.76,10.0,0.86,5.0,0.89,76.6,0.01,0.01,614.43015,1776231164000
1776231166.053,166.053,0.14,5.0,0.12,24.6,0.15,10.05,0.19,5.0,0.85,10.05,0.81,5.0,0.86,5.0,0.88,24.6,0.01,0.01,614.4304,1776231165000
1776231167.114,167.114,0.14,5.0,0.12,24.6,0.15,10.05,0.19,5.0,0.85,10.05,0.81,5.0,0.86,5.0,0.88,24.6,0.01,0.01,614.43047,1776231166000
1776231167.531,167.531,0.09,31.7,0.08,35.29,0.15,10.05,0.17,18.39,0.85,10.05,0.81,5.0,0.86,5.0,0.88,24.6,0.06,0.01,614.43047,1776231166000
1776231168.238,168.238,0.09,31.7,0.08,35.29,0.15,10.05,0.17,18.39,0.85,10.05,0.83,18.39,0.91,31.7,0.92,35.29,0.06,0.06,614.423804,1776231167000
1776231169.336,169.336,0.09,31.7,0.08,35.29,0.15,10.05,0.17,18.39,0.85,10.05,0.83,18.39,0.91,31.7,0.92,35.29,0.06,0.06,614.381,1776231168000
1776231169.882,169.882,0.09,31.7,0.08,35.29,0.15,10.05,0.17,18.39,0.85,10.05,0.83,18.39,0.91,31.7,0.92,35.29,0.06,0.06,614.381,1776231169000
1776231170.986,170.986,0.09,31.7,0.08,35.29,0.15,10.05,0.17,18.39,0.85,10.05,0.83,18.39,0.91,31.7,0.92,35.29,0.06,0.06,614.372,1776231170000
1776231172.103,172.103,0.09,31.7,0.08,35.29,0.15,10.05,0.17,18.39,0.85,10.05,0.83,18.39,0.91,31.7,0.92,35.29,0.06,0.06,614.384,1776231171000
1776231173.474,173.474,0.09,31.7,0.08,35.29,0.15,10.05,0.17,18.39,0.85,10.05,0.83,18.39,0.91,31.7,0.92,35.29,0.06,0.06,614.384,1776231172000
1776231173.757,173.757,0.11,74.97,0.1,28.9,0.17,5.0,0.2,5.0,0.85,10.05,0.83,18.39,0.91,31.7,0.92,35.29,0.06,0.06,614.384,1776231172000
1776231173.975,173.975,0.11,74.97,0.1,28.9,0.17,5.0,0.2,5.0,0.83,5.0,0.8,5.0,0.89,74.97,0.9,28.9,0.06,0.06,614.401,1776231173000
1776231175.016,175.016,0.11,74.97,0.1,28.9,0.17,5.0,0.2,5.0,0.83,5.0,0.8,5.0,0.89,74.97,0.9,28.9,0.06,0.06,614.40829,1776231174000
1776231176.032,176.032,0.11,74.97,0.1,28.9,0.17,5.0,0.2,5.0,0.83,5.0,0.8,5.0,0.89,74.97,0.9,28.9,0.06,0.06,614.489074,1776231175000
1776231176.949,176.949,0.11,74.97,0.1,28.9,0.17,5.0,0.2,5.0,0.83,5.0,0.8,5.0,0.89,74.97,0.9,28.9,0.06,0.06,614.528,1776231176000
1776231177.984,177.984,0.11,74.97,0.1,28.9,0.17,5.0,0.2,5.0,0.83,5.0,0.8,5.0,0.89,74.97,0.9,28.9,0.06,0.06,614.52889,1776231177000
1776231179.003,179.003,0.11,74.97,0.1,28.9,0.17,5.0,0.2,5.0,0.83,5.0,0.8,5.0,0.89,74.97,0.9,28.9,0.06,0.06,614.536849,1776231178000
1776231179.904,179.904,0.11,74.97,0.1,28.9,0.17,5.0,0.2,5.0,0.83,5.0,0.8,5.0,0.89,74.97,0.9,28.9,0.06,0.06,614.521,1776231179000
1776231180.909,180.909,0.11,74.97,0.1,28.9,0.17,5.0,0.2,5.0,0.83,5.0,0.8,5.0,0.89,74.97,0.9,28.9,0.06,0.06,614.514,1776231180000
1776231181.901,181.901,0.11,74.97,0.1,28.9,0.17,5.0,0.2,5.0,0.83,5.0,0.8,5.0,0.89,74.97,0.9,28.9,0.06,0.06,614.51,1776231181000
1776231182.945,182.945,0.11,74.97,0.1,28.9,0.17,5.0,0.2,5.0,0.83,5.0,0.8,5.0,0.89,74.97,0.9,28.9,0.06,0.06,614.46636,1776231182000
1776231183.907,183.907,0.11,74.97,0.1,28.9,0.17,5.0,0.2,5.0,0.83,5.0,0.8,5.0,0.89,74.97,0.9,28.9,0.06,0.06,614.410051,1776231183000
1776231185.089,185.089,0.11,74.97,0.1,28.9,0.17,5.0,0.2,5.0,0.83,5.0,0.8,5.0,0.89,74.97,0.9,28.9,0.06,0.06,614.375275,1776231184000
1776231186.581,186.581,0.11,74.97,0.1,28.9,0.17,5.0,0.2,5.0,0.83,5.0,0.8,5.0,0.89,74.97,0.9,28.9,0.06,0.06,614.391,1776231185000
1776231187.342,187.342,0.11,74.97,0.1,28.9,0.17,5.0,0.2,5.0,0.83,5.0,0.8,5.0,0.89,74.97,0.9,28.9,0.06,0.06,614.406,1776231186000
1776231187.937,187.937,0.11,74.97,0.1,28.9,0.17,5.0,0.2,5.0,0.83,5.0,0.8,5.0,0.89,74.97,0.9,28.9,0.06,0.06,614.443013,1776231187000
1776231188.396,188.396,0.21,38.0,0.15,20.39,0.25,5.0,0.31,12.2,0.83,5.0,0.8,5.0,0.89,74.97,0.9,28.9,0.04,0.06,614.443013,1776231187000
1776231189.1,189.1,0.21,36.73,0.16,19.3,0.25,5.0,0.26,5.0,0.75,5.0,0.69,12.2,0.79,38.0,0.85,20.39,0.04,0.04,614.443013,1776231187000
1776231189.462,189.462,0.21,36.73,0.16,19.3,0.25,5.0,0.26,5.0,0.75,5.0,0.74,5.0,0.79,36.73,0.84,19.3,0.04,0.04,614.500083,1776231188000
1776231190.141,190.141,0.21,36.73,0.16,19.3,0.25,5.0,0.26,5.0,0.75,5.0,0.74,5.0,0.79,36.73,0.84,19.3,0.04,0.04,614.527,1776231189000
1776231191.29,191.29,0.21,36.73,0.16,19.3,0.25,5.0,0.26,5.0,0.75,5.0,0.74,5.0,0.79,36.73,0.84,19.3,0.04,0.04,614.581677,1776231190000
1776231192.539,192.539,0.21,36.73,0.16,19.3,0.25,5.0,0.26,5.0,0.75,5.0,0.74,5.0,0.79,36.73,0.84,19.3,0.04,0.04,614.605,1776231191000
1776231193.379,193.379,0.21,36.73,0.16,19.3,0.25,5.0,0.26,5.0,0.75,5.0,0.74,5.0,0.79,36.73,0.84,19.3,0.04,0.04,614.605,1776231192000
1776231194.052,194.052,0.21,36.73,0.16,19.3,0.25,5.0,0.26,5.0,0.75,5.0,0.74,5.0,0.79,36.73,0.84,19.3,0.04,0.04,614.619077,1776231193000
1776231195.247,195.247,0.21,36.73,0.16,19.3,0.25,5.0,0.26,5.0,0.75,5.0,0.74,5.0,0.79,36.73,0.84,19.3,0.04,0.04,614.62,1776231194000
1776231196.527,196.527,0.21,36.73,0.16,19.3,0.25,5.0,0.26,5.0,0.75,5.0,0.74,5.0,0.79,36.73,0.84,19.3,0.04,0.04,614.618993,1776231195000
1776231197.243,197.243,0.21,36.73,0.16,19.3,0.25,5.0,0.26,5.0,0.75,5.0,0.74,5.0,0.79,36.73,0.84,19.3,0.04,0.04,614.60926,1776231196000
1776231198.386,198.386,0.21,36.73,0.16,19.3,0.25,5.0,0.26,5.0,0.75,5.0,0.74,5.0,0.79,36.73,0.84,19.3,0.04,0.04,614.6093,1776231197000
1776231198.957,198.957,0.21,36.73,0.16,19.3,0.25,5.0,0.26,5.0,0.75,5.0,0.74,5.0,0.79,36.73,0.84,19.3,0.04,0.04,614.617,1776231198000
1776231200.366,200.366,0.21,36.73,0.16,19.3,0.25,5.0,0.26,5.0,0.75,5.0,0.74,5.0,0.79,36.73,0.84,19.3,0.04,0.04,614.622,1776231199000
1776231201.073,201.073,0.21,36.73,0.16,19.3,0.25,5.0,0.26,5.0,0.75,5.0,0.74,5.0,0.79,36.73,0.84,19.3,0.04,0.04,614.622,1776231200000
1776231202.274,202.274,0.21,36.73,0.16,19.3,0.25,5.0,0.26,5.0,0.75,5.0,0.74,5.0,0.79,36.73,0.84,19.3,0.04,0.04,614.63,1776231201000
1776231203.138,203.138,0.21,36.73,0.16,19.3,0.25,5.0,0.26,5.0,0.75,5.0,0.74,5.0,0.79,36.73,0.84,19.3,0.04,0.04,614.627,1776231202000
1776231204.141,204.141,0.21,36.73,0.16,19.3,0.25,5.0,0.26,5.0,0.75,5.0,0.74,5.0,0.79,36.73,0.84,19.3,0.04,0.04,614.611518,1776231203000
1776231205.131,205.131,0.21,36.73,0.16,19.3,0.25,5.0,0.26,5.0,0.75,5.0,0.74,5.0,0.79,36.73,0.84,19.3,0.04,0.04,614.612382,1776231204000
1776231206.09,206.09,0.21,36.73,0.16,19.3,0.25,5.0,0.26,5.0,0.75,5.0,0.74,5.0,0.79,36.73,0.84,19.3,0.04,0.04,614.614015,1776231205000
1776231207.109,207.109,0.21,36.73,0.16,19.3,0.25,5.0,0.26,5.0,0.75,5.0,0.74,5.0,0.79,36.73,0.84,19.3,0.04,0.04,614.613116,1776231206000
1776231208.131,208.131,0.21,36.73,0.16,19.3,0.25,5.0,0.26,5.0,0.75,5.0,0.74,5.0,0.79,36.73,0.84,19.3,0.04,0.04,614.60928,1776231207000
1776231209.139,209.139,0.21,36.73,0.16,19.3,0.25,5.0,0.26,5.0,0.75,5.0,0.74,5.0,0.79,36.73,0.84,19.3,0.04,0.04,614.609725,1776231208000
1776231209.348,209.348,0.24,14.3,0.23,14.7,0.37,5.0,0.4,5.0,0.75,5.0,0.74,5.0,0.79,36.73,0.84,19.3,0.13,0.04,614.609725,1776231208000
1776231210.084,210.084,0.24,14.3,0.23,14.7,0.37,5.0,0.4,5.0,0.63,5.0,0.6,5.0,0.76,14.3,0.77,14.7,0.13,0.13,614.612752,1776231209000
1776231211.007,211.007,0.24,14.3,0.23,14.7,0.37,5.0,0.4,5.0,0.63,5.0,0.6,5.0,0.76,14.3,0.77,14.7,0.13,0.13,614.616208,1776231210000
1776231212.057,212.057,0.24,14.3,0.23,14.7,0.37,5.0,0.4,5.0,0.63,5.0,0.6,5.0,0.76,14.3,0.77,14.7,0.13,0.13,614.661,1776231211000
1776231212.988,212.988,0.26,7.41,0.25,13.9,0.4,10.8,0.41,10.7,0.6,10.8,0.59,10.7,0.74,7.41,0.75,13.9,0.14,0.14,614.674,1776231212000
1776231214.055,214.055,0.26,7.41,0.25,13.9,0.4,10.8,0.41,10.7,0.6,10.8,0.59,10.7,0.74,7.41,0.75,13.9,0.14,0.14,614.673,1776231213000
1776231215.047,215.047,0.26,7.41,0.25,13.9,0.4,10.8,0.41,10.7,0.6,10.8,0.59,10.7,0.74,7.41,0.75,13.9,0.14,0.14,614.662,1776231214000
1776231216.934,216.934,0.26,7.41,0.25,13.9,0.4,10.8,0.41,10.7,0.6,10.8,0.59,10.7,0.74,7.41,0.75,13.9,0.14,0.14,614.654,1776231215000
1776231217.978,217.978,0.26,7.41,0.25,13.9,0.4,10.8,0.41,10.7,0.6,10.8,0.59,10.7,0.74,7.41,0.75,13.9,0.14,0.14,614.641164,1776231216000
1776231218.81,218.81,0.26,7.41,0.25,13.9,0.4,10.8,0.41,10.7,0.6,10.8,0.59,10.7,0.74,7.41,0.75,13.9,0.14,0.14,614.622975,1776231217000
1776231219.804,219.804,0.26,7.41,0.25,13.9,0.4,10.8,0.41,10.7,0.6,10.8,0.59,10.7,0.74,7.41,0.75,13.9,0.14,0.14,614.664,1776231218000
1776231221.083,221.083,0.26,7.41,0.25,13.9,0.4,10.8,0.41,10.7,0.6,10.8,0.59,10.7,0.74,7.41,0.75,13.9,0.14,0.14,614.659,1776231219000
1776231221.97,221.97,0.26,7.41,0.25,13.9,0.4,10.8,0.41,10.7,0.6,10.8,0.59,10.7,0.74,7.41,0.75,13.9,0.14,0.14,614.654,1776231220000
1776231223.028,223.028,0.26,7.41,0.25,13.9,0.4,10.8,0.41,10.7,0.6,10.8,0.59,10.7,0.74,7.41,0.75,13.9,0.14,0.14,614.655,1776231221000
1776231224.013,224.013,0.26,7.41,0.25,13.9,0.4,10.8,0.41,10.7,0.6,10.8,0.59,10.7,0.74,7.41,0.75,13.9,0.14,0.14,614.652,1776231222000
1776231225.005,225.005,0.26,7.41,0.25,13.9,0.4,10.8,0.41,10.7,0.6,10.8,0.59,10.7,0.74,7.41,0.75,13.9,0.14,0.14,614.655,1776231223000
1776231226.052,226.052,0.26,7.41,0.25,13.9,0.4,10.8,0.41,10.7,0.6,10.8,0.59,10.7,0.74,7.41,0.75,13.9,0.14,0.14,614.678,1776231224000
1776231226.988,226.988,0.26,7.41,0.25,13.9,0.4,10.8,0.41,10.7,0.6,10.8,0.59,10.7,0.74,7.41,0.75,13.9,0.14,0.14,614.694,1776231225000
1776231227.891,227.891,0.26,7.41,0.25,13.9,0.4,10.8,0.41,10.7,0.6,10.8,0.59,10.7,0.74,7.41,0.75,13.9,0.14,0.14,614.696,1776231226000
1776231229.028,229.028,0.26,7.41,0.25,13.9,0.4,10.8,0.41,10.7,0.6,10.8,0.59,10.7,0.74,7.41,0.75,13.9,0.14,0.14,614.7,1776231227000
1776231230.072,230.072,0.26,7.41,0.25,13.9,0.4,10.8,0.41,10.7,0.6,10.8,0.59,10.7,0.74,7.41,0.75,13.9,0.14,0.14,614.69114,1776231228000
1776231231.119,231.119,0.26,7.41,0.25,13.9,0.4,10.8,0.41,10.7,0.6,10.8,0.59,10.7,0.74,7.41,0.75,13.9,0.14,0.14,614.69076,1776231229000
1776231232.088,232.088,0.26,7.41,0.25,13.9,0.4,10.8,0.41,10.7,0.6,10.8,0.59,10.7,0.74,7.41,0.75,13.9,0.14,0.14,614.69006,1776231230000
1776231233.024,233.024,0.26,7.41,0.25,13.9,0.4,10.8,0.41,10.7,0.6,10.8,0.59,10.7,0.74,7.41,0.75,13.9,0.14,0.14,614.69808,1776231231000
1776231233.766,233.766,0.26,7.41,0.25,13.9,0.4,10.8,0.41,10.7,0.6,10.8,0.59,10.7,0.74,7.41,0.75,13.9,0.14,0.14,614.70051,1776231232000
1776231234.578,234.578,0.26,7.41,0.25,13.9,0.4,10.8,0.41,10.7,0.6,10.8,0.59,10.7,0.74,7.41,0.75,13.9,0.14,0.14,614.692722,1776231233000
1776231235.305,235.305,0.26,7.41,0.25,13.9,0.4,10.8,0.41,10.7,0.6,10.8,0.59,10.7,0.74,7.41,0.75,13.9,0.14,0.14,614.70063,1776231234000
1776231235.549,235.549,0.31,43.37,0.23,14.7,0.37,11.2,0.38,11.0,0.6,10.8,0.59,10.7,0.74,7.41,0.75,13.9,0.06,0.14,614.70063,1776231234000
1776231236.782,236.782,0.31,43.37,0.23,14.7,0.37,11.2,0.38,11.0,0.63,11.2,0.62,11.0,0.69,43.37,0.77,14.7,0.06,0.06,614.68728,1776231235000
1776231237.39,237.39,0.31,43.37,0.23,14.7,0.37,11.2,0.38,11.0,0.63,11.2,0.62,11.0,0.69,43.37,0.77,14.7,0.06,0.06,614.68049,1776231236000
1776231238.393,238.393,0.31,43.37,0.23,14.7,0.37,11.2,0.38,11.0,0.63,11.2,0.62,11.0,0.69,43.37,0.77,14.7,0.06,0.06,614.6836,1776231237000
1776231239.035,239.035,0.31,43.37,0.23,14.7,0.37,11.2,0.38,11.0,0.63,11.2,0.62,11.0,0.69,43.37,0.77,14.7,0.06,0.06,614.688,1776231238000
1776231239.283,239.283,0.31,28.68,0.21,36.73,0.32,11.9,0.33,11.8,0.63,11.2,0.62,11.0,0.69,43.37,0.77,14.7,0.01,0.06,614.688,1776231238000
1776231240.284,240.284,0.31,20.84,0.21,36.73,0.32,11.9,0.33,11.8,0.68,11.9,0.67,11.8,0.69,20.84,0.79,36.73,0.01,0.01,614.685,1776231239000
1776231241.385,241.385,0.31,20.84,0.21,36.73,0.32,11.9,0.33,11.8,0.68,11.9,0.67,11.8,0.69,20.84,0.79,36.73,0.01,0.01,614.646067,1776231240000
1776231241.96,241.96,0.31,20.84,0.21,36.73,0.32,11.9,0.33,11.8,0.68,11.9,0.67,11.8,0.69,20.84,0.79,36.73,0.01,0.01,614.650018,1776231241000
1776231242.951,242.951,0.31,20.84,0.21,36.73,0.32,11.9,0.33,11.8,0.68,11.9,0.67,11.8,0.69,20.84,0.79,36.73,0.01,0.01,614.653,1776231242000
1776231244.023,244.023,0.31,20.84,0.21,36.73,0.32,11.9,0.33,11.8,0.68,11.9,0.67,11.8,0.69,20.84,0.79,36.73,0.01,0.01,614.653,1776231243000
1776231245.094,245.094,0.31,20.84,0.21,36.73,0.32,11.9,0.33,11.8,0.68,11.9,0.67,11.8,0.69,20.84,0.79,36.73,0.01,0.01,614.646,1776231244000
1776231246.117,246.117,0.31,20.84,0.21,36.73,0.32,11.9,0.33,11.8,0.68,11.9,0.67,11.8,0.69,20.84,0.79,36.73,0.01,0.01,614.654,1776231245000
1776231247.111,247.111,0.31,20.84,0.21,36.73,0.32,11.9,0.33,11.8,0.68,11.9,0.67,11.8,0.69,20.84,0.79,36.73,0.01,0.01,614.653,1776231246000
1776231248.071,248.071,0.31,20.84,0.21,36.73,0.32,11.9,0.33,11.8,0.68,11.9,0.67,11.8,0.69,20.84,0.79,36.73,0.01,0.01,614.647223,1776231247000
1776231249.171,249.171,0.31,20.84,0.21,36.73,0.32,11.9,0.33,11.8,0.68,11.9,0.67,11.8,0.69,20.84,0.79,36.73,0.01,0.01,614.65604,1776231248000
1776231250.134,250.134,0.31,20.84,0.21,36.73,0.32,11.9,0.33,11.8,0.68,11.9,0.67,11.8,0.69,20.84,0.79,36.73,0.01,0.01,614.663004,1776231249000
1776231251.168,251.168,0.31,20.84,0.21,36.73,0.32,11.9,0.33,11.8,0.68,11.9,0.67,11.8,0.69,20.84,0.79,36.73,0.01,0.01,614.681,1776231250000
1776231252.12,252.12,0.31,20.84,0.21,36.73,0.32,11.9,0.33,11.8,0.68,11.9,0.67,11.8,0.69,20.84,0.79,36.73,0.01,0.01,614.681,1776231251000
1776231252.584,252.584,0.14,21.6,0.13,23.0,0.24,10.52,0.25,13.9,0.68,11.9,0.67,11.8,0.69,20.84,0.79,36.73,0.1,0.01,614.681,1776231251000
1776231253.715,253.715,0.14,21.6,0.13,23.0,0.24,10.52,0.25,13.9,0.76,10.52,0.75,13.9,0.86,21.6,0.87,23.0,0.1,0.1,614.6784,1776231252000
1776231254.198,254.198,0.14,21.6,0.13,23.0,0.24,10.52,0.25,13.9,0.76,10.52,0.75,13.9,0.86,21.6,0.87,23.0,0.1,0.1,614.67839,1776231253000
1776231255.172,255.172,0.14,21.6,0.13,23.0,0.24,10.52,0.25,13.9,0.76,10.52,0.75,13.9,0.86,21.6,0.87,23.0,0.1,0.1,614.67835,1776231254000
1776231256.182,256.182,0.14,21.6,0.13,23.0,0.24,10.52,0.25,13.9,0.76,10.52,0.75,13.9,0.86,21.6,0.87,23.0,0.1,0.1,614.67477,1776231255000
1776231257.139,257.139,0.14,21.6,0.13,23.0,0.24,10.52,0.25,13.9,0.76,10.52,0.75,13.9,0.86,21.6,0.87,23.0,0.1,0.1,614.697,1776231256000
1776231258.158,258.158,0.14,21.6,0.13,23.0,0.24,10.52,0.25,13.9,0.76,10.52,0.75,13.9,0.86,21.6,0.87,23.0,0.1,0.1,614.698,1776231257000
1776231259.162,259.162,0.14,21.6,0.13,23.0,0.24,10.52,0.25,13.9,0.76,10.52,0.75,13.9,0.86,21.6,0.87,23.0,0.1,0.1,614.68689,1776231258000
1776231260.177,260.177,0.14,21.6,0.13,23.0,0.24,10.52,0.25,13.9,0.76,10.52,0.75,13.9,0.86,21.6,0.87,23.0,0.1,0.1,614.681285,1776231259000
1776231261.095,261.095,0.14,21.6,0.13,23.0,0.24,10.52,0.25,13.9,0.76,10.52,0.75,13.9,0.86,21.6,0.87,23.0,0.1,0.1,614.68682,1776231260000
1776231261.928,261.928,0.12,20.11,0.11,76.6,0.21,15.7,0.22,15.2,0.76,10.52,0.75,13.9,0.86,21.6,0.87,23.0,0.09,0.1,614.68682,1776231260000
1776231262.14,262.14,0.12,20.11,0.11,76.6,0.21,15.7,0.22,15.2,0.79,15.7,0.78,15.2,0.88,20.11,0.89,76.6,0.09,0.09,614.68934,1776231261000
1776231263.137,263.137,0.12,20.11,0.11,76.6,0.21,15.7,0.22,15.2,0.79,15.7,0.78,15.2,0.88,20.11,0.89,76.6,0.09,0.09,614.685578,1776231262000
1776231264.092,264.092,0.12,20.11,0.11,76.6,0.21,15.7,0.22,15.2,0.79,15.7,0.78,15.2,0.88,20.11,0.89,76.6,0.09,0.09,614.668568,1776231263000
1776231265.146,265.146,0.12,20.11,0.11,76.6,0.21,15.7,0.22,15.2,0.79,15.7,0.78,15.2,0.88,20.11,0.89,76.6,0.09,0.09,614.668147,1776231264000
1776231266.776,266.776,0.12,20.11,0.11,76.6,0.21,15.7,0.22,15.2,0.79,15.7,0.78,15.2,0.88,20.11,0.89,76.6,0.09,0.09,614.69699,1776231265000
1776231267.48,267.48,0.12,20.11,0.11,76.6,0.21,15.7,0.22,15.2,0.79,15.7,0.78,15.2,0.88,20.11,0.89,76.6,0.09,0.09,614.699,1776231266000
1776231268.061,268.061,0.12,20.11,0.11,76.6,0.21,15.7,0.22,15.2,0.79,15.7,0.78,15.2,0.88,20.11,0.89,76.6,0.09,0.09,614.698475,1776231267000
1776231269.209,269.209,0.12,20.11,0.11,76.6,0.21,15.7,0.22,15.2,0.79,15.7,0.78,15.2,0.88,20.11,0.89,76.6,0.09,0.09,614.692,1776231268000
1776231270.808,270.808,0.12,20.11,0.11,76.6,0.21,15.7,0.22,15.2,0.79,15.7,0.78,15.2,0.88,20.11,0.89,76.6,0.09,0.09,614.67109,1776231269000
1776231271.476,271.476,0.12,20.11,0.11,76.6,0.21,15.7,0.22,15.2,0.79,15.7,0.78,15.2,0.88,20.11,0.89,76.6,0.09,0.09,614.6748,1776231270000
1776231272.053,272.053,0.12,20.11,0.11,76.6,0.21,15.7,0.22,15.2,0.79,15.7,0.78,15.2,0.88,20.11,0.89,76.6,0.09,0.09,614.675301,1776231271000
1776231273.324,273.324,0.12,20.11,0.11,76.6,0.21,15.7,0.22,15.2,0.79,15.7,0.78,15.2,0.88,20.11,0.89,76.6,0.09,0.09,614.670316,1776231272000
1776231274.602,274.602,0.11,48.86,0.08,35.29,0.15,20.39,0.16,19.3,0.79,15.7,0.78,15.2,0.88,20.11,0.89,76.6,0.04,0.09,614.670316,1776231272000
1776231275.281,275.281,0.11,38.53,0.08,35.29,0.15,20.39,0.16,19.3,0.85,20.39,0.84,19.3,0.89,38.53,0.92,35.29,0.04,0.04,614.676764,1776231274000
1776231276.552,276.552,0.11,38.53,0.08,35.29,0.15,20.39,0.16,19.3,0.85,20.39,0.84,19.3,0.89,38.53,0.92,35.29,0.04,0.04,614.6674,1776231275000
1776231277.183,277.183,0.11,38.53,0.08,35.29,0.15,20.39,0.16,19.3,0.85,20.39,0.84,19.3,0.89,38.53,0.92,35.29,0.04,0.04,614.673546,1776231276000
1776231277.418,277.418,0.11,38.53,0.04,5.0,0.41,68.28,0.51,57.79,0.85,20.39,0.84,19.3,0.89,38.53,0.92,35.29,0.3,0.04,614.673546,1776231276000
1776231277.962,277.962,0.11,38.53,0.04,5.0,0.41,67.16,0.51,57.79,0.59,68.28,0.49,57.79,0.89,38.53,0.96,5.0,0.3,0.3,614.673546,1776231276000
1776231278.503,278.503,0.11,38.53,0.04,5.0,0.41,67.16,0.51,57.79,0.59,67.16,0.49,57.79,0.89,38.53,0.96,5.0,0.3,0.3,614.692262,1776231277000
1776231279.148,279.148,0.11,38.53,0.04,5.0,0.41,67.16,0.51,57.79,0.59,67.16,0.49,57.79,0.89,38.53,0.96,5.0,0.3,0.3,614.696366,1776231278000
1776231280.487,280.487,0.11,38.53,0.04,5.0,0.41,67.16,0.51,57.79,0.59,67.16,0.49,57.79,0.89,38.53,0.96,5.0,0.3,0.3,614.71517,1776231279000
1776231281.14,281.14,0.11,38.53,0.04,5.0,0.41,67.16,0.51,57.79,0.59,67.16,0.49,57.79,0.89,38.53,0.96,5.0,0.3,0.3,614.71018,1776231280000
1776231282.415,282.415,0.11,38.53,0.04,5.0,0.41,67.16,0.51,57.79,0.59,67.16,0.49,57.79,0.89,38.53,0.96,5.0,0.3,0.3,614.71041,1776231281000
1776231282.627,282.627,0.31,50.0,0.21,50.0,0.51,10.96,0.61,50.0,0.59,67.16,0.49,57.79,0.89,38.53,0.96,5.0,0.2,0.3,614.71041,1776231281000
1776231283.361,283.361,0.31,50.0,0.21,50.0,0.51,10.96,0.61,50.0,0.49,10.96,0.39,50.0,0.69,50.0,0.79,50.0,0.2,0.2,614.72159,1776231282000
1776231283.859,283.859,0.31,50.0,0.21,50.0,0.51,10.96,0.61,50.0,0.49,10.96,0.39,50.0,0.69,50.0,0.79,50.0,0.2,0.2,614.72129,1776231283000
1776231284.915,284.915,0.31,50.0,0.21,50.0,0.51,10.96,0.61,50.0,0.49,10.96,0.39,50.0,0.69,50.0,0.79,50.0,0.2,0.2,614.73966,1776231284000
1776231285.141,285.141,0.41,47.96,0.31,50.0,0.51,1.96,0.71,50.0,0.49,10.96,0.39,50.0,0.69,50.0,0.79,50.0,0.1,0.2,614.73966,1776231284000
1776231285.625,285.625,0.41,47.96,0.31,50.0,0.71,47.22,0.73,7.4,0.49,1.96,0.29,50.0,0.59,47.96,0.69,50.0,0.3,0.1,614.73966,1776231284000
1776231285.926,285.926,0.41,47.96,0.31,50.0,0.71,43.03,0.73,7.4,0.29,43.03,0.27,7.4,0.59,47.96,0.69,50.0,0.3,0.3,614.76,1776231285000
1776231286.933,286.933,0.41,47.96,0.31,50.0,0.71,43.03,0.73,7.4,0.29,43.03,0.27,7.4,0.59,47.96,0.69,50.0,0.3,0.3,614.768,1776231286000
1776231288.007,288.007,0.41,47.96,0.31,50.0,0.71,43.03,0.73,7.4,0.29,43.03,0.27,7.4,0.59,47.96,0.69,50.0,0.3,0.3,614.813,1776231287000
1776231288.876,288.876,0.41,47.96,0.31,50.0,0.71,38.02,0.81,50.0,0.29,43.03,0.27,7.4,0.59,47.96,0.69,50.0,0.3,0.3,614.813,1776231287000
1776231289.893,289.893,0.41,47.96,0.31,50.0,0.71,38.02,0.81,50.0,0.29,38.02,0.19,50.0,0.59,47.96,0.69,50.0,0.3,0.3,614.797,1776231289000
1776231290.927,290.927,0.41,47.96,0.31,50.0,0.71,38.02,0.81,50.0,0.29,38.02,0.19,50.0,0.59,47.96,0.69,50.0,0.3,0.3,614.798621,1776231290000
1776231292.007,292.007,0.41,47.96,0.31,50.0,0.71,38.02,0.81,50.0,0.29,38.02,0.19,50.0,0.59,47.96,0.69,50.0,0.3,0.3,614.807,1776231291000
1776231292.995,292.995,0.41,47.96,0.31,50.0,0.71,38.02,0.81,50.0,0.29,38.02,0.19,50.0,0.59,47.96,0.69,50.0,0.3,0.3,614.807,1776231292000
1776231293.979,293.979,0.41,47.96,0.31,50.0,0.71,38.02,0.81,50.0,0.29,38.02,0.19,50.0,0.59,47.96,0.69,50.0,0.3,0.3,614.811,1776231293000
1776231294.909,294.909,0.41,47.96,0.31,50.0,0.71,38.02,0.81,50.0,0.29,38.02,0.19,50.0,0.59,47.96,0.69,50.0,0.3,0.3,614.811,1776231294000
1776231296.447,296.447,0.41,47.96,0.31,50.0,0.71,38.02,0.81,50.0,0.29,38.02,0.19,50.0,0.59,47.96,0.69,50.0,0.3,0.3,614.816,1776231295000
1776231296.971,296.971,0.71,50.0,0.61,50.0,0.96,28.82,0.98,10.0,0.04,28.82,0.02,10.0,0.29,50.0,0.39,50.0,0.25,0.25,614.816,1776231296000
1776231297.177,297.177,0.71,39.75,0.61,50.0,0.96,28.82,0.98,10.0,0.04,28.82,0.02,10.0,0.29,50.0,0.39,50.0,0.25,0.25,614.816,1776231296000
1776231297.426,297.426,0.71,52.75,0.61,50.0,0.96,16.43,0.98,10.0,0.04,17.57,0.02,10.0,0.29,52.75,0.39,50.0,0.25,0.25,614.816,1776231296000
1776231298.057,298.057,0.71,52.75,0.61,56.0,0.98,4.33,0.99,190.0,0.04,5.33,0.02,10.0,0.29,52.75,0.39,50.0,0.27,0.25,614.816,1776231296000
1776231298.443,298.443,0.96,5.2,0.71,39.75,0.99,188.22,,,0.01,189.33,,,0.29,52.75,0.39,56.0,0.03,0.28,614.819,1776231297000
1776231298.704,298.704,0.71,39.75,0.61,56.0,0.99,173.19,,,0.01,175.22,,,0.29,39.75,0.39,56.0,0.28,0.28,614.819,1776231297000
1776231299.073,299.073,0.61,6.0,0.51,7.0,0.99,158.19,,,0.01,173.19,,,0.29,39.75,0.39,56.0,0.38,0.28,614.819,1776231297000
1776231299.313,299.313,0.61,6.0,0.51,7.0,0.99,52.17,,,0.01,52.17,,,0.39,6.0,0.49,7.0,0.38,0.38,614.92064,1776231298000
1776231300.454,300.454,0.99,1563.88,0.77,5.0,,,,,,,,,0.01,1563.88,0.23,5.0,,,614.986,1776231299000
1776231301.07,301.07,0.99,1563.88,0.77,5.0,,,,,,,,,0.01,1563.88,0.23,5.0,,,615.01606,1776231300000

# RESULT,winner=Up,slug=bnb-updown-5m-1776231000,ticks=320
