timestamp,elapsed_sec,up_bid_p1,up_bid_s1,up_bid_p2,up_bid_s2,up_ask_p1,up_ask_s1,up_ask_p2,up_ask_s2,down_bid_p1,down_bid_s1,down_bid_p2,down_bid_s2,down_ask_p1,down_ask_s1,down_ask_p2,down_ask_s2,up_spread,down_spread,bnb_price,bnb_oracle_ts
1776193811.482,11.482,0.49,5.0,0.47,5.0,0.58,10.0,0.66,5.0,0.42,10.0,0.34,5.0,0.51,5.0,0.53,5.0,0.09,0.09,615.026875,1776193803000
1776193811.911,11.911,0.49,5.0,0.47,5.0,0.58,10.0,0.66,5.0,0.42,10.0,0.34,5.0,0.51,5.0,0.53,5.0,0.09,0.09,615.026875,1776193803000
1776193812.61,12.61,0.49,5.0,0.47,5.0,0.58,10.0,0.66,5.0,0.42,10.0,0.34,5.0,0.51,5.0,0.53,5.0,0.09,0.09,615.066365,1776193811000
1776193813.369,13.369,0.49,5.0,0.47,5.0,0.58,10.0,0.66,5.0,0.42,10.0,0.34,5.0,0.51,5.0,0.53,5.0,0.09,0.09,615.070678,1776193812000
1776193814.661,14.661,0.49,5.0,0.47,5.0,0.58,10.0,0.66,5.0,0.42,10.0,0.34,5.0,0.51,5.0,0.53,5.0,0.09,0.09,615.070678,1776193813000
1776193815.202,15.202,0.49,5.0,0.47,5.0,0.58,10.0,0.66,5.0,0.42,10.0,0.34,5.0,0.51,5.0,0.53,5.0,0.09,0.09,615.070619,1776193814000
1776193816.488,16.488,0.49,5.0,0.47,5.0,0.58,10.0,0.66,5.0,0.42,10.0,0.34,5.0,0.51,5.0,0.53,5.0,0.09,0.09,615.070563,1776193815000
1776193817.047,17.047,0.49,5.0,0.47,5.0,0.58,10.0,0.66,5.0,0.42,10.0,0.34,5.0,0.51,5.0,0.53,5.0,0.09,0.09,615.070563,1776193816000
1776193818.192,18.192,0.49,5.0,0.47,5.0,0.58,10.0,0.66,5.0,0.42,10.0,0.34,5.0,0.51,5.0,0.53,5.0,0.09,0.09,615.077531,1776193817000
1776193819.342,19.342,0.49,5.0,0.47,5.0,0.58,10.0,0.66,5.0,0.42,10.0,0.34,5.0,0.51,5.0,0.53,5.0,0.09,0.09,615.097,1776193818000
1776193820.471,20.471,0.49,5.0,0.47,5.0,0.58,10.0,0.66,5.0,0.42,10.0,0.34,5.0,0.51,5.0,0.53,5.0,0.09,0.09,615.097,1776193819000
1776193820.961,20.961,0.49,5.0,0.47,5.0,0.58,10.0,0.66,5.0,0.42,10.0,0.34,5.0,0.51,5.0,0.53,5.0,0.09,0.09,615.096,1776193820000
1776193822.22,22.22,0.49,5.0,0.47,5.0,0.58,10.0,0.66,5.0,0.42,10.0,0.34,5.0,0.51,5.0,0.53,5.0,0.09,0.09,615.0999,1776193821000
1776193823.38,23.38,0.49,5.0,0.47,5.0,0.58,10.0,0.66,5.0,0.42,10.0,0.34,5.0,0.51,5.0,0.53,5.0,0.09,0.09,615.109,1776193822000
1776193824.072,24.072,0.49,5.0,0.47,5.0,0.58,10.0,0.66,5.0,0.42,10.0,0.34,5.0,0.51,5.0,0.53,5.0,0.09,0.09,615.109,1776193823000
1776193825.017,25.017,0.49,5.0,0.47,5.0,0.58,10.0,0.66,5.0,0.42,10.0,0.34,5.0,0.51,5.0,0.53,5.0,0.09,0.09,615.126,1776193824000
1776193826.388,26.388,0.49,5.0,0.47,5.0,0.58,10.0,0.66,5.0,0.42,10.0,0.34,5.0,0.51,5.0,0.53,5.0,0.09,0.09,615.101028,1776193825000
1776193827.844,27.844,0.49,5.0,0.47,5.0,0.58,10.0,0.66,5.0,0.42,10.0,0.34,5.0,0.51,5.0,0.53,5.0,0.09,0.09,615.101646,1776193826000
1776193828.543,28.543,0.49,5.0,0.47,5.0,0.58,10.0,0.66,5.0,0.42,10.0,0.34,5.0,0.51,5.0,0.53,5.0,0.09,0.09,615.105,1776193827000
1776193829.343,29.343,0.49,5.0,0.47,5.0,0.58,10.0,0.66,5.0,0.42,10.0,0.34,5.0,0.51,5.0,0.53,5.0,0.09,0.09,615.105,1776193828000
1776193830.858,30.858,0.49,5.0,0.47,5.0,0.58,10.0,0.66,5.0,0.42,10.0,0.34,5.0,0.51,5.0,0.53,5.0,0.09,0.09,615.102351,1776193829000
1776193831.69,31.69,0.49,5.0,0.47,5.0,0.58,10.0,0.66,5.0,0.42,10.0,0.34,5.0,0.51,5.0,0.53,5.0,0.09,0.09,615.105,1776193830000
1776193832.579,32.579,0.49,5.0,0.47,5.0,0.58,10.0,0.66,5.0,0.42,10.0,0.34,5.0,0.51,5.0,0.53,5.0,0.09,0.09,615.105647,1776193831000
1776193833.35,33.35,0.49,5.0,0.47,5.0,0.58,10.0,0.66,5.0,0.42,10.0,0.34,5.0,0.51,5.0,0.53,5.0,0.09,0.09,615.105703,1776193832000
1776193834.23,34.23,0.49,5.0,0.47,5.0,0.58,10.0,0.66,5.0,0.42,10.0,0.34,5.0,0.51,5.0,0.53,5.0,0.09,0.09,615.108,1776193833000
1776193835.803,35.803,0.49,5.0,0.47,5.0,0.58,10.0,0.66,5.0,0.42,10.0,0.34,5.0,0.51,5.0,0.53,5.0,0.09,0.09,615.108,1776193834000
1776193836.593,36.593,0.49,5.0,0.47,5.0,0.58,10.0,0.66,5.0,0.42,10.0,0.34,5.0,0.51,5.0,0.53,5.0,0.09,0.09,615.107,1776193835000
1776193837.35,37.35,0.49,5.0,0.47,5.0,0.58,10.0,0.66,5.0,0.42,10.0,0.34,5.0,0.51,5.0,0.53,5.0,0.09,0.09,615.107,1776193836000
1776193838.846,38.846,0.49,5.0,0.47,5.0,0.58,10.0,0.66,5.0,0.42,10.0,0.34,5.0,0.51,5.0,0.53,5.0,0.09,0.09,615.108,1776193837000
1776193839.616,39.616,0.49,5.0,0.47,5.0,0.58,10.0,0.66,5.0,0.42,10.0,0.34,5.0,0.51,5.0,0.53,5.0,0.09,0.09,615.11,1776193838000
1776193840.317,40.317,0.49,5.0,0.47,5.0,0.58,10.0,0.66,5.0,0.42,10.0,0.34,5.0,0.51,5.0,0.53,5.0,0.09,0.09,615.109,1776193839000
1776193841.843,41.843,0.49,5.0,0.47,5.0,0.58,10.0,0.66,5.0,0.42,10.0,0.34,5.0,0.51,5.0,0.53,5.0,0.09,0.09,615.108,1776193840000
1776193842.621,42.621,0.49,5.0,0.47,5.0,0.58,10.0,0.66,5.0,0.42,10.0,0.34,5.0,0.51,5.0,0.53,5.0,0.09,0.09,615.108,1776193841000
1776193843.417,43.417,0.49,5.0,0.47,5.0,0.58,10.0,0.66,5.0,0.42,10.0,0.34,5.0,0.51,5.0,0.53,5.0,0.09,0.09,615.104,1776193842000
1776193844.098,44.098,0.49,5.0,0.47,5.0,0.58,10.0,0.66,5.0,0.42,10.0,0.34,5.0,0.51,5.0,0.53,5.0,0.09,0.09,615.121,1776193843000
1776193845.89,45.89,0.49,5.0,0.47,5.0,0.58,10.0,0.66,5.0,0.42,10.0,0.34,5.0,0.51,5.0,0.53,5.0,0.09,0.09,615.116,1776193844000
1776193846.499,46.499,0.49,5.0,0.47,5.0,0.58,10.0,0.66,5.0,0.42,10.0,0.34,5.0,0.51,5.0,0.53,5.0,0.09,0.09,615.116,1776193845000
1776193846.993,46.993,0.49,5.0,0.47,5.0,0.58,10.0,0.66,5.0,0.42,10.0,0.34,5.0,0.51,5.0,0.53,5.0,0.09,0.09,615.105885,1776193846000
1776193848.136,48.136,0.49,5.0,0.47,5.0,0.58,10.0,0.66,5.0,0.42,10.0,0.34,5.0,0.51,5.0,0.53,5.0,0.09,0.09,615.105939,1776193847000
1776193849.206,49.206,0.49,5.0,0.47,5.0,0.58,10.0,0.66,5.0,0.42,10.0,0.34,5.0,0.51,5.0,0.53,5.0,0.09,0.09,615.114873,1776193848000
1776193850.321,50.321,0.49,5.0,0.47,5.0,0.58,10.0,0.66,5.0,0.42,10.0,0.34,5.0,0.51,5.0,0.53,5.0,0.09,0.09,615.114873,1776193849000
1776193850.913,50.913,0.49,5.0,0.47,5.0,0.58,10.0,0.66,5.0,0.42,10.0,0.34,5.0,0.51,5.0,0.53,5.0,0.09,0.09,615.114873,1776193850000
1776193852.082,52.082,0.49,5.0,0.47,5.0,0.58,10.0,0.66,5.0,0.42,10.0,0.34,5.0,0.51,5.0,0.53,5.0,0.09,0.09,615.11953,1776193851000
1776193853.176,53.176,0.49,5.0,0.47,5.0,0.58,10.0,0.66,5.0,0.42,10.0,0.34,5.0,0.51,5.0,0.53,5.0,0.09,0.09,615.119208,1776193852000
1776193854.262,54.262,0.49,5.0,0.47,5.0,0.58,10.0,0.66,5.0,0.42,10.0,0.34,5.0,0.51,5.0,0.53,5.0,0.09,0.09,615.116805,1776193853000
1776193855.361,55.361,0.49,5.0,0.47,5.0,0.58,10.0,0.66,5.0,0.42,10.0,0.34,5.0,0.51,5.0,0.53,5.0,0.09,0.09,615.117558,1776193854000
1776193855.989,55.989,0.49,5.0,0.47,5.0,0.58,10.0,0.66,5.0,0.42,10.0,0.34,5.0,0.51,5.0,0.53,5.0,0.09,0.09,615.117587,1776193855000
1776193857.01,57.01,0.49,5.0,0.47,5.0,0.58,10.0,0.66,5.0,0.42,10.0,0.34,5.0,0.51,5.0,0.53,5.0,0.09,0.09,615.133,1776193856000
1776193858.035,58.035,0.49,5.0,0.47,5.0,0.58,10.0,0.66,5.0,0.42,10.0,0.34,5.0,0.51,5.0,0.53,5.0,0.09,0.09,615.132,1776193857000
1776193859.222,59.222,0.49,5.0,0.47,5.0,0.58,10.0,0.66,5.0,0.42,10.0,0.34,5.0,0.51,5.0,0.53,5.0,0.09,0.09,615.133,1776193858000
1776193860.327,60.327,0.49,5.0,0.47,5.0,0.58,10.0,0.66,5.0,0.42,10.0,0.34,5.0,0.51,5.0,0.53,5.0,0.09,0.09,615.135,1776193859000
1776193860.911,60.911,0.49,5.0,0.47,5.0,0.58,10.0,0.66,5.0,0.42,10.0,0.34,5.0,0.51,5.0,0.53,5.0,0.09,0.09,615.135,1776193860000
1776193861.918,61.918,0.49,5.0,0.47,5.0,0.58,10.0,0.66,5.0,0.42,10.0,0.34,5.0,0.51,5.0,0.53,5.0,0.09,0.09,615.143,1776193861000
1776193862.98,62.98,0.49,5.0,0.47,5.0,0.58,10.0,0.66,5.0,0.42,10.0,0.34,5.0,0.51,5.0,0.53,5.0,0.09,0.09,615.144,1776193862000
1776193863.945,63.945,0.49,5.0,0.47,5.0,0.58,10.0,0.66,5.0,0.42,10.0,0.34,5.0,0.51,5.0,0.53,5.0,0.09,0.09,615.139,1776193863000
1776193864.976,64.976,0.49,5.0,0.47,5.0,0.58,10.0,0.66,5.0,0.42,10.0,0.34,5.0,0.51,5.0,0.53,5.0,0.09,0.09,615.14,1776193864000
1776193866.129,66.129,0.49,5.0,0.47,5.0,0.58,10.0,0.66,5.0,0.42,10.0,0.34,5.0,0.51,5.0,0.53,5.0,0.09,0.09,615.133,1776193865000
1776193867.166,67.166,0.49,5.0,0.47,5.0,0.58,10.0,0.66,5.0,0.42,10.0,0.34,5.0,0.51,5.0,0.53,5.0,0.09,0.09,615.133,1776193866000
1776193868.23,68.23,0.49,5.0,0.47,5.0,0.58,10.0,0.66,5.0,0.42,10.0,0.34,5.0,0.51,5.0,0.53,5.0,0.09,0.09,615.13,1776193867000
1776193869.397,69.397,0.49,5.0,0.47,5.0,0.58,10.0,0.66,5.0,0.42,10.0,0.34,5.0,0.51,5.0,0.53,5.0,0.09,0.09,615.132,1776193868000
1776193870.341,70.341,0.49,5.0,0.47,5.0,0.58,10.0,0.66,5.0,0.42,10.0,0.34,5.0,0.51,5.0,0.53,5.0,0.09,0.09,615.117955,1776193869000
1776193871.304,71.304,0.49,5.0,0.47,5.0,0.58,10.0,0.66,5.0,0.42,10.0,0.34,5.0,0.51,5.0,0.53,5.0,0.09,0.09,615.118745,1776193870000
1776193872.342,72.342,0.49,5.0,0.47,5.0,0.58,10.0,0.66,5.0,0.42,10.0,0.34,5.0,0.51,5.0,0.53,5.0,0.09,0.09,615.118787,1776193871000
1776193872.897,72.897,0.49,5.0,0.47,5.0,0.58,10.0,0.66,5.0,0.42,10.0,0.34,5.0,0.51,5.0,0.53,5.0,0.09,0.09,615.118787,1776193872000
1776193874.348,74.348,0.49,5.0,0.47,5.0,0.58,10.0,0.66,5.0,0.42,10.0,0.34,5.0,0.51,5.0,0.53,5.0,0.09,0.09,615.119303,1776193873000
1776193876.063,76.063,0.49,5.0,0.47,5.0,0.58,10.0,0.66,5.0,0.42,10.0,0.34,5.0,0.51,5.0,0.53,5.0,0.09,0.09,615.118514,1776193874000
1776193877.288,77.288,0.49,5.0,0.47,5.0,0.58,10.0,0.66,5.0,0.42,10.0,0.34,5.0,0.51,5.0,0.53,5.0,0.09,0.09,615.119063,1776193875000
1776193878.187,78.187,0.49,5.0,0.47,5.0,0.58,10.0,0.66,5.0,0.42,10.0,0.34,5.0,0.51,5.0,0.53,5.0,0.09,0.09,615.121575,1776193876000
1776193879.09,79.09,0.49,5.0,0.47,5.0,0.58,10.0,0.66,5.0,0.42,10.0,0.34,5.0,0.51,5.0,0.53,5.0,0.09,0.09,615.119495,1776193877000
1776193880.063,80.063,0.49,5.0,0.47,5.0,0.58,10.0,0.66,5.0,0.42,10.0,0.34,5.0,0.51,5.0,0.53,5.0,0.09,0.09,615.119592,1776193878000
1776193880.966,80.966,0.49,5.0,0.47,5.0,0.58,10.0,0.66,5.0,0.42,10.0,0.34,5.0,0.51,5.0,0.53,5.0,0.09,0.09,615.125723,1776193879000
1776193881.753,81.753,0.49,5.0,0.47,5.0,0.58,10.0,0.66,5.0,0.42,10.0,0.34,5.0,0.51,5.0,0.53,5.0,0.09,0.09,615.125723,1776193880000
1776193882.526,82.526,0.49,5.0,0.47,5.0,0.58,10.0,0.66,5.0,0.42,10.0,0.34,5.0,0.51,5.0,0.53,5.0,0.09,0.09,615.125723,1776193881000
1776193883.034,83.034,0.61,5.0,0.58,5.0,0.7,0.75,0.71,5.0,0.42,10.0,0.34,5.0,0.51,5.0,0.53,5.0,0.09,0.09,615.125723,1776193881000
1776193883.286,83.286,0.61,5.0,0.58,5.0,0.69,5.69,0.71,1.55,0.31,5.69,0.29,1.55,0.39,5.0,0.42,5.0,0.08,0.08,615.123303,1776193882000
1776193884.208,84.208,0.61,5.0,0.58,5.0,0.69,5.69,0.71,1.55,0.31,5.69,0.29,1.55,0.39,5.0,0.42,5.0,0.08,0.08,615.123339,1776193883000
1776193885.183,85.183,0.63,7.0,0.61,55.0,0.69,3.69,0.81,16.89,0.31,5.69,0.29,1.55,0.39,5.0,0.42,5.0,0.06,0.08,615.123339,1776193883000
1776193885.409,85.409,0.65,5.0,0.63,12.0,0.76,8.69,0.81,16.89,0.31,3.69,0.19,16.89,0.37,7.0,0.39,55.0,0.11,0.06,615.123339,1776193883000
1776193885.838,85.838,0.65,5.0,0.63,12.0,0.76,8.69,0.81,16.89,0.24,8.69,0.19,16.89,0.35,5.0,0.37,12.0,0.11,0.11,615.248388,1776193884000
1776193886.819,86.819,0.65,5.0,0.63,12.0,0.76,8.69,0.81,16.89,0.24,8.69,0.19,16.89,0.35,5.0,0.37,12.0,0.11,0.11,615.281,1776193885000
1776193887.764,87.764,0.65,5.0,0.63,12.0,0.76,8.69,0.81,16.89,0.24,8.69,0.19,16.89,0.35,5.0,0.37,12.0,0.11,0.11,615.285341,1776193886000
1776193888.731,88.731,0.65,5.0,0.63,12.0,0.76,8.69,0.81,16.89,0.24,8.69,0.19,16.89,0.35,5.0,0.37,12.0,0.11,0.11,615.310838,1776193887000
1776193889.728,89.728,0.65,5.0,0.63,12.0,0.76,8.69,0.81,16.89,0.24,8.69,0.19,16.89,0.35,5.0,0.37,12.0,0.11,0.11,615.407,1776193888000
1776193890.821,90.821,0.65,5.0,0.63,12.0,0.76,8.69,0.81,16.89,0.24,8.69,0.19,16.89,0.35,5.0,0.37,12.0,0.11,0.11,615.428,1776193889000
1776193891.681,91.681,0.65,5.0,0.63,12.0,0.76,8.69,0.81,16.89,0.24,8.69,0.19,16.89,0.35,5.0,0.37,12.0,0.11,0.11,615.413,1776193890000
1776193892.801,92.801,0.65,5.0,0.63,12.0,0.76,8.69,0.81,16.89,0.24,8.69,0.19,16.89,0.35,5.0,0.37,12.0,0.11,0.11,615.419,1776193891000
1776193893.686,93.686,0.65,5.0,0.63,12.0,0.76,8.69,0.81,16.89,0.24,8.69,0.19,16.89,0.35,5.0,0.37,12.0,0.11,0.11,615.419,1776193892000
1776193894.592,94.592,0.65,5.0,0.63,12.0,0.76,8.69,0.81,16.89,0.24,8.69,0.19,16.89,0.35,5.0,0.37,12.0,0.11,0.11,615.406,1776193893000
1776193895.79,95.79,0.65,5.0,0.63,12.0,0.76,8.69,0.81,16.89,0.24,8.69,0.19,16.89,0.35,5.0,0.37,12.0,0.11,0.11,615.406,1776193894000
1776193896.609,96.609,0.65,5.0,0.63,12.0,0.76,8.69,0.81,16.89,0.24,8.69,0.19,16.89,0.35,5.0,0.37,12.0,0.11,0.11,615.419,1776193895000
1776193897.621,97.621,0.78,15.2,0.77,14.7,0.8,5.0,0.81,5.0,0.24,8.69,0.19,16.89,0.35,5.0,0.37,12.0,0.02,0.11,615.419,1776193895000
1776193897.856,97.856,0.78,15.2,0.77,14.7,0.81,5.0,0.88,24.6,0.19,5.0,0.12,24.6,0.22,15.2,0.23,14.7,0.03,0.03,615.421,1776193896000
1776193898.577,98.577,0.78,15.2,0.77,14.7,0.81,5.0,0.88,24.6,0.19,5.0,0.12,24.6,0.22,15.2,0.23,14.7,0.03,0.03,615.435,1776193897000
1776193899.287,99.287,0.78,15.2,0.77,14.7,0.81,5.0,0.88,24.6,0.19,5.0,0.12,24.6,0.22,15.2,0.23,14.7,0.03,0.03,615.435,1776193898000
1776193899.523,99.523,0.78,15.2,0.77,14.7,0.81,5.0,0.88,24.6,0.19,5.0,0.12,24.6,0.22,15.2,0.23,14.7,0.03,0.03,615.435,1776193898000
1776193900.737,100.737,0.78,15.2,0.77,14.7,0.81,5.0,0.88,24.6,0.19,5.0,0.12,24.6,0.22,15.2,0.23,14.7,0.03,0.03,615.406,1776193899000
1776193901.357,101.357,0.78,15.2,0.77,14.7,0.81,5.0,0.88,24.6,0.19,5.0,0.12,24.6,0.22,15.2,0.23,14.7,0.03,0.03,615.406,1776193900000
1776193902.08,102.08,0.78,15.2,0.77,14.7,0.81,5.0,0.88,24.6,0.19,5.0,0.12,24.6,0.22,15.2,0.23,14.7,0.03,0.03,615.406,1776193901000
1776193903.734,103.734,0.78,15.2,0.77,14.7,0.81,5.0,0.88,24.6,0.19,5.0,0.12,24.6,0.22,15.2,0.23,14.7,0.03,0.03,615.413,1776193902000
1776193904.28,104.28,0.78,15.2,0.77,14.7,0.81,5.0,0.88,24.6,0.19,5.0,0.12,24.6,0.22,15.2,0.23,14.7,0.03,0.03,615.428,1776193903000
1776193905.692,105.692,0.78,15.2,0.77,14.7,0.81,5.0,0.88,24.6,0.19,5.0,0.12,24.6,0.22,15.2,0.23,14.7,0.03,0.03,615.457,1776193904000
1776193906.255,106.255,0.78,15.2,0.77,14.7,0.81,5.0,0.88,24.6,0.19,5.0,0.12,24.6,0.22,15.2,0.23,14.7,0.03,0.03,615.473,1776193905000
1776193907.753,107.753,0.8,26.3,0.79,15.7,0.83,5.0,0.9,5.0,0.17,5.0,0.1,5.0,0.2,26.3,0.21,15.7,0.03,0.03,615.487,1776193906000
1776193908.483,108.483,0.8,26.3,0.79,15.7,0.83,5.0,0.9,5.0,0.17,5.0,0.1,5.0,0.2,26.3,0.21,15.7,0.03,0.03,615.487,1776193907000
1776193909.117,109.117,0.84,19.3,0.83,18.39,0.9,5.0,0.92,35.29,0.1,5.0,0.08,35.29,0.16,19.3,0.17,18.39,0.06,0.06,615.487,1776193908000
1776193910.468,110.468,0.84,19.3,0.83,18.39,0.9,5.0,0.92,35.29,0.1,5.0,0.08,35.29,0.16,19.3,0.17,18.39,0.06,0.06,615.563,1776193909000
1776193911.183,111.183,0.84,19.3,0.83,18.39,0.9,5.0,0.92,35.29,0.1,5.0,0.08,35.29,0.16,19.3,0.17,18.39,0.06,0.06,615.563,1776193910000
1776193912.563,112.563,0.84,19.3,0.83,18.39,0.9,5.0,0.92,35.29,0.1,5.0,0.08,35.29,0.16,19.3,0.17,18.39,0.06,0.06,615.553,1776193911000
1776193913.285,113.285,0.84,19.3,0.83,18.39,0.9,5.0,0.92,35.29,0.1,5.0,0.08,35.29,0.16,19.3,0.17,18.39,0.06,0.06,615.526535,1776193912000
1776193914.513,114.513,0.84,19.3,0.83,18.39,0.9,5.0,0.92,35.29,0.1,5.0,0.08,35.29,0.16,19.3,0.17,18.39,0.06,0.06,615.526535,1776193913000
1776193915.343,115.343,0.84,19.3,0.83,18.39,0.9,5.0,0.92,35.29,0.1,5.0,0.08,35.29,0.16,19.3,0.17,18.39,0.06,0.06,615.52513,1776193914000
1776193915.877,115.877,0.84,19.3,0.83,18.39,0.9,5.0,0.92,35.29,0.1,5.0,0.08,35.29,0.16,19.3,0.17,18.39,0.06,0.06,615.52513,1776193915000
1776193916.91,116.91,0.84,19.3,0.83,18.39,0.9,5.0,0.92,35.29,0.1,5.0,0.08,35.29,0.16,19.3,0.17,18.39,0.06,0.06,615.525106,1776193916000
1776193917.908,117.908,0.84,19.3,0.83,18.39,0.9,5.0,0.92,35.29,0.1,5.0,0.08,35.29,0.16,19.3,0.17,18.39,0.06,0.06,615.525079,1776193917000
1776193918.911,118.911,0.84,19.3,0.83,18.39,0.9,5.0,0.92,35.29,0.1,5.0,0.08,35.29,0.16,19.3,0.17,18.39,0.06,0.06,615.525077,1776193918000
1776193919.95,119.95,0.84,19.3,0.83,18.39,0.9,5.0,0.92,35.29,0.1,5.0,0.08,35.29,0.16,19.3,0.17,18.39,0.06,0.06,615.529877,1776193919000
1776193921.042,121.042,0.84,19.3,0.83,18.39,0.9,5.0,0.92,35.29,0.1,5.0,0.08,35.29,0.16,19.3,0.17,18.39,0.06,0.06,615.537816,1776193920000
1776193921.99,121.99,0.84,19.3,0.83,18.39,0.9,5.0,0.92,35.29,0.1,5.0,0.08,35.29,0.16,19.3,0.17,18.39,0.06,0.06,615.540538,1776193921000
1776193923.047,123.047,0.84,19.3,0.83,18.39,0.9,5.0,0.92,35.29,0.1,5.0,0.08,35.29,0.16,19.3,0.17,18.39,0.06,0.06,615.542397,1776193922000
1776193924.263,124.263,0.84,19.3,0.83,18.39,0.9,5.0,0.92,35.29,0.1,5.0,0.08,35.29,0.16,19.3,0.17,18.39,0.06,0.06,615.577,1776193923000
1776193925.224,125.224,0.84,19.3,0.83,18.39,0.9,5.0,0.92,35.29,0.1,5.0,0.08,35.29,0.16,19.3,0.17,18.39,0.06,0.06,615.577,1776193924000
1776193926.194,126.194,0.84,19.3,0.83,18.39,0.9,5.0,0.92,35.29,0.1,5.0,0.08,35.29,0.16,19.3,0.17,18.39,0.06,0.06,615.577,1776193925000
1776193927.242,127.242,0.84,19.3,0.83,18.39,0.9,5.0,0.92,35.29,0.1,5.0,0.08,35.29,0.16,19.3,0.17,18.39,0.06,0.06,615.566,1776193926000
1776193928.786,128.786,0.84,19.3,0.83,18.39,0.9,5.0,0.92,35.29,0.1,5.0,0.08,35.29,0.16,19.3,0.17,18.39,0.06,0.06,615.567,1776193927000
1776193929.348,129.348,0.84,19.3,0.83,18.39,0.9,5.0,0.92,35.29,0.1,5.0,0.08,35.29,0.16,19.3,0.17,18.39,0.06,0.06,615.565,1776193928000
1776193929.905,129.905,0.84,19.3,0.83,18.39,0.9,5.0,0.92,35.29,0.1,5.0,0.08,35.29,0.16,19.3,0.17,18.39,0.06,0.06,615.565,1776193929000
1776193930.955,130.955,0.84,19.3,0.83,18.39,0.9,5.0,0.92,35.29,0.1,5.0,0.08,35.29,0.16,19.3,0.17,18.39,0.06,0.06,615.565,1776193930000
1776193932.092,132.092,0.84,19.3,0.83,18.39,0.9,5.0,0.92,35.29,0.1,5.0,0.08,35.29,0.16,19.3,0.17,18.39,0.06,0.06,615.565,1776193931000
1776193933.163,133.163,0.84,19.3,0.83,18.39,0.9,5.0,0.92,35.29,0.1,5.0,0.08,35.29,0.16,19.3,0.17,18.39,0.06,0.06,615.566,1776193932000
1776193934.266,134.266,0.84,19.3,0.83,18.39,0.9,5.0,0.92,35.29,0.1,5.0,0.08,35.29,0.16,19.3,0.17,18.39,0.06,0.06,615.566,1776193933000
1776193935.256,135.256,0.84,19.3,0.83,18.39,0.9,5.0,0.92,35.29,0.1,5.0,0.08,35.29,0.16,19.3,0.17,18.39,0.06,0.06,615.555,1776193934000
1776193936.224,136.224,0.88,24.6,0.87,28.0,0.9,3.78,0.94,46.1,0.1,3.78,0.06,46.1,0.12,24.6,0.13,28.0,0.02,0.02,615.541197,1776193935000
1776193937.316,137.316,0.88,24.6,0.87,28.0,0.9,3.78,0.94,46.1,0.1,3.78,0.06,46.1,0.12,24.6,0.13,28.0,0.02,0.02,615.553,1776193936000
1776193938.454,138.454,0.88,24.6,0.87,28.0,0.9,3.78,0.94,46.1,0.1,3.78,0.06,46.1,0.12,24.6,0.13,28.0,0.02,0.02,615.564,1776193937000
1776193938.771,138.771,0.89,26.6,0.88,24.6,0.94,27.66,0.95,54.7,0.1,3.78,0.06,46.1,0.12,24.6,0.13,28.0,0.05,0.02,615.564,1776193937000
1776193940.002,140.002,0.89,26.6,0.88,24.6,0.94,27.66,0.95,54.7,0.06,27.66,0.05,54.7,0.11,26.6,0.12,24.6,0.05,0.05,615.563,1776193939000
1776193941.012,141.012,0.89,26.6,0.88,24.6,0.94,27.66,0.95,54.7,0.06,27.66,0.05,54.7,0.11,26.6,0.12,24.6,0.05,0.05,615.565,1776193940000
1776193942.748,142.748,0.89,26.6,0.88,24.6,0.94,27.66,0.95,54.7,0.06,27.66,0.05,54.7,0.11,26.6,0.12,24.6,0.05,0.05,615.568547,1776193941000
1776193943.295,143.295,0.89,26.6,0.88,24.6,0.94,27.66,0.95,54.7,0.06,27.66,0.05,54.7,0.11,26.6,0.12,24.6,0.05,0.05,615.568489,1776193942000
1776193944.319,144.319,0.89,26.6,0.88,24.6,0.94,27.66,0.95,54.7,0.06,27.66,0.05,54.7,0.11,26.6,0.12,24.6,0.05,0.05,615.570517,1776193943000
1776193945.366,145.366,0.89,26.6,0.88,24.6,0.94,27.66,0.95,54.7,0.06,27.66,0.05,54.7,0.11,26.6,0.12,24.6,0.05,0.05,615.571013,1776193944000
1776193945.914,145.914,0.89,26.6,0.88,24.6,0.94,27.66,0.95,54.7,0.06,27.66,0.05,54.7,0.11,26.6,0.12,24.6,0.05,0.05,615.570956,1776193945000
1776193947.016,147.016,0.89,26.6,0.88,24.6,0.94,27.66,0.95,54.7,0.06,27.66,0.05,54.7,0.11,26.6,0.12,24.6,0.05,0.05,615.570346,1776193946000
1776193947.993,147.993,0.89,26.6,0.88,24.6,0.94,27.66,0.95,54.7,0.06,27.66,0.05,54.7,0.11,26.6,0.12,24.6,0.05,0.05,615.569702,1776193947000
1776193949.005,149.005,0.89,26.6,0.88,24.6,0.94,27.66,0.95,54.7,0.06,27.66,0.05,54.7,0.11,26.6,0.12,24.6,0.05,0.05,615.544566,1776193948000
1776193950.041,150.041,0.89,26.6,0.88,24.6,0.94,27.66,0.95,54.7,0.06,27.66,0.05,54.7,0.11,26.6,0.12,24.6,0.05,0.05,615.557054,1776193949000
1776193951.185,151.185,0.89,26.6,0.88,24.6,0.94,27.66,0.95,54.7,0.06,27.66,0.05,54.7,0.11,26.6,0.12,24.6,0.05,0.05,615.560681,1776193950000
1776193952.244,152.244,0.89,26.6,0.88,24.6,0.94,27.66,0.95,54.7,0.06,27.66,0.05,54.7,0.11,26.6,0.12,24.6,0.05,0.05,615.560442,1776193951000
1776193953.232,153.232,0.89,26.6,0.88,24.6,0.94,27.66,0.95,54.7,0.06,27.66,0.05,54.7,0.11,26.6,0.12,24.6,0.05,0.05,615.558215,1776193952000
1776193954.25,154.25,0.89,26.6,0.88,24.6,0.94,27.66,0.95,54.7,0.06,27.66,0.05,54.7,0.11,26.6,0.12,24.6,0.05,0.05,615.559727,1776193953000
1776193955.273,155.273,0.89,26.6,0.88,24.6,0.94,27.66,0.95,54.7,0.06,27.66,0.05,54.7,0.11,26.6,0.12,24.6,0.05,0.05,615.559727,1776193954000
1776193956.358,156.358,0.89,26.6,0.88,24.6,0.94,27.66,0.95,54.7,0.06,27.66,0.05,54.7,0.11,26.6,0.12,24.6,0.05,0.05,615.559369,1776193955000
1776193957.497,157.497,0.89,26.6,0.88,24.6,0.94,27.66,0.95,54.7,0.06,27.66,0.05,54.7,0.11,26.6,0.12,24.6,0.05,0.05,615.559257,1776193956000
1776193958.089,158.089,0.89,26.6,0.88,24.6,0.94,27.66,0.95,54.7,0.06,27.66,0.05,54.7,0.11,26.6,0.12,24.6,0.05,0.05,615.557851,1776193957000
1776193959.246,159.246,0.89,26.6,0.88,24.6,0.94,27.66,0.95,54.7,0.06,27.66,0.05,54.7,0.11,26.6,0.12,24.6,0.05,0.05,615.557054,1776193958000
1776193960.463,160.463,0.89,26.6,0.88,24.6,0.94,27.66,0.95,54.7,0.06,27.66,0.05,54.7,0.11,26.6,0.12,24.6,0.05,0.05,615.555165,1776193959000
1776193960.997,160.997,0.89,26.6,0.88,24.6,0.94,27.66,0.95,54.7,0.06,27.66,0.05,54.7,0.11,26.6,0.12,24.6,0.05,0.05,615.557097,1776193960000
1776193962.084,162.084,0.89,26.6,0.88,24.6,0.94,27.66,0.95,54.7,0.06,27.66,0.05,54.7,0.11,26.6,0.12,24.6,0.05,0.05,615.474866,1776193961000
1776193963.209,163.209,0.89,26.6,0.88,24.6,0.94,27.66,0.95,54.7,0.06,27.66,0.05,54.7,0.11,26.6,0.12,24.6,0.05,0.05,615.467767,1776193962000
1776193964.349,164.349,0.89,26.6,0.88,24.6,0.94,27.66,0.95,54.7,0.06,27.66,0.05,54.7,0.11,26.6,0.12,24.6,0.05,0.05,615.467767,1776193963000
1776193964.906,164.906,0.89,26.6,0.88,24.6,0.94,27.66,0.95,54.7,0.06,27.66,0.05,54.7,0.11,26.6,0.12,24.6,0.05,0.05,615.467767,1776193964000
1776193966.02,166.02,0.89,26.6,0.88,24.6,0.94,27.66,0.95,54.7,0.06,27.66,0.05,54.7,0.11,26.6,0.12,24.6,0.05,0.05,615.467263,1776193965000
1776193967.152,167.152,0.89,26.6,0.88,24.6,0.94,27.66,0.95,54.7,0.06,27.66,0.05,54.7,0.11,26.6,0.12,24.6,0.05,0.05,615.468385,1776193966000
1776193968.23,168.23,0.89,26.6,0.88,24.6,0.94,27.66,0.95,54.7,0.06,27.66,0.05,54.7,0.11,26.6,0.12,24.6,0.05,0.05,615.468372,1776193967000
1776193969.381,169.381,0.89,26.6,0.88,24.6,0.94,27.66,0.95,54.7,0.06,27.66,0.05,54.7,0.11,26.6,0.12,24.6,0.05,0.05,615.468385,1776193968000
1776193970.002,170.002,0.89,26.6,0.88,24.6,0.94,27.66,0.95,54.7,0.06,27.66,0.05,54.7,0.11,26.6,0.12,24.6,0.05,0.05,615.468386,1776193969000
1776193971.411,171.411,0.89,26.6,0.88,24.6,0.94,27.66,0.95,54.7,0.06,27.66,0.05,54.7,0.11,26.6,0.12,24.6,0.05,0.05,615.46839,1776193970000
1776193971.966,171.966,0.89,26.6,0.88,24.6,0.94,27.66,0.95,54.7,0.06,27.66,0.05,54.7,0.11,26.6,0.12,24.6,0.05,0.05,615.463217,1776193971000
1776193973.033,173.033,0.89,26.6,0.88,24.6,0.94,27.66,0.95,54.7,0.06,27.66,0.05,54.7,0.11,26.6,0.12,24.6,0.05,0.05,615.417049,1776193972000
1776193974.105,174.105,0.89,26.6,0.88,24.6,0.94,27.66,0.95,54.7,0.06,27.66,0.05,54.7,0.11,26.6,0.12,24.6,0.05,0.05,615.416018,1776193973000
1776193975.205,175.205,0.89,26.6,0.88,24.6,0.94,27.66,0.95,54.7,0.06,27.66,0.05,54.7,0.11,26.6,0.12,24.6,0.05,0.05,615.415961,1776193974000
1776193976.276,176.276,0.89,26.6,0.88,24.6,0.94,27.66,0.95,54.7,0.06,27.66,0.05,54.7,0.11,26.6,0.12,24.6,0.05,0.05,615.415985,1776193975000
1776193977.439,177.439,0.89,26.6,0.88,24.6,0.94,27.66,0.95,54.7,0.06,27.66,0.05,54.7,0.11,26.6,0.12,24.6,0.05,0.05,615.415646,1776193976000
1776193978.057,178.057,0.89,26.6,0.88,24.6,0.94,27.66,0.95,54.7,0.06,27.66,0.05,54.7,0.11,26.6,0.12,24.6,0.05,0.05,615.415829,1776193977000
1776193979.214,179.214,0.89,26.6,0.88,24.6,0.94,27.66,0.95,54.7,0.06,27.66,0.05,54.7,0.11,26.6,0.12,24.6,0.05,0.05,615.417273,1776193978000
1776193980.215,180.215,0.89,26.6,0.88,24.6,0.94,27.66,0.95,54.7,0.06,27.66,0.05,54.7,0.11,26.6,0.12,24.6,0.05,0.05,615.41679,1776193979000
1776193981.245,181.245,0.89,26.6,0.88,24.6,0.94,27.66,0.95,54.7,0.06,27.66,0.05,54.7,0.11,26.6,0.12,24.6,0.05,0.05,615.412873,1776193980000
1776193982.417,182.417,0.89,26.6,0.88,24.6,0.94,27.66,0.95,54.7,0.06,27.66,0.05,54.7,0.11,26.6,0.12,24.6,0.05,0.05,615.409842,1776193981000
1776193982.951,182.951,0.89,26.6,0.88,24.6,0.94,27.66,0.95,54.7,0.06,27.66,0.05,54.7,0.11,26.6,0.12,24.6,0.05,0.05,615.408463,1776193982000
1776193984.064,184.064,0.89,26.6,0.88,24.6,0.94,27.66,0.95,54.7,0.06,27.66,0.05,54.7,0.11,26.6,0.12,24.6,0.05,0.05,615.408463,1776193983000
1776193985.106,185.106,0.89,26.6,0.88,24.6,0.94,27.66,0.95,54.7,0.06,27.66,0.05,54.7,0.11,26.6,0.12,24.6,0.05,0.05,615.408422,1776193984000
1776193986.756,186.756,0.89,26.6,0.88,24.6,0.94,27.66,0.95,54.7,0.06,27.66,0.05,54.7,0.11,26.6,0.12,24.6,0.05,0.05,615.40845,1776193985000
1776193987.346,187.346,0.89,26.6,0.88,24.6,0.94,27.66,0.95,54.7,0.06,27.66,0.05,54.7,0.11,26.6,0.12,24.6,0.05,0.05,615.40845,1776193986000
1776193988.501,188.501,0.89,26.6,0.88,24.6,0.94,27.66,0.95,54.7,0.06,27.66,0.05,54.7,0.11,26.6,0.12,24.6,0.05,0.05,615.409596,1776193987000
1776193989.125,189.125,0.78,15.2,0.77,14.7,0.9,28.9,0.91,31.7,0.1,28.9,0.09,31.7,0.22,15.2,0.23,14.7,0.12,0.12,615.408069,1776193988000
1776193990.354,190.354,0.78,15.2,0.77,14.7,0.9,28.9,0.91,31.7,0.1,28.9,0.09,31.7,0.22,15.2,0.23,14.7,0.12,0.12,615.361,1776193989000
1776193991.63,191.63,0.78,15.2,0.77,14.7,0.9,28.9,0.91,31.7,0.1,28.9,0.09,31.7,0.22,15.2,0.23,14.7,0.12,0.12,615.332653,1776193990000
1776193992.325,192.325,0.78,15.2,0.77,14.7,0.9,28.9,0.91,31.7,0.1,28.9,0.09,31.7,0.22,15.2,0.23,14.7,0.12,0.12,615.332967,1776193991000
1776193993.228,193.228,0.78,15.2,0.77,14.7,0.9,28.9,0.91,31.7,0.1,28.9,0.09,31.7,0.22,15.2,0.23,14.7,0.12,0.12,615.332967,1776193992000
1776193994.369,194.369,0.78,15.2,0.77,14.7,0.9,28.9,0.91,31.7,0.1,28.9,0.09,31.7,0.22,15.2,0.23,14.7,0.12,0.12,615.334788,1776193993000
1776193995.242,195.242,0.78,15.2,0.77,14.7,0.9,28.9,0.91,31.7,0.1,28.9,0.09,31.7,0.22,15.2,0.23,14.7,0.12,0.12,615.333539,1776193994000
1776193996.592,196.592,0.78,15.2,0.77,14.7,0.9,28.9,0.91,31.7,0.1,28.9,0.09,31.7,0.22,15.2,0.23,14.7,0.12,0.12,615.335297,1776193995000
1776193997.26,197.26,0.78,15.2,0.77,14.7,0.9,28.9,0.91,31.7,0.1,28.9,0.09,31.7,0.22,15.2,0.23,14.7,0.12,0.12,615.335297,1776193996000
1776193998.454,198.454,0.87,5.0,0.81,16.89,0.9,13.56,0.91,31.7,0.1,28.9,0.09,31.7,0.22,15.2,0.23,14.7,0.03,0.12,615.335297,1776193996000
1776193999.368,199.368,0.87,5.0,0.81,16.89,0.9,13.56,0.91,31.7,0.1,13.56,0.09,31.7,0.13,5.0,0.19,16.89,0.03,0.03,615.336883,1776193998000
1776194000.599,200.599,0.87,5.0,0.81,16.89,0.9,13.56,0.91,31.7,0.1,13.56,0.09,31.7,0.13,5.0,0.19,16.89,0.03,0.03,615.336933,1776193999000
1776194001.244,201.244,0.87,5.0,0.81,16.89,0.9,13.56,0.91,31.7,0.1,13.56,0.09,31.7,0.13,5.0,0.19,16.89,0.03,0.03,615.336828,1776194000000
1776194001.882,201.882,0.87,5.0,0.82,17.6,0.9,12.44,0.91,31.7,0.1,13.56,0.09,31.7,0.13,5.0,0.19,16.89,0.03,0.03,615.336828,1776194000000
1776194002.398,202.398,0.87,5.0,0.82,17.6,0.9,12.44,0.91,31.7,0.1,12.44,0.09,31.7,0.13,5.0,0.18,17.6,0.03,0.03,615.336347,1776194001000
1776194002.91,202.91,0.87,5.0,0.82,17.6,0.9,12.44,0.91,31.7,0.1,12.44,0.09,31.7,0.13,5.0,0.18,17.6,0.03,0.03,615.336347,1776194002000
1776194004.091,204.091,0.87,5.0,0.82,17.6,0.9,12.44,0.91,31.7,0.1,12.44,0.09,31.7,0.13,5.0,0.18,17.6,0.03,0.03,615.336734,1776194003000
1776194005.144,205.144,0.87,5.0,0.82,17.6,0.9,12.44,0.91,31.7,0.1,12.44,0.09,31.7,0.13,5.0,0.18,17.6,0.03,0.03,615.332243,1776194004000
1776194006.416,206.416,0.87,5.0,0.82,17.6,0.9,12.44,0.91,31.7,0.1,12.44,0.09,31.7,0.13,5.0,0.18,17.6,0.03,0.03,615.331584,1776194005000
1776194007.017,207.017,0.87,5.0,0.82,17.6,0.9,12.44,0.91,31.7,0.1,12.44,0.09,31.7,0.13,5.0,0.18,17.6,0.03,0.03,615.331579,1776194006000
1776194008.025,208.025,0.87,5.0,0.82,17.6,0.9,12.44,0.91,31.7,0.1,12.44,0.09,31.7,0.13,5.0,0.18,17.6,0.03,0.03,615.270203,1776194007000
1776194009.179,209.179,0.87,5.0,0.82,17.6,0.9,12.44,0.91,31.7,0.1,12.44,0.09,31.7,0.13,5.0,0.18,17.6,0.03,0.03,615.268723,1776194008000
1776194010.255,210.255,0.87,5.0,0.82,17.6,0.9,12.44,0.91,31.7,0.1,12.44,0.09,31.7,0.13,5.0,0.18,17.6,0.03,0.03,615.26566,1776194009000
1776194011.334,211.334,0.87,5.0,0.82,17.6,0.9,12.44,0.91,31.7,0.1,12.44,0.09,31.7,0.13,5.0,0.18,17.6,0.03,0.03,615.265766,1776194010000
1776194011.927,211.927,0.87,5.0,0.82,17.6,0.9,12.44,0.91,31.7,0.1,12.44,0.09,31.7,0.13,5.0,0.18,17.6,0.03,0.03,615.27004,1776194011000
1776194012.956,212.956,0.87,5.0,0.82,17.6,0.9,12.44,0.91,31.7,0.1,12.44,0.09,31.7,0.13,5.0,0.18,17.6,0.03,0.03,615.269949,1776194012000
1776194014.115,214.115,0.87,5.0,0.82,17.6,0.9,12.44,0.91,31.7,0.1,12.44,0.09,31.7,0.13,5.0,0.18,17.6,0.03,0.03,615.270972,1776194013000
1776194015.119,215.119,0.87,5.0,0.82,17.6,0.9,12.44,0.91,31.7,0.1,12.44,0.09,31.7,0.13,5.0,0.18,17.6,0.03,0.03,615.270972,1776194014000
1776194016.661,216.661,0.87,5.0,0.82,17.6,0.9,12.44,0.91,31.7,0.1,12.44,0.09,31.7,0.13,5.0,0.18,17.6,0.03,0.03,615.271033,1776194015000
1776194017.257,217.257,0.87,5.0,0.82,17.6,0.9,12.44,0.91,31.7,0.1,12.44,0.09,31.7,0.13,5.0,0.18,17.6,0.03,0.03,615.271402,1776194016000
1776194018.465,218.465,0.87,5.0,0.82,17.6,0.9,12.44,0.91,31.7,0.1,12.44,0.09,31.7,0.13,5.0,0.18,17.6,0.03,0.03,615.273654,1776194017000
1776194019.066,219.066,0.87,5.0,0.82,17.6,0.9,12.44,0.91,31.7,0.1,12.44,0.09,31.7,0.13,5.0,0.18,17.6,0.03,0.03,615.271402,1776194018000
1776194020.127,220.127,0.87,5.0,0.82,17.6,0.9,12.44,0.91,31.7,0.1,12.44,0.09,31.7,0.13,5.0,0.18,17.6,0.03,0.03,615.269881,1776194019000
1776194021.211,221.211,0.87,5.0,0.82,17.6,0.9,12.44,0.91,31.7,0.1,12.44,0.09,31.7,0.13,5.0,0.18,17.6,0.03,0.03,615.26925,1776194020000
1776194022.271,222.271,0.87,5.0,0.82,17.6,0.9,12.44,0.91,31.7,0.1,12.44,0.09,31.7,0.13,5.0,0.18,17.6,0.03,0.03,615.269237,1776194021000
1776194022.999,222.999,0.87,5.0,0.82,17.6,0.9,12.44,0.91,31.7,0.1,12.44,0.09,31.7,0.13,5.0,0.18,17.6,0.03,0.03,615.235,1776194022000
1776194024.033,224.033,0.87,5.0,0.82,17.6,0.9,12.44,0.91,31.7,0.1,12.44,0.09,31.7,0.13,5.0,0.18,17.6,0.03,0.03,615.234,1776194023000
1776194024.673,224.673,0.61,50.0,0.6,15.8,0.86,97.6,0.87,23.0,0.1,12.44,0.09,31.7,0.13,5.0,0.18,17.6,0.25,0.03,615.234,1776194023000
1776194025.136,225.136,0.61,50.0,0.6,15.8,0.86,97.6,0.87,23.0,0.14,97.6,0.13,23.0,0.39,50.0,0.4,15.8,0.25,0.25,615.244,1776194024000
1776194026.183,226.183,0.61,50.0,0.6,15.8,0.86,97.6,0.87,23.0,0.14,97.6,0.13,23.0,0.39,50.0,0.4,15.8,0.25,0.25,615.222,1776194025000
1776194027.422,227.422,0.61,50.0,0.6,15.8,0.86,97.6,0.87,23.0,0.14,97.6,0.13,23.0,0.39,50.0,0.4,15.8,0.25,0.25,615.219,1776194026000
1776194028.007,228.007,0.61,50.0,0.6,15.8,0.86,97.6,0.87,23.0,0.14,97.6,0.13,23.0,0.39,50.0,0.4,15.8,0.25,0.25,615.216,1776194027000
1776194028.333,228.333,0.64,19.76,0.63,11.2,0.82,11.52,0.83,18.39,0.14,97.6,0.13,23.0,0.39,50.0,0.4,15.8,0.18,0.25,615.216,1776194027000
1776194029.029,229.029,0.64,19.76,0.63,11.2,0.82,11.52,0.83,18.39,0.18,11.52,0.17,18.39,0.36,19.76,0.37,11.2,0.18,0.18,615.219,1776194028000
1776194030.17,230.17,0.64,19.76,0.63,11.2,0.82,11.52,0.83,18.39,0.18,11.52,0.17,18.39,0.36,19.76,0.37,11.2,0.18,0.18,615.219,1776194029000
1776194031.327,231.327,0.64,19.76,0.63,11.2,0.82,11.52,0.83,18.39,0.18,11.52,0.17,18.39,0.36,19.76,0.37,11.2,0.18,0.18,615.199,1776194030000
1776194032.055,232.055,0.64,19.76,0.63,11.2,0.82,11.52,0.83,18.39,0.18,11.52,0.17,18.39,0.36,19.76,0.37,11.2,0.18,0.18,615.199,1776194031000
1776194033.566,233.566,0.64,19.76,0.63,11.2,0.82,11.52,0.83,18.39,0.18,11.52,0.17,18.39,0.36,19.76,0.37,11.2,0.18,0.18,615.128,1776194032000
1776194034.264,234.264,0.64,19.76,0.63,11.2,0.82,11.52,0.83,18.39,0.18,11.52,0.17,18.39,0.36,19.76,0.37,11.2,0.18,0.18,615.128,1776194033000
1776194035.469,235.469,0.64,19.76,0.63,11.2,0.82,11.52,0.83,18.39,0.18,11.52,0.17,18.39,0.36,19.76,0.37,11.2,0.18,0.18,615.138,1776194034000
1776194036.227,236.227,0.64,19.76,0.63,11.2,0.82,11.52,0.83,18.39,0.18,11.52,0.17,18.39,0.36,19.76,0.37,11.2,0.18,0.18,615.138,1776194035000
1776194037.476,237.476,0.64,19.76,0.63,11.2,0.82,11.52,0.83,18.39,0.18,11.52,0.17,18.39,0.36,19.76,0.37,11.2,0.18,0.18,615.133,1776194036000
1776194038.224,238.224,0.64,19.76,0.63,11.2,0.82,11.52,0.83,18.39,0.18,11.52,0.17,18.39,0.36,19.76,0.37,11.2,0.18,0.18,615.133,1776194037000
1776194039.592,239.592,0.64,19.76,0.63,11.2,0.82,11.52,0.83,18.39,0.18,11.52,0.17,18.39,0.36,19.76,0.37,11.2,0.18,0.18,615.141,1776194038000
1776194040.252,240.252,0.64,19.76,0.63,11.2,0.82,11.52,0.83,18.39,0.18,11.52,0.17,18.39,0.36,19.76,0.37,11.2,0.18,0.18,615.145,1776194039000
1776194041.512,241.512,0.64,19.76,0.63,11.2,0.82,11.52,0.83,18.39,0.18,11.52,0.17,18.39,0.36,19.76,0.37,11.2,0.18,0.18,615.135,1776194040000
1776194042.242,242.242,0.64,19.76,0.63,11.2,0.82,11.52,0.83,18.39,0.18,11.52,0.17,18.39,0.36,19.76,0.37,11.2,0.18,0.18,615.135,1776194041000
1776194044.302,244.302,0.64,19.76,0.63,11.2,0.82,11.52,0.83,18.39,0.18,11.52,0.17,18.39,0.36,19.76,0.37,11.2,0.18,0.18,615.149,1776194043000
1776194045.871,245.871,0.64,19.76,0.63,11.2,0.82,11.52,0.83,18.39,0.18,11.52,0.17,18.39,0.36,19.76,0.37,11.2,0.18,0.18,615.148,1776194044000
1776194046.618,246.618,0.64,19.76,0.63,11.2,0.82,11.52,0.83,18.39,0.18,11.52,0.17,18.39,0.36,19.76,0.37,11.2,0.18,0.18,615.124,1776194045000
1776194047.399,247.399,0.64,19.76,0.63,11.2,0.82,11.52,0.83,18.39,0.18,11.52,0.17,18.39,0.36,19.76,0.37,11.2,0.18,0.18,615.124,1776194046000
1776194048.117,248.117,0.64,19.76,0.63,11.2,0.82,11.52,0.83,18.39,0.18,11.52,0.17,18.39,0.36,19.76,0.37,11.2,0.18,0.18,615.107429,1776194047000
1776194049.94,249.94,0.64,19.76,0.63,11.2,0.82,11.52,0.83,18.39,0.18,11.52,0.17,18.39,0.36,19.76,0.37,11.2,0.18,0.18,615.108717,1776194048000
1776194050.558,250.558,0.64,19.76,0.63,11.2,0.82,11.52,0.83,18.39,0.18,11.52,0.17,18.39,0.36,19.76,0.37,11.2,0.18,0.18,615.138,1776194049000
1776194051.306,251.306,0.64,19.76,0.63,11.2,0.82,11.52,0.83,18.39,0.18,11.52,0.17,18.39,0.36,19.76,0.37,11.2,0.18,0.18,615.138,1776194050000
1776194052.548,252.548,0.64,19.76,0.63,11.2,0.82,11.52,0.83,18.39,0.18,11.52,0.17,18.39,0.36,19.76,0.37,11.2,0.18,0.18,615.13,1776194051000
1776194053.231,253.231,0.64,19.76,0.63,11.2,0.82,11.52,0.83,18.39,0.18,11.52,0.17,18.39,0.36,19.76,0.37,11.2,0.18,0.18,615.13,1776194052000
1776194054.537,254.537,0.64,19.76,0.63,11.2,0.82,11.52,0.83,18.39,0.18,11.52,0.17,18.39,0.36,19.76,0.37,11.2,0.18,0.18,615.127,1776194053000
1776194055.178,255.178,0.64,19.76,0.63,11.2,0.82,11.52,0.83,18.39,0.18,11.52,0.17,18.39,0.36,19.76,0.37,11.2,0.18,0.18,615.127,1776194054000
1776194056.373,256.373,0.64,19.76,0.63,11.2,0.82,11.52,0.83,18.39,0.18,11.52,0.17,18.39,0.36,19.76,0.37,11.2,0.18,0.18,615.129,1776194055000
1776194057.466,257.466,0.64,19.76,0.63,11.2,0.82,11.52,0.83,18.39,0.18,11.52,0.17,18.39,0.36,19.76,0.37,11.2,0.18,0.18,615.126,1776194056000
1776194058.278,258.278,0.64,19.76,0.63,11.2,0.82,11.52,0.83,18.39,0.18,11.52,0.17,18.39,0.36,19.76,0.37,11.2,0.18,0.18,615.125,1776194057000
1776194059.362,259.362,0.64,19.76,0.63,11.2,0.82,11.52,0.83,18.39,0.18,11.52,0.17,18.39,0.36,19.76,0.37,11.2,0.18,0.18,615.128,1776194058000
1776194059.956,259.956,0.64,19.76,0.63,11.2,0.82,11.52,0.83,18.39,0.18,11.52,0.17,18.39,0.36,19.76,0.37,11.2,0.18,0.18,615.14,1776194059000
1776194061.127,261.127,0.64,19.76,0.63,11.2,0.82,11.52,0.83,18.39,0.18,11.52,0.17,18.39,0.36,19.76,0.37,11.2,0.18,0.18,615.14,1776194060000
1776194062.667,262.667,0.64,19.76,0.63,11.2,0.82,11.52,0.83,18.39,0.18,11.52,0.17,18.39,0.36,19.76,0.37,11.2,0.18,0.18,615.14,1776194061000
1776194063.597,263.597,0.64,19.76,0.63,11.2,0.82,11.52,0.83,18.39,0.18,11.52,0.17,18.39,0.36,19.76,0.37,11.2,0.18,0.18,615.14,1776194062000
1776194064.224,264.224,0.64,19.76,0.63,11.2,0.82,11.52,0.83,18.39,0.18,11.52,0.17,18.39,0.36,19.76,0.37,11.2,0.18,0.18,615.145,1776194063000
1776194065.3,265.3,0.64,19.76,0.63,11.2,0.82,11.52,0.83,18.39,0.18,11.52,0.17,18.39,0.36,19.76,0.37,11.2,0.18,0.18,615.059493,1776194064000
1776194065.505,265.505,0.67,11.28,0.53,10.4,0.71,50.0,0.76,14.3,0.18,11.52,0.17,18.39,0.36,19.76,0.37,11.2,0.04,0.18,615.059493,1776194064000
1776194066.277,266.277,0.67,11.28,0.53,10.4,0.71,33.78,0.76,14.3,0.29,33.78,0.24,14.3,0.33,11.28,0.47,10.4,0.04,0.04,615.053,1776194065000
1776194067.438,267.438,0.67,11.28,0.53,10.4,0.71,33.78,0.76,14.3,0.29,33.78,0.24,14.3,0.33,11.28,0.47,10.4,0.04,0.04,615.042374,1776194066000
1776194068.343,268.343,0.67,11.28,0.53,10.4,0.71,33.78,0.76,14.3,0.29,33.78,0.24,14.3,0.33,11.28,0.47,10.4,0.04,0.04,615.042374,1776194067000
1776194069.044,269.044,0.67,11.28,0.53,10.4,0.71,33.78,0.76,14.3,0.29,33.78,0.24,14.3,0.33,11.28,0.47,10.4,0.04,0.04,615.053,1776194068000
1776194069.845,269.845,0.57,5.36,0.56,10.6,0.71,33.78,0.73,13.2,0.29,33.78,0.24,14.3,0.33,11.28,0.47,10.4,0.14,0.04,615.053,1776194068000
1776194070.426,270.426,0.56,0.08,0.55,10.5,0.71,33.78,0.73,13.2,0.29,33.78,0.27,13.2,0.44,0.08,0.45,10.5,0.15,0.15,615.052,1776194069000
1776194071.144,271.144,0.56,0.08,0.55,10.5,0.71,33.78,0.73,13.2,0.29,33.78,0.27,13.2,0.44,0.08,0.45,10.5,0.15,0.15,615.03816,1776194070000
1776194071.427,271.427,0.58,9.19,0.57,10.6,0.71,18.78,0.73,13.2,0.29,33.78,0.27,13.2,0.44,0.08,0.45,10.5,0.13,0.15,615.03816,1776194070000
1776194072.042,272.042,0.57,3.92,0.56,0.08,0.71,14.59,0.73,13.2,0.29,14.59,0.27,13.2,0.42,9.19,0.43,10.6,0.14,0.13,615.03816,1776194070000
1776194072.358,272.358,0.57,3.92,0.56,0.08,0.71,14.59,0.73,13.2,0.29,14.59,0.27,13.2,0.43,3.92,0.44,0.08,0.14,0.14,615.037999,1776194071000
1776194073.567,273.567,0.57,3.92,0.56,0.08,0.71,14.59,0.73,13.2,0.29,14.59,0.27,13.2,0.43,3.92,0.44,0.08,0.14,0.14,615.038275,1776194072000
1776194074.349,274.349,0.57,3.92,0.56,0.08,0.71,14.59,0.73,13.2,0.29,14.59,0.27,13.2,0.43,3.92,0.44,0.08,0.14,0.14,615.038276,1776194073000
1776194075.515,275.515,0.57,3.92,0.56,0.08,0.71,14.59,0.73,13.2,0.29,14.59,0.27,13.2,0.43,3.92,0.44,0.08,0.14,0.14,615.038368,1776194074000
1776194076.074,276.074,0.57,3.92,0.56,0.08,0.71,14.59,0.73,13.2,0.29,14.59,0.27,13.2,0.43,3.92,0.44,0.08,0.14,0.14,615.038377,1776194075000
1776194076.705,276.705,0.31,45.69,0.21,50.0,0.61,50.0,0.69,6.03,0.29,14.59,0.27,13.2,0.43,3.92,0.44,0.08,0.3,0.14,615.038377,1776194075000
1776194077.285,277.285,0.31,37.07,0.21,50.0,0.61,50.0,0.69,6.03,0.39,50.0,0.31,6.03,0.69,37.07,0.79,50.0,0.3,0.3,615.039,1776194076000
1776194078.511,278.511,0.31,37.07,0.21,50.0,0.61,50.0,0.69,6.03,0.39,50.0,0.31,6.03,0.69,37.07,0.79,50.0,0.3,0.3,615.038239,1776194077000
1776194079.094,279.094,0.31,37.07,0.21,50.0,0.61,50.0,0.69,6.03,0.39,50.0,0.31,6.03,0.69,37.07,0.79,50.0,0.3,0.3,615.037,1776194078000
1776194080.376,280.376,0.31,37.07,0.21,50.0,0.61,50.0,0.69,6.03,0.39,50.0,0.31,6.03,0.69,37.07,0.79,50.0,0.3,0.3,614.979179,1776194079000
1776194080.651,280.651,0.05,196.87,0.02,5.0,0.31,50.0,0.4,12.0,0.39,50.0,0.31,6.03,0.69,37.07,0.79,50.0,0.26,0.3,614.979179,1776194079000
1776194081.065,281.065,0.05,193.74,0.02,5.0,0.31,50.0,0.4,12.0,0.69,50.0,0.6,12.0,0.95,193.74,0.98,5.0,0.26,0.26,614.977339,1776194080000
1776194082.979,282.979,0.05,193.74,0.02,5.0,0.31,50.0,0.4,12.0,0.69,50.0,0.6,12.0,0.95,193.74,0.98,5.0,0.26,0.26,614.971222,1776194081000
1776194083.558,283.558,0.02,199.94,0.01,6460.0,0.31,50.0,0.4,12.0,0.69,50.0,0.6,12.0,0.98,199.94,0.99,6460.0,0.29,0.29,614.914917,1776194082000
1776194084.215,284.215,0.02,199.94,0.01,6460.0,0.31,50.0,0.4,12.0,0.69,50.0,0.6,12.0,0.98,199.94,0.99,6460.0,0.29,0.29,614.914903,1776194083000
1776194085.552,285.552,0.02,199.94,0.01,6460.0,0.31,50.0,0.4,12.0,0.69,50.0,0.6,12.0,0.98,199.94,0.99,6460.0,0.29,0.29,614.915986,1776194084000
1776194086.223,286.223,0.02,199.94,0.01,6460.0,0.31,50.0,0.4,12.0,0.69,50.0,0.6,12.0,0.98,199.94,0.99,6460.0,0.29,0.29,614.915986,1776194085000
1776194087.71,287.71,0.02,199.94,0.01,6460.0,0.31,50.0,0.4,12.0,0.69,50.0,0.6,12.0,0.98,199.94,0.99,6460.0,0.29,0.29,614.915738,1776194086000
1776194088.333,288.333,0.02,199.94,0.01,6460.0,0.31,50.0,0.4,12.0,0.69,50.0,0.6,12.0,0.98,199.94,0.99,6460.0,0.29,0.29,614.915618,1776194087000
1776194089.542,289.542,0.02,199.94,0.01,6460.0,0.31,50.0,0.4,12.0,0.69,50.0,0.6,12.0,0.98,199.94,0.99,6460.0,0.29,0.29,614.900634,1776194088000
1776194090.137,290.137,0.02,199.94,0.01,6460.0,0.31,50.0,0.4,12.0,0.69,50.0,0.6,12.0,0.98,199.94,0.99,6460.0,0.29,0.29,614.901262,1776194089000
1776194091.391,291.391,0.02,199.94,0.01,6460.0,0.31,50.0,0.4,12.0,0.69,50.0,0.6,12.0,0.98,199.94,0.99,6460.0,0.29,0.29,614.888155,1776194090000
1776194092.15,292.15,0.02,199.94,0.01,6460.0,0.31,50.0,0.4,12.0,0.69,50.0,0.6,12.0,0.98,199.94,0.99,6460.0,0.29,0.29,614.888155,1776194091000
1776194093.579,293.579,0.02,199.94,0.01,6460.0,0.31,50.0,0.4,12.0,0.69,50.0,0.6,12.0,0.98,199.94,0.99,6460.0,0.29,0.29,614.888223,1776194092000
1776194094.178,294.178,0.02,199.94,0.01,6460.0,0.31,50.0,0.4,12.0,0.69,50.0,0.6,12.0,0.98,199.94,0.99,6460.0,0.29,0.29,614.888537,1776194093000
1776194094.379,294.379,0.01,225.0,,,0.21,50.0,0.22,6.0,0.69,50.0,0.6,12.0,0.98,199.94,0.99,6460.0,0.2,0.29,614.888537,1776194093000
1776194095.537,295.537,0.01,225.0,,,0.21,50.0,0.22,6.0,0.79,50.0,0.78,6.0,0.99,225.0,,,0.2,0.2,614.889,1776194094000
1776194096.146,296.146,0.01,225.0,,,0.21,50.0,0.22,6.0,0.79,50.0,0.78,6.0,0.99,225.0,,,0.2,0.2,614.89,1776194095000
1776194097.332,297.332,0.01,191.96,,,0.11,55.0,0.21,50.0,0.79,50.0,0.78,6.0,0.99,225.0,,,0.1,0.2,614.89,1776194095000
1776194098.206,298.206,0.01,151.55,,,0.11,55.0,0.21,50.0,0.89,55.0,0.79,50.0,0.99,151.55,,,0.1,0.1,614.888309,1776194097000
1776194098.602,298.602,0.01,136.55,,,0.11,55.0,0.21,50.0,0.89,55.0,0.79,50.0,0.99,146.55,,,0.1,0.1,614.888309,1776194097000
1776194098.838,298.838,0.01,47.78,,,0.11,55.0,0.21,50.0,0.89,55.0,0.79,50.0,0.99,87.78,,,0.1,0.1,614.888309,1776194097000
1776194099.16,299.16,0.01,13.57,,,0.11,5.0,0.35,5.0,0.89,55.0,0.79,50.0,0.99,27.57,,,0.1,0.1,614.888309,1776194097000
1776194100.034,300.034,,,,,0.01,8.46,0.11,5.0,0.99,8.46,0.89,5.0,,,,,,,614.883953,1776194098000
1776194100.523,300.523,,,,,0.01,8.46,0.11,5.0,0.99,8.46,0.89,5.0,,,,,,,614.881208,1776194099000
1776194101.144,301.144,,,,,0.01,8.46,0.11,5.0,0.99,8.46,0.89,5.0,,,,,,,614.881208,1776194100000

# RESULT,winner=Down,slug=bnb-updown-5m-1776193800,ticks=309
