timestamp,elapsed_sec,up_bid_p1,up_bid_s1,up_bid_p2,up_bid_s2,up_ask_p1,up_ask_s1,up_ask_p2,up_ask_s2,down_bid_p1,down_bid_s1,down_bid_p2,down_bid_s2,down_ask_p1,down_ask_s1,down_ask_p2,down_ask_s2,up_spread,down_spread,bnb_price,bnb_oracle_ts
1776216611.305,11.305,,,,,,,,,,,,,,,,,,,616.992291,1776216610000
1776216611.729,11.729,0.59,5.0,0.57,5.0,0.67,10.0,0.68,10.0,0.34,10.0,0.32,5.0,0.41,5.0,0.46,5.0,0.08,0.07,616.992291,1776216610000
1776216612.52,12.52,0.59,5.0,0.57,5.0,0.67,10.0,0.68,10.0,0.33,10.0,0.32,10.0,0.41,5.0,0.43,5.0,0.08,0.08,616.966202,1776216611000
1776216613.178,13.178,0.59,5.0,0.57,5.0,0.67,10.0,0.68,10.0,0.33,10.0,0.32,10.0,0.41,5.0,0.43,5.0,0.08,0.08,616.966655,1776216612000
1776216614.94,14.94,0.59,5.0,0.57,5.0,0.67,10.0,0.68,10.0,0.33,10.0,0.32,10.0,0.41,5.0,0.43,5.0,0.08,0.08,616.985122,1776216613000
1776216615.696,15.696,0.59,5.0,0.57,5.0,0.67,10.0,0.68,10.0,0.33,10.0,0.32,10.0,0.41,5.0,0.43,5.0,0.08,0.08,616.985122,1776216614000
1776216616.334,16.334,0.59,5.0,0.57,5.0,0.67,10.0,0.68,10.0,0.33,10.0,0.32,10.0,0.41,5.0,0.43,5.0,0.08,0.08,616.984956,1776216615000
1776216617.09,17.09,0.59,5.0,0.57,5.0,0.67,10.0,0.68,10.0,0.33,10.0,0.32,10.0,0.41,5.0,0.43,5.0,0.08,0.08,616.98494,1776216616000
1776216617.299,17.299,0.61,16.0,0.6,5.0,0.67,5.0,0.68,5.0,0.33,10.0,0.32,10.0,0.41,5.0,0.43,5.0,0.06,0.08,616.98494,1776216616000
1776216618.395,18.395,0.61,16.0,0.6,5.0,0.67,5.0,0.68,5.0,0.33,5.0,0.32,5.0,0.39,16.0,0.4,5.0,0.06,0.06,616.985068,1776216617000
1776216619.14,19.14,0.61,16.0,0.6,5.0,0.67,5.0,0.68,5.0,0.33,5.0,0.32,5.0,0.39,16.0,0.4,5.0,0.06,0.06,616.984028,1776216618000
1776216620.671,20.671,0.61,16.0,0.6,5.0,0.67,5.0,0.68,5.0,0.33,5.0,0.32,5.0,0.39,16.0,0.4,5.0,0.06,0.06,616.987159,1776216619000
1776216621.269,21.269,0.61,16.0,0.6,5.0,0.67,5.0,0.68,5.0,0.33,5.0,0.32,5.0,0.39,16.0,0.4,5.0,0.06,0.06,616.987159,1776216620000
1776216622.72,22.72,0.61,16.0,0.6,5.0,0.67,5.0,0.68,5.0,0.33,5.0,0.32,5.0,0.39,16.0,0.4,5.0,0.06,0.06,616.987933,1776216621000
1776216623.422,23.422,0.61,16.0,0.6,5.0,0.67,5.0,0.68,5.0,0.33,5.0,0.32,5.0,0.39,16.0,0.4,5.0,0.06,0.06,616.990016,1776216622000
1776216624.571,24.571,0.61,16.0,0.6,5.0,0.67,5.0,0.68,5.0,0.33,5.0,0.32,5.0,0.39,16.0,0.4,5.0,0.06,0.06,616.989666,1776216623000
1776216625.233,25.233,0.61,16.0,0.6,5.0,0.67,5.0,0.68,5.0,0.33,5.0,0.32,5.0,0.39,16.0,0.4,5.0,0.06,0.06,616.985509,1776216624000
1776216626.333,26.333,0.61,16.0,0.6,5.0,0.67,5.0,0.68,5.0,0.33,5.0,0.32,5.0,0.39,16.0,0.4,5.0,0.06,0.06,616.98383,1776216625000
1776216627.255,27.255,0.61,16.0,0.6,5.0,0.67,5.0,0.68,5.0,0.33,5.0,0.32,5.0,0.39,16.0,0.4,5.0,0.06,0.06,616.98383,1776216626000
1776216628.432,28.432,0.61,16.0,0.6,5.0,0.67,5.0,0.68,5.0,0.33,5.0,0.32,5.0,0.39,16.0,0.4,5.0,0.06,0.06,616.983602,1776216627000
1776216628.977,28.977,0.61,16.0,0.6,5.0,0.67,5.0,0.68,5.0,0.33,5.0,0.32,5.0,0.39,16.0,0.4,5.0,0.06,0.06,616.983672,1776216628000
1776216630.114,30.114,0.61,16.0,0.6,5.0,0.67,5.0,0.68,5.0,0.33,5.0,0.32,5.0,0.39,16.0,0.4,5.0,0.06,0.06,616.980699,1776216629000
1776216631.321,31.321,0.61,16.0,0.6,5.0,0.67,5.0,0.68,5.0,0.33,5.0,0.32,5.0,0.39,16.0,0.4,5.0,0.06,0.06,616.973872,1776216630000
1776216632.565,32.565,0.61,16.0,0.6,5.0,0.67,5.0,0.68,5.0,0.33,5.0,0.32,5.0,0.39,16.0,0.4,5.0,0.06,0.06,616.970906,1776216631000
1776216633.571,33.571,0.61,16.0,0.6,5.0,0.67,5.0,0.68,5.0,0.33,5.0,0.32,5.0,0.39,16.0,0.4,5.0,0.06,0.06,616.925355,1776216632000
1776216634.161,34.161,0.61,16.0,0.6,5.0,0.67,5.0,0.68,5.0,0.33,5.0,0.32,5.0,0.39,16.0,0.4,5.0,0.06,0.06,616.925369,1776216633000
1776216635.525,35.525,0.61,16.0,0.6,5.0,0.67,5.0,0.68,5.0,0.33,5.0,0.32,5.0,0.39,16.0,0.4,5.0,0.06,0.06,616.925676,1776216634000
1776216636.288,36.288,0.61,16.0,0.6,5.0,0.67,5.0,0.68,5.0,0.33,5.0,0.32,5.0,0.39,16.0,0.4,5.0,0.06,0.06,616.922861,1776216635000
1776216637.522,37.522,0.61,16.0,0.6,5.0,0.67,5.0,0.68,5.0,0.33,5.0,0.32,5.0,0.39,16.0,0.4,5.0,0.06,0.06,616.916183,1776216636000
1776216638.188,38.188,0.61,16.0,0.6,5.0,0.67,5.0,0.68,5.0,0.33,5.0,0.32,5.0,0.39,16.0,0.4,5.0,0.06,0.06,616.916112,1776216637000
1776216639.396,39.396,0.61,16.0,0.6,5.0,0.67,5.0,0.68,5.0,0.33,5.0,0.32,5.0,0.39,16.0,0.4,5.0,0.06,0.06,616.916414,1776216638000
1776216639.986,39.986,0.61,16.0,0.6,5.0,0.67,5.0,0.68,5.0,0.33,5.0,0.32,5.0,0.39,16.0,0.4,5.0,0.06,0.06,616.913534,1776216639000
1776216640.954,40.954,0.61,16.0,0.6,5.0,0.67,5.0,0.68,5.0,0.33,5.0,0.32,5.0,0.39,16.0,0.4,5.0,0.06,0.06,616.916707,1776216640000
1776216641.954,41.954,0.61,16.0,0.6,5.0,0.67,5.0,0.68,5.0,0.33,5.0,0.32,5.0,0.39,16.0,0.4,5.0,0.06,0.06,616.917054,1776216641000
1776216643.036,43.036,0.61,16.0,0.6,5.0,0.67,5.0,0.68,5.0,0.33,5.0,0.32,5.0,0.39,16.0,0.4,5.0,0.06,0.06,616.917013,1776216642000
1776216644.076,44.076,0.61,16.0,0.6,5.0,0.67,5.0,0.68,5.0,0.33,5.0,0.32,5.0,0.39,16.0,0.4,5.0,0.06,0.06,616.917061,1776216643000
1776216645.05,45.05,0.61,16.0,0.6,5.0,0.67,5.0,0.68,5.0,0.33,5.0,0.32,5.0,0.39,16.0,0.4,5.0,0.06,0.06,616.914764,1776216644000
1776216646.089,46.089,0.61,16.0,0.6,5.0,0.67,5.0,0.68,5.0,0.33,5.0,0.32,5.0,0.39,16.0,0.4,5.0,0.06,0.06,616.914702,1776216645000
1776216647.149,47.149,0.61,16.0,0.6,5.0,0.67,5.0,0.68,5.0,0.33,5.0,0.32,5.0,0.39,16.0,0.4,5.0,0.06,0.06,616.914702,1776216646000
1776216648.136,48.136,0.61,16.0,0.6,5.0,0.67,5.0,0.68,5.0,0.33,5.0,0.32,5.0,0.39,16.0,0.4,5.0,0.06,0.06,616.915777,1776216647000
1776216648.398,48.398,0.51,10.0,0.41,5.0,0.53,5.0,0.56,5.0,0.33,5.0,0.32,5.0,0.39,16.0,0.4,5.0,0.02,0.06,616.915777,1776216647000
1776216648.856,48.856,0.51,2.26,0.41,5.0,0.53,10.0,0.54,5.0,0.47,5.0,0.46,5.0,0.49,5.0,0.59,5.0,0.02,0.02,616.915777,1776216647000
1776216649.231,49.231,0.41,5.0,0.4,5.0,0.53,10.0,0.54,5.0,0.47,10.0,0.46,5.0,0.59,5.0,0.6,5.0,0.12,0.12,616.919821,1776216648000
1776216650.369,50.369,0.41,5.0,0.4,5.0,0.53,10.0,0.54,5.0,0.47,10.0,0.46,5.0,0.59,5.0,0.6,5.0,0.12,0.12,616.847094,1776216649000
1776216650.946,50.946,0.41,5.0,0.4,5.0,0.53,10.0,0.54,5.0,0.47,10.0,0.46,5.0,0.59,5.0,0.6,5.0,0.12,0.12,616.798,1776216650000
1776216651.934,51.934,0.41,5.0,0.4,5.0,0.53,10.0,0.54,5.0,0.47,10.0,0.46,5.0,0.59,5.0,0.6,5.0,0.12,0.12,616.839,1776216651000
1776216652.931,52.931,0.41,5.0,0.4,5.0,0.53,10.0,0.54,5.0,0.47,10.0,0.46,5.0,0.59,5.0,0.6,5.0,0.12,0.12,616.816,1776216652000
1776216654.7,54.7,0.41,5.0,0.4,5.0,0.53,10.0,0.54,5.0,0.47,10.0,0.46,5.0,0.59,5.0,0.6,5.0,0.12,0.12,616.816,1776216653000
1776216655.298,55.298,0.41,5.0,0.4,5.0,0.53,10.0,0.54,5.0,0.47,10.0,0.46,5.0,0.59,5.0,0.6,5.0,0.12,0.12,616.809,1776216654000
1776216655.994,55.994,0.41,5.0,0.4,5.0,0.53,10.0,0.54,5.0,0.47,10.0,0.46,5.0,0.59,5.0,0.6,5.0,0.12,0.12,616.809,1776216655000
1776216657.174,57.174,0.41,5.0,0.4,5.0,0.53,10.0,0.54,5.0,0.47,10.0,0.46,5.0,0.59,5.0,0.6,5.0,0.12,0.12,616.802,1776216656000
1776216658.288,58.288,0.41,5.0,0.4,5.0,0.53,10.0,0.54,5.0,0.47,10.0,0.46,5.0,0.59,5.0,0.6,5.0,0.12,0.12,616.751101,1776216657000
1776216659.477,59.477,0.41,5.0,0.4,5.0,0.53,10.0,0.54,5.0,0.47,10.0,0.46,5.0,0.59,5.0,0.6,5.0,0.12,0.12,616.747585,1776216658000
1776216660.037,60.037,0.41,5.0,0.4,5.0,0.53,10.0,0.54,5.0,0.47,10.0,0.46,5.0,0.59,5.0,0.6,5.0,0.12,0.12,616.747585,1776216659000
1776216661.304,61.304,0.41,5.0,0.4,5.0,0.53,10.0,0.54,5.0,0.47,10.0,0.46,5.0,0.59,5.0,0.6,5.0,0.12,0.12,616.741492,1776216660000
1776216662.041,62.041,0.41,5.0,0.4,5.0,0.53,10.0,0.54,5.0,0.47,10.0,0.46,5.0,0.59,5.0,0.6,5.0,0.12,0.12,616.737636,1776216661000
1776216663.211,63.211,0.41,5.0,0.4,5.0,0.53,10.0,0.54,5.0,0.47,10.0,0.46,5.0,0.59,5.0,0.6,5.0,0.12,0.12,616.726349,1776216662000
1776216664.304,64.304,0.41,5.0,0.4,5.0,0.53,10.0,0.54,5.0,0.47,10.0,0.46,5.0,0.59,5.0,0.6,5.0,0.12,0.12,616.757,1776216663000
1776216672.617,72.617,0.41,5.0,0.4,5.0,0.53,10.0,0.54,5.0,0.47,10.0,0.46,5.0,0.59,5.0,0.6,5.0,0.12,0.12,616.70603,1776216671000
1776216673.069,73.069,0.41,5.0,0.4,5.0,0.53,10.0,0.54,5.0,0.47,10.0,0.46,5.0,0.59,5.0,0.6,5.0,0.12,0.12,616.684,1776216672000
1776216674.469,74.469,0.41,5.0,0.4,5.0,0.53,10.0,0.54,5.0,0.47,10.0,0.46,5.0,0.59,5.0,0.6,5.0,0.12,0.12,616.659603,1776216673000
1776216675.199,75.199,0.41,5.0,0.4,5.0,0.53,10.0,0.54,5.0,0.47,10.0,0.46,5.0,0.59,5.0,0.6,5.0,0.12,0.12,616.671,1776216674000
1776216676.507,76.507,0.41,5.0,0.4,5.0,0.53,10.0,0.54,5.0,0.47,10.0,0.46,5.0,0.59,5.0,0.6,5.0,0.12,0.12,616.671,1776216675000
1776216677.258,77.258,0.41,5.0,0.4,5.0,0.53,10.0,0.54,5.0,0.47,10.0,0.46,5.0,0.59,5.0,0.6,5.0,0.12,0.12,616.675,1776216676000
1776216678.506,78.506,0.41,5.0,0.4,5.0,0.53,10.0,0.54,5.0,0.47,10.0,0.46,5.0,0.59,5.0,0.6,5.0,0.12,0.12,616.675633,1776216677000
1776216679.304,79.304,0.41,5.0,0.4,5.0,0.53,10.0,0.54,5.0,0.47,10.0,0.46,5.0,0.59,5.0,0.6,5.0,0.12,0.12,616.675919,1776216678000
1776216680.736,80.736,0.41,5.0,0.4,5.0,0.53,10.0,0.54,5.0,0.47,10.0,0.46,5.0,0.59,5.0,0.6,5.0,0.12,0.12,616.677276,1776216679000
1776216681.443,81.443,0.41,5.0,0.4,5.0,0.53,10.0,0.54,5.0,0.47,10.0,0.46,5.0,0.59,5.0,0.6,5.0,0.12,0.12,616.69,1776216680000
1776216682.207,82.207,0.41,5.0,0.4,5.0,0.53,10.0,0.54,5.0,0.47,10.0,0.46,5.0,0.59,5.0,0.6,5.0,0.12,0.12,616.696,1776216681000
1776216683.604,83.604,0.41,5.0,0.4,5.0,0.53,10.0,0.54,5.0,0.47,10.0,0.46,5.0,0.59,5.0,0.6,5.0,0.12,0.12,616.69,1776216682000
1776216684.298,84.298,0.41,5.0,0.4,5.0,0.53,10.0,0.54,5.0,0.47,10.0,0.46,5.0,0.59,5.0,0.6,5.0,0.12,0.12,616.694,1776216683000
1776216685.186,85.186,0.41,5.0,0.4,5.0,0.53,10.0,0.54,5.0,0.47,10.0,0.46,5.0,0.59,5.0,0.6,5.0,0.12,0.12,616.694,1776216684000
1776216686.545,86.545,0.41,5.0,0.4,5.0,0.53,10.0,0.54,5.0,0.47,10.0,0.46,5.0,0.59,5.0,0.6,5.0,0.12,0.12,616.748,1776216685000
1776216687.344,87.344,0.41,5.0,0.4,5.0,0.53,10.0,0.54,5.0,0.47,10.0,0.46,5.0,0.59,5.0,0.6,5.0,0.12,0.12,616.759632,1776216686000
1776216688.221,88.221,0.41,5.0,0.4,5.0,0.53,10.0,0.54,5.0,0.47,10.0,0.46,5.0,0.59,5.0,0.6,5.0,0.12,0.12,616.764,1776216687000
1776216689.405,89.405,0.41,5.0,0.4,5.0,0.53,10.0,0.54,5.0,0.47,10.0,0.46,5.0,0.59,5.0,0.6,5.0,0.12,0.12,616.772,1776216688000
1776216689.878,89.878,0.41,5.0,0.4,5.0,0.53,10.0,0.54,5.0,0.47,10.0,0.46,5.0,0.59,5.0,0.6,5.0,0.12,0.12,616.772,1776216689000
1776216690.97,90.97,0.41,5.0,0.4,5.0,0.53,10.0,0.54,5.0,0.47,10.0,0.46,5.0,0.59,5.0,0.6,5.0,0.12,0.12,616.772,1776216690000
1776216691.995,91.995,0.51,12.0,0.5,23.38,0.53,5.0,0.54,5.0,0.48,5.0,0.47,10.0,0.58,37.0,0.59,60.0,0.02,0.1,616.772,1776216690000
1776216692.397,92.397,0.52,10.0,0.5,23.38,0.53,10.9,0.54,5.0,0.47,5.0,0.46,5.0,0.49,12.0,0.5,23.38,0.01,0.02,616.76777,1776216691000
1776216693.222,93.222,0.52,10.0,0.5,23.38,0.53,10.9,0.54,5.0,0.47,10.9,0.46,5.0,0.48,10.0,0.5,23.38,0.01,0.01,616.774,1776216692000
1776216694.333,94.333,0.52,10.0,0.5,23.38,0.53,10.9,0.54,5.0,0.47,10.9,0.46,5.0,0.48,10.0,0.5,23.38,0.01,0.01,616.83857,1776216693000
1776216695.358,95.358,0.52,10.0,0.5,23.38,0.53,10.9,0.54,5.0,0.47,10.9,0.46,5.0,0.48,10.0,0.5,23.38,0.01,0.01,616.84863,1776216694000
1776216695.982,95.982,0.52,10.0,0.5,23.38,0.53,10.9,0.54,5.0,0.47,10.9,0.46,5.0,0.48,10.0,0.5,23.38,0.01,0.01,616.84398,1776216695000
1776216697.07,97.07,0.52,10.0,0.5,23.38,0.53,10.9,0.54,5.0,0.47,10.9,0.46,5.0,0.48,10.0,0.5,23.38,0.01,0.01,616.84582,1776216696000
1776216698.177,98.177,0.52,10.0,0.5,23.38,0.53,10.9,0.54,5.0,0.47,10.9,0.46,5.0,0.48,10.0,0.5,23.38,0.01,0.01,616.897,1776216697000
1776216699.319,99.319,0.52,10.0,0.5,23.38,0.53,10.9,0.54,5.0,0.47,10.9,0.46,5.0,0.48,10.0,0.5,23.38,0.01,0.01,616.842,1776216698000
1776216700.393,100.393,0.52,10.0,0.5,23.38,0.53,10.9,0.54,5.0,0.47,10.9,0.46,5.0,0.48,10.0,0.5,23.38,0.01,0.01,616.851,1776216699000
1776216700.898,100.898,0.52,10.0,0.5,23.38,0.53,10.9,0.54,5.0,0.47,10.9,0.46,5.0,0.48,10.0,0.5,23.38,0.01,0.01,616.849,1776216700000
1776216702.569,102.569,0.52,10.0,0.5,23.38,0.53,10.9,0.54,5.0,0.47,10.9,0.46,5.0,0.48,10.0,0.5,23.38,0.01,0.01,616.855,1776216701000
1776216703.129,103.129,0.52,10.0,0.5,23.38,0.53,10.9,0.54,5.0,0.47,10.9,0.46,5.0,0.48,10.0,0.5,23.38,0.01,0.01,616.855,1776216702000
1776216704.131,104.131,0.52,10.0,0.5,23.38,0.53,10.9,0.54,5.0,0.47,10.9,0.46,5.0,0.48,10.0,0.5,23.38,0.01,0.01,616.832,1776216703000
1776216705.274,105.274,0.52,10.0,0.5,23.38,0.53,10.9,0.54,5.0,0.47,10.9,0.46,5.0,0.48,10.0,0.5,23.38,0.01,0.01,616.832,1776216704000
1776216706.302,106.302,0.52,10.0,0.5,23.38,0.53,10.9,0.54,5.0,0.47,10.9,0.46,5.0,0.48,10.0,0.5,23.38,0.01,0.01,616.834,1776216705000
1776216707.378,107.378,0.52,10.0,0.5,23.38,0.53,10.9,0.54,5.0,0.47,10.9,0.46,5.0,0.48,10.0,0.5,23.38,0.01,0.01,616.834,1776216706000
1776216707.911,107.911,0.52,10.0,0.5,23.38,0.53,10.9,0.54,5.0,0.47,10.9,0.46,5.0,0.48,10.0,0.5,23.38,0.01,0.01,616.83,1776216707000
1776216708.971,108.971,0.52,10.0,0.5,23.38,0.53,10.9,0.54,5.0,0.47,10.9,0.46,5.0,0.48,10.0,0.5,23.38,0.01,0.01,616.831,1776216708000
1776216709.95,109.95,0.52,10.0,0.5,23.38,0.53,10.9,0.54,5.0,0.47,10.9,0.46,5.0,0.48,10.0,0.5,23.38,0.01,0.01,616.831,1776216709000
1776216711.026,111.026,0.52,10.0,0.5,23.38,0.53,10.9,0.54,5.0,0.47,10.9,0.46,5.0,0.48,10.0,0.5,23.38,0.01,0.01,616.833,1776216710000
1776216712.056,112.056,0.52,10.0,0.5,23.38,0.53,10.9,0.54,5.0,0.47,10.9,0.46,5.0,0.48,10.0,0.5,23.38,0.01,0.01,616.834,1776216711000
1776216713.28,113.28,0.52,10.0,0.5,23.38,0.53,10.9,0.54,5.0,0.47,10.9,0.46,5.0,0.48,10.0,0.5,23.38,0.01,0.01,616.838,1776216712000
1776216714.363,114.363,0.52,10.0,0.5,23.38,0.53,10.9,0.54,5.0,0.47,10.9,0.46,5.0,0.48,10.0,0.5,23.38,0.01,0.01,616.846,1776216713000
1776216714.831,114.831,0.52,10.0,0.5,23.38,0.53,10.9,0.54,5.0,0.47,10.9,0.46,5.0,0.48,10.0,0.5,23.38,0.01,0.01,616.846,1776216714000
1776216716.485,116.485,0.52,10.0,0.5,23.38,0.53,10.9,0.54,5.0,0.47,10.9,0.46,5.0,0.48,10.0,0.5,23.38,0.01,0.01,616.838,1776216715000
1776216717.061,117.061,0.52,10.0,0.5,23.38,0.53,10.9,0.54,5.0,0.47,10.9,0.46,5.0,0.48,10.0,0.5,23.38,0.01,0.01,616.833896,1776216716000
1776216718.139,118.139,0.52,10.0,0.5,23.38,0.53,10.9,0.54,5.0,0.47,10.9,0.46,5.0,0.48,10.0,0.5,23.38,0.01,0.01,616.839,1776216717000
1776216719.178,119.178,0.52,10.0,0.5,23.38,0.53,10.9,0.54,5.0,0.47,10.9,0.46,5.0,0.48,10.0,0.5,23.38,0.01,0.01,616.844,1776216718000
1776216720.276,120.276,0.52,10.0,0.5,23.38,0.53,10.9,0.54,5.0,0.47,10.9,0.46,5.0,0.48,10.0,0.5,23.38,0.01,0.01,616.861,1776216719000
1776216721.296,121.296,0.52,10.0,0.5,23.38,0.53,10.9,0.54,5.0,0.47,10.9,0.46,5.0,0.48,10.0,0.5,23.38,0.01,0.01,616.868,1776216720000
1776216722.445,122.445,0.52,10.0,0.5,23.38,0.53,10.9,0.54,5.0,0.47,10.9,0.46,5.0,0.48,10.0,0.5,23.38,0.01,0.01,616.869,1776216721000
1776216723.025,123.025,0.52,10.0,0.5,23.38,0.53,10.9,0.54,5.0,0.47,10.9,0.46,5.0,0.48,10.0,0.5,23.38,0.01,0.01,616.876,1776216722000
1776216724.134,124.134,0.52,10.0,0.5,23.38,0.53,10.9,0.54,5.0,0.47,10.9,0.46,5.0,0.48,10.0,0.5,23.38,0.01,0.01,616.877,1776216723000
1776216725.125,125.125,0.52,10.0,0.5,23.38,0.53,10.9,0.54,5.0,0.47,10.9,0.46,5.0,0.48,10.0,0.5,23.38,0.01,0.01,616.859,1776216724000
1776216726.131,126.131,0.52,10.0,0.5,23.38,0.53,10.9,0.54,5.0,0.47,10.9,0.46,5.0,0.48,10.0,0.5,23.38,0.01,0.01,616.859,1776216725000
1776216727.209,127.209,0.52,10.0,0.5,23.38,0.53,10.9,0.54,5.0,0.47,10.9,0.46,5.0,0.48,10.0,0.5,23.38,0.01,0.01,616.845,1776216726000
1776216728.25,128.25,0.52,10.0,0.5,23.38,0.53,10.9,0.54,5.0,0.47,10.9,0.46,5.0,0.48,10.0,0.5,23.38,0.01,0.01,616.843,1776216727000
1776216729.262,129.262,0.52,10.0,0.5,23.38,0.53,10.9,0.54,5.0,0.47,10.9,0.46,5.0,0.48,10.0,0.5,23.38,0.01,0.01,616.842,1776216728000
1776216730.447,130.447,0.52,10.0,0.5,23.38,0.53,10.9,0.54,5.0,0.47,10.9,0.46,5.0,0.48,10.0,0.5,23.38,0.01,0.01,616.843,1776216729000
1776216731.076,131.076,0.52,10.0,0.5,23.38,0.53,10.9,0.54,5.0,0.47,10.9,0.46,5.0,0.48,10.0,0.5,23.38,0.01,0.01,616.843,1776216730000
1776216732.358,132.358,0.52,10.0,0.5,23.38,0.53,10.9,0.54,5.0,0.47,10.9,0.46,5.0,0.48,10.0,0.5,23.38,0.01,0.01,616.846,1776216731000
1776216733.005,133.005,0.52,10.0,0.5,23.38,0.53,10.9,0.54,5.0,0.47,10.9,0.46,5.0,0.48,10.0,0.5,23.38,0.01,0.01,616.828,1776216732000
1776216734.19,134.19,0.52,10.0,0.5,23.38,0.53,10.9,0.54,5.0,0.47,10.9,0.46,5.0,0.48,10.0,0.5,23.38,0.01,0.01,616.828,1776216733000
1776216735.355,135.355,0.52,10.0,0.5,23.38,0.53,10.9,0.54,5.0,0.47,10.9,0.46,5.0,0.48,10.0,0.5,23.38,0.01,0.01,616.833,1776216734000
1776216735.862,135.862,0.52,10.0,0.5,23.38,0.53,10.9,0.54,5.0,0.47,10.9,0.46,5.0,0.48,10.0,0.5,23.38,0.01,0.01,616.833,1776216735000
1776216737.039,137.039,0.52,10.0,0.5,23.38,0.53,10.9,0.54,5.0,0.47,10.9,0.46,5.0,0.48,10.0,0.5,23.38,0.01,0.01,616.821,1776216736000
1776216738.154,138.154,0.52,10.0,0.5,23.38,0.53,10.9,0.54,5.0,0.47,10.9,0.46,5.0,0.48,10.0,0.5,23.38,0.01,0.01,616.829,1776216737000
1776216739.287,139.287,0.52,10.0,0.5,23.38,0.53,10.9,0.54,5.0,0.47,10.9,0.46,5.0,0.48,10.0,0.5,23.38,0.01,0.01,616.849,1776216738000
1776216739.865,139.865,0.52,10.0,0.5,23.38,0.53,10.9,0.54,5.0,0.47,10.9,0.46,5.0,0.48,10.0,0.5,23.38,0.01,0.01,616.849,1776216739000
1776216740.923,140.923,0.52,10.0,0.5,23.38,0.53,10.9,0.54,5.0,0.47,10.9,0.46,5.0,0.48,10.0,0.5,23.38,0.01,0.01,616.879,1776216740000
1776216741.999,141.999,0.52,10.0,0.5,23.38,0.53,10.9,0.54,5.0,0.47,10.9,0.46,5.0,0.48,10.0,0.5,23.38,0.01,0.01,616.9,1776216741000
1776216743.113,143.113,0.52,10.0,0.5,23.38,0.53,10.9,0.54,5.0,0.47,10.9,0.46,5.0,0.48,10.0,0.5,23.38,0.01,0.01,616.892,1776216742000
1776216744.253,144.253,0.52,10.0,0.5,23.38,0.53,10.9,0.54,5.0,0.47,10.9,0.46,5.0,0.48,10.0,0.5,23.38,0.01,0.01,616.893,1776216743000
1776216745.351,145.351,0.52,10.0,0.5,23.38,0.53,10.9,0.54,5.0,0.47,10.9,0.46,5.0,0.48,10.0,0.5,23.38,0.01,0.01,616.89,1776216744000
1776216746.096,146.096,0.52,10.0,0.5,23.38,0.53,10.9,0.54,5.0,0.47,10.9,0.46,5.0,0.48,10.0,0.5,23.38,0.01,0.01,616.89,1776216745000
1776216747.653,147.653,0.52,10.0,0.5,23.38,0.53,10.9,0.54,5.0,0.47,10.9,0.46,5.0,0.48,10.0,0.5,23.38,0.01,0.01,616.89,1776216746000
1776216748.186,148.186,0.52,10.0,0.5,23.38,0.53,10.9,0.54,5.0,0.47,10.9,0.46,5.0,0.48,10.0,0.5,23.38,0.01,0.01,616.893,1776216747000
1776216749.332,149.332,0.52,10.0,0.5,23.38,0.53,10.9,0.54,5.0,0.47,10.9,0.46,5.0,0.48,10.0,0.5,23.38,0.01,0.01,616.893,1776216748000
1776216749.999,149.999,0.52,10.0,0.5,23.38,0.53,10.9,0.54,5.0,0.47,10.9,0.46,5.0,0.48,10.0,0.5,23.38,0.01,0.01,616.895,1776216749000
1776216751.161,151.161,0.52,10.0,0.5,23.38,0.53,10.9,0.54,5.0,0.47,10.9,0.46,5.0,0.48,10.0,0.5,23.38,0.01,0.01,616.901076,1776216750000
1776216752.338,152.338,0.52,10.0,0.5,23.38,0.53,10.9,0.54,5.0,0.47,10.9,0.46,5.0,0.48,10.0,0.5,23.38,0.01,0.01,616.895289,1776216751000
1776216752.853,152.853,0.52,10.0,0.5,23.38,0.53,10.9,0.54,5.0,0.47,10.9,0.46,5.0,0.48,10.0,0.5,23.38,0.01,0.01,616.888578,1776216752000
1776216753.964,153.964,0.52,10.0,0.5,23.38,0.53,10.9,0.54,5.0,0.47,10.9,0.46,5.0,0.48,10.0,0.5,23.38,0.01,0.01,616.891,1776216753000
1776216755.046,155.046,0.52,10.0,0.5,23.38,0.53,10.9,0.54,5.0,0.47,10.9,0.46,5.0,0.48,10.0,0.5,23.38,0.01,0.01,616.89,1776216754000
1776216756.229,156.229,0.52,10.0,0.5,23.38,0.53,10.9,0.54,5.0,0.47,10.9,0.46,5.0,0.48,10.0,0.5,23.38,0.01,0.01,616.892,1776216755000
1776216757.392,157.392,0.52,10.0,0.5,23.38,0.53,10.9,0.54,5.0,0.47,10.9,0.46,5.0,0.48,10.0,0.5,23.38,0.01,0.01,616.899,1776216756000
1776216757.894,157.894,0.52,10.0,0.5,23.38,0.53,10.9,0.54,5.0,0.47,10.9,0.46,5.0,0.48,10.0,0.5,23.38,0.01,0.01,616.899,1776216757000
1776216759.019,159.019,0.52,10.0,0.5,23.38,0.53,10.9,0.54,5.0,0.47,10.9,0.46,5.0,0.48,10.0,0.5,23.38,0.01,0.01,616.901,1776216758000
1776216760.712,160.712,0.52,10.0,0.5,23.38,0.53,10.9,0.54,5.0,0.47,10.9,0.46,5.0,0.48,10.0,0.5,23.38,0.01,0.01,616.903,1776216759000
1776216761.333,161.333,0.52,10.0,0.5,23.38,0.53,10.9,0.54,5.0,0.47,10.9,0.46,5.0,0.48,10.0,0.5,23.38,0.01,0.01,616.903,1776216760000
1776216761.847,161.847,0.52,10.0,0.5,23.38,0.53,10.9,0.54,5.0,0.47,10.9,0.46,5.0,0.48,10.0,0.5,23.38,0.01,0.01,616.901,1776216761000
1776216763.612,163.612,0.52,10.0,0.5,23.38,0.53,10.9,0.54,5.0,0.47,10.9,0.46,5.0,0.48,10.0,0.5,23.38,0.01,0.01,616.914,1776216762000
1776216764.011,164.011,0.52,10.0,0.5,23.38,0.53,10.9,0.54,5.0,0.47,10.9,0.46,5.0,0.48,10.0,0.5,23.38,0.01,0.01,616.903,1776216763000
1776216765.13,165.13,0.52,10.0,0.5,23.38,0.53,10.9,0.54,5.0,0.47,10.9,0.46,5.0,0.48,10.0,0.5,23.38,0.01,0.01,616.923,1776216764000
1776216766.161,166.161,0.52,10.0,0.5,23.38,0.53,10.9,0.54,5.0,0.47,10.9,0.46,5.0,0.48,10.0,0.5,23.38,0.01,0.01,616.922,1776216765000
1776216766.609,166.609,0.61,15.0,0.6,10.8,0.67,5.0,0.68,5.0,0.47,10.9,0.46,5.0,0.48,10.0,0.5,23.38,0.06,0.01,616.922,1776216765000
1776216767.156,167.156,0.61,15.0,0.6,10.8,0.67,5.0,0.68,5.0,0.33,5.0,0.32,5.0,0.39,15.0,0.4,10.8,0.06,0.06,616.922,1776216766000
1776216768.105,168.105,0.61,15.0,0.6,10.8,0.67,5.0,0.68,5.0,0.33,5.0,0.32,5.0,0.39,15.0,0.4,10.8,0.06,0.06,616.931,1776216767000
1776216768.535,168.535,0.61,5.0,0.6,10.0,0.68,5.0,0.7,5.0,0.33,5.0,0.32,5.0,0.39,15.0,0.4,10.8,0.07,0.06,616.931,1776216767000
1776216769.035,169.035,0.61,5.0,0.6,10.0,0.68,5.0,0.7,5.0,0.32,5.0,0.3,5.0,0.39,5.0,0.4,10.0,0.07,0.07,616.931,1776216768000
1776216770.293,170.293,0.61,5.0,0.6,10.0,0.68,5.0,0.7,5.0,0.32,5.0,0.3,5.0,0.39,5.0,0.4,10.0,0.07,0.07,616.924,1776216769000
1776216770.565,170.565,0.62,33.0,0.61,5.0,0.7,5.0,0.79,15.7,0.32,5.0,0.3,5.0,0.39,5.0,0.4,10.0,0.08,0.07,616.924,1776216769000
1776216771.41,171.41,0.62,33.0,0.61,5.0,0.7,5.0,0.79,15.7,0.3,5.0,0.21,15.7,0.38,33.0,0.39,5.0,0.08,0.08,616.926,1776216770000
1776216771.931,171.931,0.62,33.0,0.61,5.0,0.7,5.0,0.79,15.7,0.3,5.0,0.21,15.7,0.38,33.0,0.39,5.0,0.08,0.08,616.930279,1776216771000
1776216772.245,172.245,0.63,21.2,0.62,28.0,0.71,5.0,0.79,15.7,0.3,5.0,0.21,15.7,0.38,33.0,0.39,5.0,0.08,0.08,616.930279,1776216771000
1776216772.996,172.996,0.63,21.2,0.62,28.0,0.71,5.0,0.79,15.7,0.29,5.0,0.21,15.7,0.37,21.2,0.38,28.0,0.08,0.08,616.934,1776216772000
1776216774.629,174.629,0.63,21.2,0.62,28.0,0.71,5.0,0.79,15.7,0.29,5.0,0.21,15.7,0.37,21.2,0.38,28.0,0.08,0.08,616.928,1776216773000
1776216775.141,175.141,0.63,21.2,0.62,28.0,0.71,5.0,0.79,15.7,0.29,5.0,0.21,15.7,0.37,21.2,0.38,28.0,0.08,0.08,616.928,1776216774000
1776216775.476,175.476,0.66,10.0,0.65,11.4,0.71,5.0,0.78,15.2,0.29,5.0,0.21,15.7,0.37,21.2,0.38,28.0,0.05,0.08,616.928,1776216774000
1776216776.125,176.125,0.66,10.0,0.65,11.4,0.71,5.0,0.78,15.2,0.29,5.0,0.22,15.2,0.34,10.0,0.35,11.4,0.05,0.05,616.928,1776216775000
1776216777.085,177.085,0.67,18.0,0.66,21.6,0.77,1.14,0.84,19.3,0.23,1.14,0.16,19.3,0.33,18.0,0.34,21.6,0.1,0.1,616.926,1776216776000
1776216778.088,178.088,0.67,18.0,0.66,21.6,0.77,1.14,0.84,19.3,0.23,1.14,0.16,19.3,0.33,18.0,0.34,21.6,0.1,0.1,616.937503,1776216777000
1776216779.098,179.098,0.67,18.0,0.66,21.6,0.77,1.14,0.84,19.3,0.23,1.14,0.16,19.3,0.33,18.0,0.34,21.6,0.1,0.1,617.04202,1776216778000
1776216780.058,180.058,0.67,18.0,0.66,21.6,0.77,1.14,0.84,19.3,0.23,1.14,0.16,19.3,0.33,18.0,0.34,21.6,0.1,0.1,617.04203,1776216779000
1776216781.066,181.066,0.67,18.0,0.66,21.6,0.77,1.14,0.84,19.3,0.23,1.14,0.16,19.3,0.33,18.0,0.34,21.6,0.1,0.1,617.04116,1776216780000
1776216782.089,182.089,0.67,18.0,0.66,21.6,0.77,1.14,0.84,19.3,0.23,1.14,0.16,19.3,0.33,18.0,0.34,21.6,0.1,0.1,617.04183,1776216781000
1776216783.084,183.084,0.67,18.0,0.66,21.6,0.77,1.14,0.84,19.3,0.23,1.14,0.16,19.3,0.33,18.0,0.34,21.6,0.1,0.1,617.04183,1776216782000
1776216783.716,183.716,0.74,24.0,0.73,13.2,0.83,8.78,0.84,19.3,0.23,1.14,0.16,19.3,0.33,18.0,0.34,21.6,0.09,0.1,617.04183,1776216782000
1776216784.203,184.203,0.74,24.0,0.73,13.2,0.83,8.78,0.84,19.3,0.17,8.78,0.16,19.3,0.26,24.0,0.27,13.2,0.09,0.09,617.0411,1776216783000
1776216785.185,185.185,0.74,24.0,0.73,13.2,0.83,8.78,0.84,19.3,0.17,8.78,0.16,19.3,0.26,24.0,0.27,13.2,0.09,0.09,617.04116,1776216784000
1776216786.172,186.172,0.74,24.0,0.73,13.2,0.83,8.78,0.84,19.3,0.17,8.78,0.16,19.3,0.26,24.0,0.27,13.2,0.09,0.09,617.04189,1776216785000
1776216788.144,188.144,0.74,24.0,0.73,13.2,0.83,8.78,0.84,19.3,0.17,8.78,0.16,19.3,0.26,24.0,0.27,13.2,0.09,0.09,617.04138,1776216786000
1776216788.814,188.814,0.74,24.0,0.73,13.2,0.83,8.78,0.84,19.3,0.17,8.78,0.16,19.3,0.26,24.0,0.27,13.2,0.09,0.09,617.04137,1776216787000
1776216789.469,189.469,0.74,24.0,0.73,13.2,0.83,8.78,0.84,19.3,0.17,8.78,0.16,19.3,0.26,24.0,0.27,13.2,0.09,0.09,617.04119,1776216788000
1776216790.108,190.108,0.74,24.0,0.73,13.2,0.83,8.78,0.84,19.3,0.17,8.78,0.16,19.3,0.26,24.0,0.27,13.2,0.09,0.09,617.0412,1776216789000
1776216791.364,191.364,0.74,24.0,0.73,13.2,0.83,8.78,0.84,19.3,0.17,8.78,0.16,19.3,0.26,24.0,0.27,13.2,0.09,0.09,617.04632,1776216790000
1776216792.07,192.07,0.74,24.0,0.73,13.2,0.83,8.78,0.84,19.3,0.17,8.78,0.16,19.3,0.26,24.0,0.27,13.2,0.09,0.09,617.013,1776216791000
1776216793.432,193.432,0.74,24.0,0.73,13.2,0.83,8.78,0.84,19.3,0.17,8.78,0.16,19.3,0.26,24.0,0.27,13.2,0.09,0.09,617.013172,1776216792000
1776216794.194,194.194,0.74,24.0,0.73,13.2,0.83,8.78,0.84,19.3,0.17,8.78,0.16,19.3,0.26,24.0,0.27,13.2,0.09,0.09,617.011513,1776216793000
1776216795.375,195.375,0.74,24.0,0.73,13.2,0.83,8.78,0.84,19.3,0.17,8.78,0.16,19.3,0.26,24.0,0.27,13.2,0.09,0.09,616.993,1776216794000
1776216795.998,195.998,0.74,24.0,0.73,13.2,0.83,8.78,0.84,19.3,0.17,8.78,0.16,19.3,0.26,24.0,0.27,13.2,0.09,0.09,616.993,1776216795000
1776216797.3,197.3,0.74,24.0,0.73,13.2,0.83,8.78,0.84,19.3,0.17,8.78,0.16,19.3,0.26,24.0,0.27,13.2,0.09,0.09,616.981391,1776216796000
1776216798.539,198.539,0.74,24.0,0.73,13.2,0.83,8.78,0.84,19.3,0.17,8.78,0.16,19.3,0.26,24.0,0.27,13.2,0.09,0.09,616.984,1776216797000
1776216799.228,199.228,0.74,24.0,0.73,13.2,0.83,8.78,0.84,19.3,0.17,8.78,0.16,19.3,0.26,24.0,0.27,13.2,0.09,0.09,616.984,1776216798000
1776216800.73,200.73,0.74,24.0,0.73,13.2,0.83,8.78,0.84,19.3,0.17,8.78,0.16,19.3,0.26,24.0,0.27,13.2,0.09,0.09,617.01,1776216799000
1776216801.25,201.25,0.67,1.0,0.62,5.0,0.71,50.0,0.78,10.0,0.17,8.78,0.16,19.3,0.26,24.0,0.27,13.2,0.04,0.09,617.01,1776216799000
1776216801.511,201.511,0.67,1.0,0.62,5.0,0.71,17.0,0.78,10.0,0.29,50.0,0.22,10.0,0.33,1.0,0.38,5.0,0.04,0.04,617.004557,1776216800000
1776216801.815,201.815,0.67,1.0,0.62,16.0,0.71,7.0,0.78,10.0,0.29,17.0,0.22,10.0,0.33,1.0,0.38,5.0,0.04,0.04,617.004557,1776216800000
1776216802.144,202.144,0.68,19.0,0.67,1.0,0.71,5.59,0.78,10.0,0.29,7.0,0.22,10.0,0.33,1.0,0.38,16.0,0.03,0.04,617.004,1776216801000
1776216803.303,203.303,0.68,19.0,0.67,1.0,0.71,5.59,0.78,10.0,0.29,5.59,0.22,10.0,0.32,19.0,0.33,1.0,0.03,0.03,617.006,1776216802000
1776216803.939,203.939,0.68,19.0,0.67,1.0,0.71,5.59,0.78,10.0,0.29,5.59,0.22,10.0,0.32,19.0,0.33,1.0,0.03,0.03,616.95068,1776216803000
1776216805.337,205.337,0.68,19.0,0.67,1.0,0.71,5.59,0.78,10.0,0.29,5.59,0.22,10.0,0.32,19.0,0.33,1.0,0.03,0.03,616.94053,1776216804000
1776216805.854,205.854,0.68,19.0,0.67,1.0,0.71,5.59,0.78,10.0,0.29,5.59,0.22,10.0,0.32,19.0,0.33,1.0,0.03,0.03,616.940538,1776216805000
1776216806.787,206.787,0.68,19.0,0.67,1.0,0.71,5.59,0.78,10.0,0.29,5.59,0.22,10.0,0.32,19.0,0.33,1.0,0.03,0.03,616.940687,1776216806000
1776216808.31,208.31,0.68,19.0,0.67,1.0,0.71,5.59,0.78,10.0,0.29,5.59,0.22,10.0,0.32,19.0,0.33,1.0,0.03,0.03,616.940996,1776216807000
1776216808.948,208.948,0.61,6.92,0.6,8.33,0.62,33.0,0.7,10.0,0.29,5.59,0.22,10.0,0.32,19.0,0.33,1.0,0.01,0.03,616.940996,1776216807000
1776216809.289,209.289,0.61,6.92,0.6,8.33,0.62,33.0,0.7,10.0,0.38,33.0,0.3,10.0,0.39,6.92,0.4,8.33,0.01,0.01,616.932916,1776216808000
1776216809.736,209.736,0.6,7.65,0.5,23.38,0.62,33.0,0.7,10.0,0.38,33.0,0.3,10.0,0.39,6.92,0.4,8.33,0.02,0.01,616.932916,1776216808000
1776216810.325,210.325,0.5,23.38,0.49,25.58,0.61,50.0,0.62,5.0,0.39,50.0,0.38,5.0,0.5,23.38,0.51,25.58,0.11,0.11,616.819783,1776216809000
1776216810.6,210.6,0.5,17.44,0.49,25.58,0.51,5.0,0.61,92.0,0.39,50.0,0.38,5.0,0.5,23.38,0.51,25.58,0.01,0.11,616.819783,1776216809000
1776216811.011,211.011,0.5,19.26,0.49,25.58,0.51,5.0,0.61,92.0,0.49,5.0,0.39,92.0,0.5,11.5,0.51,25.58,0.01,0.01,616.819783,1776216809000
1776216811.317,211.317,0.5,19.26,0.49,25.58,0.51,5.0,0.61,92.0,0.49,5.0,0.39,92.0,0.5,19.26,0.51,25.58,0.01,0.01,616.806072,1776216810000
1776216811.583,211.583,0.49,25.58,0.31,50.0,0.51,5.0,0.61,92.0,0.49,5.0,0.39,92.0,0.5,19.26,0.51,25.58,0.02,0.01,616.806072,1776216810000
1776216812.312,212.312,0.49,25.58,0.31,50.0,0.51,5.0,0.61,92.0,0.49,5.0,0.39,92.0,0.51,25.58,0.69,50.0,0.02,0.02,616.73506,1776216811000
1776216813.301,213.301,0.49,24.21,0.31,50.0,0.51,5.0,0.61,92.0,0.49,5.0,0.39,92.0,0.51,24.21,0.69,50.0,0.02,0.02,616.748,1776216812000
1776216814.256,214.256,0.31,50.0,0.28,12.9,0.5,7.0,0.51,5.0,0.5,7.0,0.49,5.0,0.69,50.0,0.72,12.9,0.19,0.19,616.76341,1776216813000
1776216815.129,215.129,0.31,50.0,0.28,12.9,0.5,7.0,0.51,5.0,0.5,7.0,0.49,5.0,0.69,50.0,0.72,12.9,0.19,0.19,616.74279,1776216814000
1776216816.087,216.087,0.31,50.0,0.28,12.9,0.5,7.0,0.51,5.0,0.5,7.0,0.49,5.0,0.69,50.0,0.72,12.9,0.19,0.19,616.74527,1776216815000
1776216817.696,217.696,0.31,50.0,0.28,12.9,0.5,7.0,0.51,5.0,0.5,7.0,0.49,5.0,0.69,50.0,0.72,12.9,0.19,0.19,616.74259,1776216816000
1776216818.208,218.208,0.31,50.0,0.28,12.9,0.5,7.0,0.51,5.0,0.5,7.0,0.49,5.0,0.69,50.0,0.72,12.9,0.19,0.19,616.74222,1776216817000
1776216819.355,219.355,0.31,50.0,0.28,12.9,0.5,7.0,0.51,5.0,0.5,7.0,0.49,5.0,0.69,50.0,0.72,12.9,0.19,0.19,616.74206,1776216818000
1776216819.948,219.948,0.31,50.0,0.28,12.9,0.5,7.0,0.51,5.0,0.5,7.0,0.49,5.0,0.69,50.0,0.72,12.9,0.19,0.19,616.76167,1776216819000
1776216821.304,221.304,0.31,50.0,0.28,12.9,0.5,7.0,0.51,5.0,0.5,7.0,0.49,5.0,0.69,50.0,0.72,12.9,0.19,0.19,616.809,1776216820000
1776216822.367,222.367,0.31,50.0,0.28,12.9,0.5,7.0,0.51,5.0,0.5,7.0,0.49,5.0,0.69,50.0,0.72,12.9,0.19,0.19,616.783,1776216821000
1776216822.693,222.693,0.51,18.0,0.42,10.0,0.61,10.0,0.62,26.0,0.5,7.0,0.49,5.0,0.69,50.0,0.72,12.9,0.1,0.19,616.783,1776216821000
1776216822.938,222.938,0.51,18.0,0.42,10.0,0.61,10.0,0.62,26.0,0.39,10.0,0.38,26.0,0.49,18.0,0.58,10.0,0.1,0.1,616.745,1776216822000
1776216823.256,223.256,0.51,18.0,0.49,15.0,0.6,10.0,0.61,10.0,0.39,10.0,0.38,26.0,0.49,18.0,0.58,10.0,0.09,0.1,616.745,1776216822000
1776216823.754,223.754,0.51,15.67,0.49,15.0,0.6,10.0,0.61,10.0,0.4,10.0,0.39,10.0,0.49,18.0,0.51,15.0,0.09,0.09,616.745,1776216822000
1776216824.147,224.147,0.51,15.67,0.49,15.0,0.6,10.0,0.61,10.0,0.4,10.0,0.39,10.0,0.49,15.67,0.51,15.0,0.09,0.09,616.745,1776216823000
1776216824.716,224.716,0.51,15.67,0.49,15.0,0.59,1.96,0.6,10.0,0.4,10.0,0.39,10.0,0.49,15.67,0.51,15.0,0.08,0.09,616.745,1776216823000
1776216825.47,225.47,0.51,15.67,0.49,15.0,0.6,6.97,0.61,10.0,0.4,6.97,0.39,10.0,0.49,15.67,0.51,15.0,0.09,0.09,616.817,1776216824000
1776216825.86,225.86,0.51,15.67,0.49,15.0,0.6,6.97,0.61,10.0,0.4,6.97,0.39,10.0,0.49,15.67,0.51,15.0,0.09,0.09,616.817,1776216825000
1776216827.009,227.009,0.51,15.67,0.49,15.0,0.6,6.97,0.61,10.0,0.4,6.97,0.39,10.0,0.49,15.67,0.51,15.0,0.09,0.09,616.823932,1776216826000
1776216828.198,228.198,0.51,15.67,0.49,15.0,0.6,6.97,0.61,10.0,0.4,6.97,0.39,10.0,0.49,15.67,0.51,15.0,0.09,0.09,616.841081,1776216827000
1776216829.397,229.397,0.51,15.67,0.49,15.0,0.6,6.97,0.61,10.0,0.4,6.97,0.39,10.0,0.49,15.67,0.51,15.0,0.09,0.09,616.851,1776216828000
1776216829.944,229.944,0.51,15.67,0.49,15.0,0.6,6.97,0.61,10.0,0.4,6.97,0.39,10.0,0.49,15.67,0.51,15.0,0.09,0.09,616.848,1776216829000
1776216831.494,231.494,0.51,15.67,0.49,15.0,0.6,6.97,0.61,10.0,0.4,6.97,0.39,10.0,0.49,15.67,0.51,15.0,0.09,0.09,616.858,1776216830000
1776216831.977,231.977,0.51,15.67,0.49,15.0,0.6,6.97,0.61,10.0,0.4,6.97,0.39,10.0,0.49,15.67,0.51,15.0,0.09,0.09,616.858,1776216831000
1776216833.098,233.098,0.51,15.67,0.49,15.0,0.6,6.97,0.61,10.0,0.4,6.97,0.39,10.0,0.49,15.67,0.51,15.0,0.09,0.09,616.849,1776216832000
1776216834.277,234.277,0.51,15.67,0.49,15.0,0.6,6.97,0.61,10.0,0.4,6.97,0.39,10.0,0.49,15.67,0.51,15.0,0.09,0.09,616.849,1776216833000
1776216835.299,235.299,0.51,15.67,0.49,15.0,0.6,6.97,0.61,10.0,0.4,6.97,0.39,10.0,0.49,15.67,0.51,15.0,0.09,0.09,616.843,1776216834000
1776216835.858,235.858,0.51,15.67,0.49,15.0,0.6,6.97,0.61,10.0,0.4,6.97,0.39,10.0,0.49,15.67,0.51,15.0,0.09,0.09,616.843,1776216835000
1776216836.987,236.987,0.51,15.67,0.49,15.0,0.6,6.97,0.61,10.0,0.4,6.97,0.39,10.0,0.49,15.67,0.51,15.0,0.09,0.09,616.844,1776216836000
1776216838.559,238.559,0.51,15.67,0.49,15.0,0.6,6.97,0.61,10.0,0.4,6.97,0.39,10.0,0.49,15.67,0.51,15.0,0.09,0.09,616.849,1776216837000
1776216839.049,239.049,0.51,15.67,0.49,15.0,0.6,6.97,0.61,10.0,0.4,6.97,0.39,10.0,0.49,15.67,0.51,15.0,0.09,0.09,616.848,1776216838000
1776216840.141,240.141,0.51,15.67,0.49,15.0,0.6,6.97,0.61,10.0,0.4,6.97,0.39,10.0,0.49,15.67,0.51,15.0,0.09,0.09,616.827908,1776216839000
1776216840.468,240.468,0.56,2.1,0.55,10.5,0.6,6.97,0.61,60.0,0.4,6.97,0.39,10.0,0.49,15.67,0.51,15.0,0.04,0.09,616.827908,1776216839000
1776216841.277,241.277,0.56,2.1,0.55,10.5,0.6,6.97,0.61,60.0,0.4,6.97,0.39,60.0,0.44,2.1,0.45,10.5,0.04,0.04,616.825457,1776216840000
1776216842.335,242.335,0.56,2.1,0.55,10.5,0.6,6.97,0.61,60.0,0.4,6.97,0.39,60.0,0.44,2.1,0.45,10.5,0.04,0.04,616.825142,1776216841000
1776216842.902,242.902,0.56,2.1,0.55,10.5,0.6,6.97,0.61,60.0,0.4,6.97,0.39,60.0,0.44,2.1,0.45,10.5,0.04,0.04,616.822359,1776216842000
1776216844.087,244.087,0.55,5.95,0.54,10.5,0.6,6.97,0.61,60.0,0.4,6.97,0.39,60.0,0.45,5.95,0.46,10.5,0.05,0.05,616.825859,1776216843000
1776216845.067,245.067,0.55,5.95,0.54,10.5,0.6,6.97,0.61,60.0,0.4,6.97,0.39,60.0,0.45,5.95,0.46,10.5,0.05,0.05,616.827709,1776216844000
1776216846.327,246.327,0.55,5.95,0.54,10.5,0.6,6.97,0.61,60.0,0.4,6.97,0.39,60.0,0.45,5.95,0.46,10.5,0.05,0.05,616.827709,1776216845000
1776216846.855,246.855,0.55,5.95,0.54,10.5,0.6,6.97,0.61,60.0,0.4,6.97,0.39,60.0,0.45,5.95,0.46,10.5,0.05,0.05,616.82696,1776216846000
1776216847.313,247.313,0.54,10.5,0.53,10.4,0.6,2.02,0.61,60.0,0.4,6.97,0.39,60.0,0.45,5.95,0.46,10.5,0.06,0.05,616.82696,1776216846000
1776216848.323,248.323,0.54,10.5,0.53,10.4,0.6,2.02,0.61,60.0,0.4,2.02,0.39,60.0,0.46,10.5,0.47,10.4,0.06,0.06,616.821306,1776216847000
1776216848.797,248.797,0.54,10.5,0.53,10.4,0.6,2.02,0.61,60.0,0.4,2.02,0.39,60.0,0.46,10.5,0.47,10.4,0.06,0.06,616.821306,1776216848000
1776216850.216,250.216,0.54,10.5,0.53,10.4,0.6,2.02,0.61,60.0,0.4,2.02,0.39,60.0,0.46,10.5,0.47,10.4,0.06,0.06,616.820954,1776216849000
1776216851.202,251.202,0.54,10.5,0.53,10.4,0.6,2.02,0.61,60.0,0.4,2.02,0.39,60.0,0.46,10.5,0.47,10.4,0.06,0.06,616.821835,1776216850000
1776216852.197,252.197,0.54,10.5,0.53,10.4,0.6,2.02,0.61,60.0,0.4,2.02,0.39,60.0,0.46,10.5,0.47,10.4,0.06,0.06,616.824364,1776216851000
1776216853.163,253.163,0.54,10.5,0.53,10.4,0.6,2.02,0.61,60.0,0.4,2.02,0.39,60.0,0.46,10.5,0.47,10.4,0.06,0.06,616.824366,1776216852000
1776216854.2,254.2,0.54,10.5,0.53,10.4,0.6,2.02,0.61,60.0,0.4,2.02,0.39,60.0,0.46,10.5,0.47,10.4,0.06,0.06,616.823643,1776216853000
1776216855.286,255.286,0.54,10.5,0.53,10.4,0.6,2.02,0.61,60.0,0.4,2.02,0.39,60.0,0.46,10.5,0.47,10.4,0.06,0.06,616.823749,1776216854000
1776216856.368,256.368,0.54,10.5,0.53,10.4,0.6,2.02,0.61,60.0,0.4,2.02,0.39,60.0,0.46,10.5,0.47,10.4,0.06,0.06,616.82388,1776216855000
1776216856.848,256.848,0.54,10.5,0.53,10.4,0.6,2.02,0.61,60.0,0.4,2.02,0.39,60.0,0.46,10.5,0.47,10.4,0.06,0.06,616.823747,1776216856000
1776216857.876,257.876,0.54,10.5,0.53,10.4,0.6,2.02,0.61,60.0,0.4,2.02,0.39,60.0,0.46,10.5,0.47,10.4,0.06,0.06,616.823622,1776216857000
1776216858.855,258.855,0.54,10.5,0.53,10.4,0.6,2.02,0.61,60.0,0.4,2.02,0.39,60.0,0.46,10.5,0.47,10.4,0.06,0.06,616.823625,1776216858000
1776216859.868,259.868,0.54,10.5,0.53,10.4,0.6,2.02,0.61,60.0,0.4,2.02,0.39,60.0,0.46,10.5,0.47,10.4,0.06,0.06,616.823625,1776216859000
1776216861.382,261.382,0.54,10.5,0.53,10.4,0.6,2.02,0.61,60.0,0.4,2.02,0.39,60.0,0.46,10.5,0.47,10.4,0.06,0.06,616.823733,1776216860000
1776216861.95,261.95,0.54,10.5,0.53,10.4,0.6,2.02,0.61,60.0,0.4,2.02,0.39,60.0,0.46,10.5,0.47,10.4,0.06,0.06,616.823778,1776216861000
1776216863.021,263.021,0.54,10.5,0.53,10.4,0.6,2.02,0.61,60.0,0.4,2.02,0.39,60.0,0.46,10.5,0.47,10.4,0.06,0.06,616.823776,1776216862000
1776216864.036,264.036,0.54,10.5,0.53,10.4,0.6,2.02,0.61,60.0,0.4,2.02,0.39,60.0,0.46,10.5,0.47,10.4,0.06,0.06,616.823609,1776216863000
1776216865.121,265.121,0.54,10.5,0.53,10.4,0.6,2.02,0.61,60.0,0.4,2.02,0.39,60.0,0.46,10.5,0.47,10.4,0.06,0.06,616.824388,1776216864000
1776216866.18,266.18,0.54,10.5,0.53,10.4,0.6,2.02,0.61,60.0,0.4,2.02,0.39,60.0,0.46,10.5,0.47,10.4,0.06,0.06,616.827528,1776216865000
1776216867.202,267.202,0.54,10.5,0.53,10.4,0.6,2.02,0.61,60.0,0.4,2.02,0.39,60.0,0.46,10.5,0.47,10.4,0.06,0.06,616.827511,1776216866000
1776216868.203,268.203,0.54,10.5,0.53,10.4,0.6,2.02,0.61,60.0,0.4,2.02,0.39,60.0,0.46,10.5,0.47,10.4,0.06,0.06,616.827576,1776216867000
1776216868.713,268.713,0.51,9.6,0.49,15.0,0.6,2.02,0.61,60.0,0.4,2.02,0.39,60.0,0.46,10.5,0.47,10.4,0.09,0.06,616.827576,1776216867000
1776216869.289,269.289,0.51,3.53,0.49,15.0,0.6,2.02,0.61,60.0,0.4,2.02,0.39,60.0,0.49,3.53,0.51,15.0,0.09,0.09,616.826129,1776216868000
1776216870.287,270.287,0.51,3.53,0.49,15.0,0.6,2.02,0.61,60.0,0.4,2.02,0.39,60.0,0.49,3.53,0.51,15.0,0.09,0.09,616.784128,1776216869000
1776216871.296,271.296,0.51,3.53,0.49,15.0,0.6,2.02,0.61,60.0,0.4,2.02,0.39,60.0,0.49,3.53,0.51,15.0,0.09,0.09,616.748698,1776216870000
1776216871.916,271.916,0.51,3.53,0.49,15.0,0.6,2.02,0.61,60.0,0.4,2.02,0.39,60.0,0.49,3.53,0.51,15.0,0.09,0.09,616.738829,1776216871000
1776216872.88,272.88,0.51,3.53,0.49,15.0,0.6,2.02,0.61,60.0,0.4,2.02,0.39,60.0,0.49,3.53,0.51,15.0,0.09,0.09,616.739098,1776216872000
1776216874.561,274.561,0.51,3.53,0.49,15.0,0.6,2.02,0.61,60.0,0.4,2.02,0.39,60.0,0.49,3.53,0.51,15.0,0.09,0.09,616.753,1776216873000
1776216875.629,275.629,0.51,3.53,0.49,15.0,0.6,2.02,0.61,60.0,0.4,2.02,0.39,60.0,0.49,3.53,0.51,15.0,0.09,0.09,616.753,1776216874000
1776216876.291,276.291,0.51,3.53,0.49,15.0,0.6,2.02,0.61,60.0,0.4,2.02,0.39,60.0,0.49,3.53,0.51,15.0,0.09,0.09,616.738825,1776216875000
1776216877.401,277.401,0.51,3.53,0.49,15.0,0.6,2.02,0.61,60.0,0.4,2.02,0.39,60.0,0.49,3.53,0.51,15.0,0.09,0.09,616.754,1776216876000
1776216878.094,278.094,0.51,3.53,0.49,15.0,0.6,2.02,0.61,60.0,0.4,2.02,0.39,60.0,0.49,3.53,0.51,15.0,0.09,0.09,616.755,1776216877000
1776216879.434,279.434,0.51,3.53,0.49,15.0,0.6,2.02,0.61,60.0,0.4,2.02,0.39,60.0,0.49,3.53,0.51,15.0,0.09,0.09,616.765045,1776216878000
1776216880.229,280.229,0.51,3.53,0.49,15.0,0.6,2.02,0.61,60.0,0.4,2.02,0.39,60.0,0.49,3.53,0.51,15.0,0.09,0.09,616.772,1776216879000
1776216881.641,281.641,0.51,3.53,0.49,15.0,0.6,2.02,0.61,60.0,0.4,2.02,0.39,60.0,0.49,3.53,0.51,15.0,0.09,0.09,616.806,1776216880000
1776216882.226,282.226,0.51,3.53,0.49,15.0,0.6,2.02,0.61,60.0,0.4,2.02,0.39,60.0,0.49,3.53,0.51,15.0,0.09,0.09,616.806,1776216881000
1776216883.124,283.124,0.52,43.0,0.51,53.53,0.61,5.13,0.62,10.0,0.4,2.02,0.39,60.0,0.49,3.53,0.51,15.0,0.09,0.09,616.806,1776216881000
1776216883.497,283.497,0.52,33.21,0.51,53.53,0.61,5.13,0.62,10.0,0.39,5.13,0.38,10.0,0.48,43.0,0.49,53.53,0.09,0.09,616.804,1776216882000
1776216884.692,284.692,0.51,53.53,0.49,15.0,0.61,5.13,0.62,10.0,0.39,5.13,0.38,10.0,0.49,53.53,0.51,15.0,0.1,0.1,616.8,1776216883000
1776216885.32,285.32,0.51,53.53,0.49,15.0,0.61,5.13,0.62,10.0,0.39,5.13,0.38,10.0,0.49,53.53,0.51,15.0,0.1,0.1,616.804,1776216884000
1776216886.035,286.035,0.51,53.53,0.49,15.0,0.61,5.13,0.62,10.0,0.39,5.13,0.38,10.0,0.49,53.53,0.51,15.0,0.1,0.1,616.804,1776216885000
1776216887.426,287.426,0.51,53.53,0.49,15.0,0.61,5.13,0.62,10.0,0.39,5.13,0.38,10.0,0.49,53.53,0.51,15.0,0.1,0.1,616.812,1776216886000
1776216888.149,288.149,0.51,53.53,0.49,15.0,0.61,5.13,0.62,10.0,0.39,5.13,0.38,10.0,0.49,53.53,0.51,15.0,0.1,0.1,616.812,1776216887000
1776216889.589,289.589,0.51,53.53,0.49,15.0,0.61,5.13,0.62,10.0,0.39,5.13,0.38,10.0,0.49,53.53,0.51,15.0,0.1,0.1,616.825,1776216888000
1776216890.26,290.26,0.51,53.53,0.49,15.0,0.61,5.13,0.62,10.0,0.39,5.13,0.38,10.0,0.49,53.53,0.51,15.0,0.1,0.1,616.831252,1776216889000
1776216890.984,290.984,0.51,53.53,0.49,15.0,0.61,5.13,0.62,10.0,0.39,5.13,0.38,10.0,0.49,53.53,0.51,15.0,0.1,0.1,616.85,1776216890000
1776216891.476,291.476,0.51,3.53,0.49,15.0,0.61,53.5,0.62,10.0,0.39,5.13,0.38,10.0,0.49,53.53,0.51,15.0,0.1,0.1,616.85,1776216890000
1776216892.644,292.644,0.51,3.53,0.49,15.0,0.61,53.5,0.62,10.0,0.39,53.5,0.38,10.0,0.49,3.53,0.51,15.0,0.1,0.1,616.848,1776216891000
1776216893.016,293.016,0.51,3.53,0.49,15.0,0.61,51.87,0.62,10.0,0.39,53.5,0.38,10.0,0.49,3.53,0.51,15.0,0.1,0.1,616.848,1776216891000
1776216893.647,293.647,0.51,3.53,0.49,15.0,0.61,51.87,0.62,10.0,0.39,51.87,0.38,10.0,0.49,3.53,0.51,15.0,0.1,0.1,616.852,1776216892000
1776216894.306,294.306,0.51,3.53,0.49,15.0,0.61,51.87,0.62,10.0,0.39,51.87,0.38,10.0,0.49,3.53,0.51,15.0,0.1,0.1,616.852,1776216893000
1776216895.221,295.221,0.61,50.0,0.51,53.53,0.62,5.2,0.71,5.59,0.39,25.94,0.38,10.0,0.49,3.53,0.51,15.0,0.01,0.1,616.852,1776216893000
1776216895.523,295.523,0.71,44.8,0.61,50.0,0.96,5.0,0.97,100.0,0.04,5.0,0.03,100.0,0.29,44.8,0.39,50.0,0.25,0.25,616.85,1776216894000
1776216896.113,296.113,0.71,44.8,0.61,50.0,0.96,5.0,0.97,100.0,0.04,5.0,0.03,100.0,0.29,44.8,0.39,50.0,0.25,0.25,616.85,1776216895000
1776216896.443,296.443,0.71,44.8,0.61,50.0,0.96,0.79,0.97,100.0,0.04,1.9,0.03,100.0,0.29,44.8,0.39,50.0,0.25,0.25,616.85,1776216895000
1776216896.988,296.988,0.49,12.56,0.41,50.0,0.71,50.0,0.81,50.0,0.03,94.65,0.02,10.0,0.29,44.8,0.39,50.0,0.22,0.26,616.85,1776216895000
1776216897.256,297.256,0.49,12.56,0.41,50.0,0.71,50.0,0.81,50.0,0.29,50.0,0.19,50.0,0.51,12.56,0.59,50.0,0.22,0.22,616.852,1776216896000
1776216897.486,297.486,0.49,12.56,0.41,50.0,0.71,42.86,0.81,50.0,0.29,47.05,0.19,50.0,0.51,12.56,0.59,50.0,0.22,0.22,616.852,1776216896000
1776216897.845,297.845,0.61,50.0,0.51,50.0,0.81,30.0,0.91,50.0,0.19,49.21,0.09,50.0,0.28,6.19,0.51,12.56,0.2,0.09,616.852,1776216896000
1776216898.058,298.058,0.61,50.0,0.51,50.0,0.81,25.0,0.91,50.0,0.19,30.0,0.09,50.0,0.39,50.0,0.49,50.0,0.2,0.2,616.852,1776216896000
1776216898.301,298.301,0.61,42.38,0.51,50.0,0.81,25.0,0.91,50.0,0.19,25.0,0.09,50.0,0.39,50.0,0.49,50.0,0.2,0.2,616.852,1776216896000
1776216898.714,298.714,0.67,12.0,0.66,5.0,0.81,21.42,0.91,50.0,0.19,22.65,0.09,50.0,0.34,5.0,0.49,50.0,0.14,0.15,616.865,1776216897000
1776216898.934,298.934,0.67,12.0,0.66,5.0,0.91,47.08,0.97,94.65,0.09,47.08,0.03,94.65,0.33,12.0,0.34,5.0,0.24,0.24,616.811445,1776216898000
1776216899.19,299.19,0.66,5.0,0.61,6.0,0.97,90.47,0.98,10.0,0.03,90.47,0.02,10.0,0.23,5.0,0.34,5.0,0.31,0.2,616.811445,1776216898000
1776216899.607,299.607,0.67,12.0,0.66,5.0,0.97,84.47,0.98,10.0,0.03,90.47,0.02,10.0,0.34,5.0,0.39,6.0,0.3,0.31,616.811445,1776216898000
1776216899.957,299.957,0.67,6.0,0.66,5.0,0.97,84.47,0.98,10.0,0.03,84.47,0.02,10.0,0.33,6.0,0.34,5.0,0.3,0.3,616.807836,1776216899000
1776216900.225,300.225,0.8,5.0,0.77,5.0,0.97,83.33,0.98,10.0,0.03,84.47,0.02,10.0,0.33,6.0,0.34,5.0,0.17,0.3,616.807836,1776216899000
1776216901.069,301.069,0.8,5.0,0.77,5.0,0.97,83.33,0.98,10.0,0.03,83.33,0.02,10.0,0.2,5.0,0.23,5.0,0.17,0.17,616.811,1776216900000

# RESULT,winner=Down,slug=bnb-updown-5m-1776216600,ticks=322
