timestamp,elapsed_sec,up_bid_p1,up_bid_s1,up_bid_p2,up_bid_s2,up_ask_p1,up_ask_s1,up_ask_p2,up_ask_s2,down_bid_p1,down_bid_s1,down_bid_p2,down_bid_s2,down_ask_p1,down_ask_s1,down_ask_p2,down_ask_s2,up_spread,down_spread,bnb_price,bnb_oracle_ts
1776194701.442,1.442,,,,,,,,,,,,,,,,,,,613.311,1776194700000
1776194702.076,2.076,0.5,12.88,0.34,14.0,0.55,11.0,0.67,300.0,0.42,11.0,0.33,300.0,0.5,12.88,0.67,300.0,0.05,0.08,613.311,1776194700000
1776194702.467,2.467,0.5,12.88,0.34,14.0,0.55,11.0,0.67,300.0,0.45,11.0,0.33,300.0,0.5,12.88,0.66,14.0,0.05,0.05,613.231,1776194701000
1776194702.975,2.975,0.5,4.88,0.41,50.0,0.51,10.0,0.67,300.0,0.45,11.0,0.33,300.0,0.5,12.88,0.66,14.0,0.01,0.05,613.231,1776194701000
1776194703.309,3.309,0.41,50.0,0.33,300.0,0.51,10.0,0.67,300.0,0.49,10.0,0.33,300.0,0.59,50.0,0.67,300.0,0.1,0.1,613.098,1776194702000
1776194703.536,3.536,0.41,44.96,0.31,425.0,0.69,375.0,0.71,50.0,0.49,10.0,0.33,300.0,0.59,50.0,0.67,300.0,0.28,0.1,613.098,1776194702000
1776194704.434,4.434,0.41,27.16,0.31,425.0,0.46,10.0,0.47,5.0,0.31,375.0,0.29,50.0,0.59,34.88,0.69,425.0,0.05,0.28,613.098,1776194702000
1776194704.725,4.725,0.41,27.16,0.31,425.0,0.46,10.0,0.47,5.0,0.54,10.0,0.53,5.0,0.59,27.16,0.69,425.0,0.05,0.05,613.137214,1776194703000
1776194705.574,5.574,0.41,27.16,0.31,425.0,0.46,10.0,0.47,5.0,0.54,10.0,0.53,5.0,0.59,27.16,0.69,425.0,0.05,0.05,612.93093,1776194704000
1776194706.266,6.266,0.41,27.16,0.31,425.0,0.46,10.0,0.47,5.0,0.54,10.0,0.53,5.0,0.59,27.16,0.69,425.0,0.05,0.05,612.840378,1776194705000
1776194707.141,7.141,0.25,595.0,0.21,750.0,0.32,7.0,0.39,5.0,0.54,10.0,0.53,5.0,0.59,27.16,0.69,425.0,0.07,0.05,612.840378,1776194705000
1776194707.588,7.588,0.25,595.0,0.21,750.0,0.32,7.0,0.39,5.0,0.68,7.0,0.61,5.0,0.75,595.0,0.79,750.0,0.07,0.07,612.705,1776194706000
1776194708.099,8.099,0.25,595.0,0.21,750.0,0.32,7.0,0.39,5.0,0.68,7.0,0.61,5.0,0.75,595.0,0.79,750.0,0.07,0.07,612.475823,1776194707000
1776194708.757,8.757,0.25,593.0,0.24,5.0,0.33,37.0,0.34,5.0,0.68,7.0,0.61,5.0,0.75,595.0,0.79,750.0,0.08,0.07,612.475823,1776194707000
1776194709.102,9.102,0.25,593.0,0.24,5.0,0.33,37.0,0.34,5.0,0.67,37.0,0.66,5.0,0.75,593.0,0.76,5.0,0.08,0.08,612.429713,1776194708000
1776194710.067,10.067,0.25,593.0,0.24,5.0,0.33,37.0,0.34,5.0,0.67,37.0,0.66,5.0,0.75,593.0,0.76,5.0,0.08,0.08,612.521,1776194709000
1776194711.08,11.08,0.26,3.0,0.21,755.0,0.33,32.0,0.36,5.0,0.67,37.0,0.66,5.0,0.75,593.0,0.76,5.0,0.07,0.08,612.521,1776194709000
1776194712.104,12.104,0.26,3.0,0.21,755.0,0.33,32.0,0.36,5.0,0.67,32.0,0.64,5.0,0.74,3.0,0.79,755.0,0.07,0.07,612.566725,1776194711000
1776194713.123,13.123,0.27,5.0,0.19,5.0,0.28,5.0,0.33,32.0,0.72,5.0,0.67,32.0,0.73,5.0,0.81,5.0,0.01,0.01,612.566922,1776194712000
1776194713.369,13.369,0.15,5.0,0.13,38.0,0.28,42.0,0.35,7.0,0.72,5.0,0.67,32.0,0.73,5.0,0.81,5.0,0.13,0.01,612.566922,1776194712000
1776194714.15,14.15,0.15,5.0,0.13,38.0,0.28,42.0,0.35,7.0,0.72,42.0,0.65,7.0,0.85,5.0,0.87,38.0,0.13,0.13,612.512,1776194713000
1776194715.183,15.183,0.15,5.0,0.13,38.0,0.28,42.0,0.35,7.0,0.72,42.0,0.65,7.0,0.85,5.0,0.87,38.0,0.13,0.13,612.455,1776194714000
1776194716.237,16.237,0.15,5.0,0.13,38.0,0.28,42.0,0.35,7.0,0.72,42.0,0.65,7.0,0.85,5.0,0.87,38.0,0.13,0.13,612.45,1776194715000
1776194717.266,17.266,0.15,5.0,0.13,38.0,0.28,42.0,0.35,7.0,0.72,42.0,0.65,7.0,0.85,5.0,0.87,38.0,0.13,0.13,612.493,1776194716000
1776194718.271,18.271,0.15,5.0,0.13,38.0,0.28,42.0,0.35,7.0,0.72,42.0,0.65,7.0,0.85,5.0,0.87,38.0,0.13,0.13,612.519,1776194717000
1776194719.332,19.332,0.15,5.0,0.13,38.0,0.28,42.0,0.35,7.0,0.72,42.0,0.65,7.0,0.85,5.0,0.87,38.0,0.13,0.13,612.519,1776194718000
1776194720.68,20.68,0.15,5.0,0.13,38.0,0.28,42.0,0.35,7.0,0.72,42.0,0.65,7.0,0.85,5.0,0.87,38.0,0.13,0.13,612.524,1776194719000
1776194721.257,21.257,0.15,5.0,0.13,38.0,0.28,42.0,0.35,7.0,0.72,42.0,0.65,7.0,0.85,5.0,0.87,38.0,0.13,0.13,612.515761,1776194720000
1776194722.348,22.348,0.15,5.0,0.13,38.0,0.28,42.0,0.35,7.0,0.72,42.0,0.65,7.0,0.85,5.0,0.87,38.0,0.13,0.13,612.503,1776194721000
1776194722.921,22.921,0.15,5.0,0.13,38.0,0.28,42.0,0.35,7.0,0.72,42.0,0.65,7.0,0.85,5.0,0.87,38.0,0.13,0.13,612.473276,1776194722000
1776194723.907,23.907,0.15,5.0,0.13,38.0,0.28,42.0,0.35,7.0,0.72,42.0,0.65,7.0,0.85,5.0,0.87,38.0,0.13,0.13,612.455,1776194723000
1776194724.987,24.987,0.15,5.0,0.13,38.0,0.28,42.0,0.35,7.0,0.72,42.0,0.65,7.0,0.85,5.0,0.87,38.0,0.13,0.13,612.297,1776194724000
1776194726.028,26.028,0.15,5.0,0.13,38.0,0.28,42.0,0.35,7.0,0.72,42.0,0.65,7.0,0.85,5.0,0.87,38.0,0.13,0.13,612.36,1776194725000
1776194727.084,27.084,0.15,5.0,0.13,38.0,0.28,42.0,0.35,7.0,0.72,42.0,0.65,7.0,0.85,5.0,0.87,38.0,0.13,0.13,612.373,1776194726000
1776194728.158,28.158,0.15,5.0,0.13,38.0,0.28,42.0,0.35,7.0,0.72,42.0,0.65,7.0,0.85,5.0,0.87,38.0,0.13,0.13,612.38,1776194727000
1776194729.265,29.265,0.15,5.0,0.13,38.0,0.28,42.0,0.35,7.0,0.72,42.0,0.65,7.0,0.85,5.0,0.87,38.0,0.13,0.13,612.306,1776194728000
1776194730.301,30.301,0.15,5.0,0.13,38.0,0.28,42.0,0.35,7.0,0.72,42.0,0.65,7.0,0.85,5.0,0.87,38.0,0.13,0.13,612.309,1776194729000
1776194731.336,31.336,0.15,5.0,0.13,38.0,0.28,42.0,0.35,7.0,0.72,42.0,0.65,7.0,0.85,5.0,0.87,38.0,0.13,0.13,612.279,1776194730000
1776194731.944,31.944,0.15,5.0,0.13,38.0,0.28,42.0,0.35,7.0,0.72,42.0,0.65,7.0,0.85,5.0,0.87,38.0,0.13,0.13,612.279,1776194731000
1776194732.759,32.759,0.12,4.0,0.11,136.6,0.15,32.0,0.19,5.0,0.72,42.0,0.65,7.0,0.85,5.0,0.87,38.0,0.03,0.13,612.279,1776194731000
1776194733.067,33.067,0.12,4.0,0.11,136.6,0.15,32.0,0.19,5.0,0.85,32.0,0.81,5.0,0.88,4.0,0.89,136.6,0.03,0.03,612.233,1776194732000
1776194734.553,34.553,0.12,4.0,0.11,136.6,0.15,32.0,0.19,5.0,0.85,32.0,0.81,5.0,0.88,4.0,0.89,136.6,0.03,0.03,612.233,1776194733000
1776194735.154,35.154,0.12,4.0,0.11,136.6,0.15,32.0,0.19,5.0,0.85,32.0,0.81,5.0,0.88,4.0,0.89,136.6,0.03,0.03,612.245,1776194734000
1776194736.291,36.291,0.12,4.0,0.11,136.6,0.15,32.0,0.19,5.0,0.85,32.0,0.81,5.0,0.88,4.0,0.89,136.6,0.03,0.03,612.19,1776194735000
1776194737.534,37.534,0.12,4.0,0.11,136.6,0.15,32.0,0.19,5.0,0.85,32.0,0.81,5.0,0.88,4.0,0.89,136.6,0.03,0.03,612.274,1776194736000
1776194738.067,38.067,0.12,4.0,0.11,136.6,0.15,32.0,0.19,5.0,0.85,32.0,0.81,5.0,0.88,4.0,0.89,136.6,0.03,0.03,612.274,1776194737000
1776194739.334,39.334,0.12,4.0,0.11,136.6,0.15,32.0,0.19,5.0,0.85,32.0,0.81,5.0,0.88,4.0,0.89,136.6,0.03,0.03,612.317,1776194738000
1776194740.156,40.156,0.12,4.0,0.11,136.6,0.15,32.0,0.19,5.0,0.85,32.0,0.81,5.0,0.88,4.0,0.89,136.6,0.03,0.03,612.375,1776194739000
1776194740.421,40.421,0.14,36.6,0.13,23.0,0.15,14.83,0.18,10.0,0.85,32.0,0.81,5.0,0.88,4.0,0.89,136.6,0.01,0.03,612.375,1776194739000
1776194741.325,41.325,0.14,36.6,0.13,23.0,0.15,14.83,0.18,10.0,0.85,14.83,0.82,10.0,0.86,36.6,0.87,23.0,0.01,0.01,612.344,1776194740000
1776194742.483,42.483,0.14,36.6,0.13,23.0,0.15,14.83,0.18,10.0,0.85,14.83,0.82,10.0,0.86,36.6,0.87,23.0,0.01,0.01,612.344,1776194741000
1776194743.079,43.079,0.14,36.6,0.13,23.0,0.15,14.83,0.18,10.0,0.85,14.83,0.82,10.0,0.86,36.6,0.87,23.0,0.01,0.01,612.356281,1776194742000
1776194744.426,44.426,0.14,36.6,0.13,23.0,0.15,14.83,0.18,10.0,0.85,14.83,0.82,10.0,0.86,36.6,0.87,23.0,0.01,0.01,612.37,1776194743000
1776194745.063,45.063,0.14,36.6,0.13,23.0,0.15,14.83,0.18,10.0,0.85,14.83,0.82,10.0,0.86,36.6,0.87,23.0,0.01,0.01,612.37,1776194744000
1776194746.319,46.319,0.14,36.6,0.13,23.0,0.15,14.83,0.18,10.0,0.85,14.83,0.82,10.0,0.86,36.6,0.87,23.0,0.01,0.01,612.458,1776194745000
1776194747.524,47.524,0.14,36.6,0.13,23.0,0.15,14.83,0.18,10.0,0.85,14.83,0.82,10.0,0.86,36.6,0.87,23.0,0.01,0.01,612.433,1776194746000
1776194747.93,47.93,0.17,15.0,0.16,24.3,0.18,2.0,0.26,12.0,0.85,14.83,0.82,10.0,0.86,36.6,0.87,23.0,0.01,0.01,612.433,1776194746000
1776194749.404,49.404,0.2,3.81,0.19,10.0,0.24,10.0,0.26,13.0,0.82,2.0,0.74,12.0,0.83,15.0,0.84,24.3,0.04,0.01,612.433,1776194747000
1776194750.735,50.735,0.2,3.81,0.19,10.0,0.24,10.0,0.26,13.0,0.76,10.0,0.74,13.0,0.8,3.81,0.81,10.0,0.04,0.04,612.527,1776194749000
1776194751.256,51.256,0.2,3.81,0.19,10.0,0.24,10.0,0.26,13.0,0.76,10.0,0.74,13.0,0.8,3.81,0.81,10.0,0.04,0.04,612.527,1776194750000
1776194752.481,52.481,0.2,3.81,0.19,10.0,0.24,10.0,0.26,13.0,0.76,10.0,0.74,13.0,0.8,3.81,0.81,10.0,0.04,0.04,612.557,1776194751000
1776194753.021,53.021,0.2,3.81,0.19,10.0,0.24,10.0,0.26,13.0,0.76,10.0,0.74,13.0,0.8,3.81,0.81,10.0,0.04,0.04,612.558636,1776194752000
1776194753.84,53.84,0.19,8.64,0.18,17.6,0.25,10.0,0.26,7.0,0.74,25.0,0.68,5.0,0.77,5.0,0.78,5.0,0.06,0.03,612.558636,1776194752000
1776194754.262,54.262,0.19,8.64,0.18,17.6,0.25,10.0,0.26,7.0,0.75,10.0,0.74,7.0,0.81,8.64,0.82,17.6,0.06,0.06,612.638,1776194753000
1776194755.461,55.461,0.19,8.64,0.18,17.6,0.25,10.0,0.26,7.0,0.75,10.0,0.74,7.0,0.81,8.64,0.82,17.6,0.06,0.06,612.555,1776194754000
1776194756.051,56.051,0.19,8.64,0.18,17.6,0.25,10.0,0.26,7.0,0.75,10.0,0.74,7.0,0.81,8.64,0.82,17.6,0.06,0.06,612.555,1776194755000
1776194756.31,56.31,0.17,5.0,0.16,5.0,0.22,27.0,0.26,12.0,0.75,10.0,0.74,7.0,0.81,8.64,0.82,17.6,0.05,0.06,612.555,1776194755000
1776194757.303,57.303,0.17,5.0,0.16,5.0,0.22,27.0,0.26,12.0,0.78,27.0,0.74,12.0,0.83,5.0,0.84,5.0,0.05,0.05,612.461008,1776194756000
1776194758.445,58.445,0.17,5.0,0.16,5.0,0.22,27.0,0.26,12.0,0.78,27.0,0.74,12.0,0.83,5.0,0.84,5.0,0.05,0.05,612.413013,1776194757000
1776194759.048,59.048,0.17,5.0,0.16,5.0,0.22,27.0,0.26,12.0,0.78,27.0,0.74,12.0,0.83,5.0,0.84,5.0,0.05,0.05,612.41015,1776194758000
1776194760.225,60.225,0.17,5.0,0.16,5.0,0.22,27.0,0.26,12.0,0.78,27.0,0.74,12.0,0.83,5.0,0.84,5.0,0.05,0.05,612.351,1776194759000
1776194761.387,61.387,0.17,5.0,0.16,5.0,0.22,27.0,0.26,12.0,0.78,27.0,0.74,12.0,0.83,5.0,0.84,5.0,0.05,0.05,612.339,1776194760000
1776194761.973,61.973,0.18,4.07,0.12,29.6,0.21,17.0,0.23,10.0,0.79,17.0,0.77,10.0,0.82,4.07,0.88,29.6,0.03,0.03,612.339,1776194761000
1776194763.066,63.066,0.18,4.07,0.12,29.6,0.21,17.0,0.23,10.0,0.79,17.0,0.77,10.0,0.82,4.07,0.88,29.6,0.03,0.03,612.395,1776194762000
1776194763.435,63.435,0.13,4.07,0.12,5.0,0.21,17.0,0.23,10.0,0.79,17.0,0.77,10.0,0.82,4.07,0.88,29.6,0.08,0.03,612.395,1776194762000
1776194764.193,64.193,0.13,4.07,0.12,5.0,0.21,17.0,0.23,10.0,0.79,17.0,0.77,10.0,0.87,4.07,0.88,5.0,0.08,0.08,612.395,1776194763000
1776194766.118,66.118,0.13,4.07,0.12,5.0,0.21,17.0,0.23,10.0,0.79,17.0,0.77,10.0,0.87,4.07,0.88,5.0,0.08,0.08,612.328,1776194764000
1776194766.914,66.914,0.13,4.07,0.12,5.0,0.21,17.0,0.23,10.0,0.79,17.0,0.77,10.0,0.87,4.07,0.88,5.0,0.08,0.08,612.328,1776194765000
1776194767.651,67.651,0.13,4.07,0.12,5.0,0.21,17.0,0.23,10.0,0.79,17.0,0.77,10.0,0.87,4.07,0.88,5.0,0.08,0.08,612.33,1776194766000
1776194768.334,68.334,0.13,4.07,0.12,5.0,0.21,17.0,0.23,10.0,0.79,17.0,0.77,10.0,0.87,4.07,0.88,5.0,0.08,0.08,612.33,1776194767000
1776194769.644,69.644,0.13,4.07,0.12,5.0,0.21,17.0,0.23,10.0,0.79,17.0,0.77,10.0,0.87,4.07,0.88,5.0,0.08,0.08,612.321,1776194768000
1776194770.346,70.346,0.13,4.07,0.12,5.0,0.21,17.0,0.23,10.0,0.79,17.0,0.77,10.0,0.87,4.07,0.88,5.0,0.08,0.08,612.321,1776194769000
1776194771.091,71.091,0.13,4.07,0.12,5.0,0.21,17.0,0.23,10.0,0.79,17.0,0.77,10.0,0.87,4.07,0.88,5.0,0.08,0.08,612.363,1776194770000
1776194772.284,72.284,0.13,4.07,0.12,5.0,0.21,17.0,0.23,10.0,0.79,17.0,0.77,10.0,0.87,4.07,0.88,5.0,0.08,0.08,612.297,1776194771000
1776194773.708,73.708,0.13,4.07,0.12,5.0,0.21,17.0,0.23,10.0,0.79,17.0,0.77,10.0,0.87,4.07,0.88,5.0,0.08,0.08,612.348,1776194772000
1776194774.581,74.581,0.13,4.07,0.12,5.0,0.21,17.0,0.23,10.0,0.79,17.0,0.77,10.0,0.87,4.07,0.88,5.0,0.08,0.08,612.348,1776194773000
1776194775.293,75.293,0.13,4.07,0.12,5.0,0.21,17.0,0.23,10.0,0.79,17.0,0.77,10.0,0.87,4.07,0.88,5.0,0.08,0.08,612.344,1776194774000
1776194776.654,76.654,0.13,4.07,0.12,5.0,0.21,17.0,0.23,10.0,0.79,17.0,0.77,10.0,0.87,4.07,0.88,5.0,0.08,0.08,612.321,1776194775000
1776194777.281,77.281,0.13,4.07,0.12,5.0,0.21,17.0,0.23,10.0,0.79,17.0,0.77,10.0,0.87,4.07,0.88,5.0,0.08,0.08,612.321,1776194776000
1776194778.655,78.655,0.13,4.07,0.12,5.0,0.21,17.0,0.23,10.0,0.79,17.0,0.77,10.0,0.87,4.07,0.88,5.0,0.08,0.08,612.270205,1776194777000
1776194779.373,79.373,0.13,4.07,0.12,5.0,0.21,17.0,0.23,10.0,0.79,17.0,0.77,10.0,0.87,4.07,0.88,5.0,0.08,0.08,612.269876,1776194778000
1776194780.138,80.138,0.13,4.07,0.12,5.0,0.21,17.0,0.23,10.0,0.79,17.0,0.77,10.0,0.87,4.07,0.88,5.0,0.08,0.08,612.26975,1776194779000
1776194781.632,81.632,0.13,4.07,0.12,5.0,0.21,17.0,0.23,10.0,0.79,17.0,0.77,10.0,0.87,4.07,0.88,5.0,0.08,0.08,612.222,1776194780000
1776194782.419,82.419,0.13,4.07,0.12,5.0,0.21,17.0,0.23,10.0,0.79,17.0,0.77,10.0,0.87,4.07,0.88,5.0,0.08,0.08,612.265279,1776194781000
1776194783.121,83.121,0.13,4.07,0.12,5.0,0.21,17.0,0.23,10.0,0.79,17.0,0.77,10.0,0.87,4.07,0.88,5.0,0.08,0.08,612.342562,1776194782000
1776194784.216,84.216,0.13,4.07,0.12,5.0,0.21,17.0,0.23,10.0,0.79,17.0,0.77,10.0,0.87,4.07,0.88,5.0,0.08,0.08,612.485,1776194783000
1776194784.632,84.632,0.2,5.0,0.16,5.0,0.22,3.0,0.23,10.0,0.79,17.0,0.77,10.0,0.87,4.07,0.88,5.0,0.02,0.08,612.485,1776194783000
1776194785.345,85.345,0.2,5.0,0.16,5.0,0.22,3.0,0.23,10.0,0.78,3.0,0.77,10.0,0.8,5.0,0.84,5.0,0.02,0.02,612.495223,1776194784000
1776194786.302,86.302,0.2,5.0,0.16,5.0,0.22,3.0,0.23,10.0,0.78,3.0,0.77,10.0,0.8,5.0,0.84,5.0,0.02,0.02,612.539,1776194785000
1776194786.929,86.929,0.2,5.0,0.16,5.0,0.22,3.0,0.23,10.0,0.78,3.0,0.77,10.0,0.8,5.0,0.84,5.0,0.02,0.02,612.539,1776194786000
1776194787.934,87.934,0.2,5.0,0.16,5.0,0.22,3.0,0.23,10.0,0.78,3.0,0.77,10.0,0.8,5.0,0.84,5.0,0.02,0.02,612.586,1776194787000
1776194788.916,88.916,0.2,5.0,0.16,5.0,0.22,3.0,0.23,10.0,0.78,3.0,0.77,10.0,0.8,5.0,0.84,5.0,0.02,0.02,612.586,1776194788000
1776194790.071,90.071,0.2,5.0,0.16,5.0,0.22,3.0,0.23,10.0,0.78,3.0,0.77,10.0,0.8,5.0,0.84,5.0,0.02,0.02,612.654,1776194789000
1776194790.777,90.777,0.23,5.0,0.21,50.0,0.26,5.07,0.33,23.8,0.78,3.0,0.77,10.0,0.8,5.0,0.84,5.0,0.03,0.02,612.654,1776194789000
1776194791.075,91.075,0.23,5.0,0.21,50.0,0.26,5.07,0.33,23.8,0.74,5.07,0.67,23.8,0.77,5.0,0.79,50.0,0.03,0.03,612.597683,1776194790000
1776194792.177,92.177,0.23,5.0,0.21,50.0,0.26,5.07,0.33,23.8,0.74,5.07,0.67,23.8,0.77,5.0,0.79,50.0,0.03,0.03,612.657,1776194791000
1776194793.269,93.269,0.21,49.0,0.2,21.2,0.26,5.07,0.32,11.9,0.74,5.07,0.68,11.9,0.79,49.0,0.8,21.2,0.05,0.05,612.678,1776194792000
1776194794.239,94.239,0.21,49.0,0.2,21.2,0.26,5.07,0.32,11.9,0.74,5.07,0.68,11.9,0.79,49.0,0.8,21.2,0.05,0.05,612.71,1776194793000
1776194795.226,95.226,0.21,49.0,0.2,21.2,0.26,5.07,0.32,11.9,0.74,5.07,0.68,11.9,0.79,49.0,0.8,21.2,0.05,0.05,612.718,1776194794000
1776194796.304,96.304,0.21,49.0,0.2,21.2,0.26,5.07,0.32,11.9,0.74,5.07,0.68,11.9,0.79,49.0,0.8,21.2,0.05,0.05,612.684,1776194795000
1776194797.411,97.411,0.24,5.0,0.22,5.0,0.3,7.47,0.31,12.2,0.74,5.07,0.68,11.9,0.79,49.0,0.8,21.2,0.06,0.05,612.684,1776194795000
1776194797.933,97.933,0.24,5.0,0.22,5.0,0.3,7.47,0.31,12.2,0.7,7.47,0.69,12.2,0.76,5.0,0.78,5.0,0.06,0.06,612.682,1776194796000
1776194798.475,98.475,0.24,5.0,0.22,5.0,0.3,7.47,0.31,12.2,0.7,7.47,0.69,12.2,0.76,5.0,0.78,5.0,0.06,0.06,612.692,1776194797000
1776194799.069,99.069,0.24,5.0,0.22,5.0,0.3,7.47,0.31,12.2,0.7,7.47,0.69,12.2,0.76,5.0,0.78,5.0,0.06,0.06,612.692,1776194798000
1776194800.114,100.114,0.24,5.0,0.22,5.0,0.3,7.47,0.31,12.2,0.7,7.47,0.69,12.2,0.76,5.0,0.78,5.0,0.06,0.06,612.698,1776194799000
1776194801.322,101.322,0.24,5.0,0.22,5.0,0.3,7.47,0.31,12.2,0.7,7.47,0.69,12.2,0.76,5.0,0.78,5.0,0.06,0.06,612.691154,1776194800000
1776194801.736,101.736,0.26,10.0,0.25,5.0,0.33,11.8,0.34,11.6,0.7,7.47,0.69,12.2,0.76,5.0,0.78,5.0,0.07,0.06,612.691154,1776194800000
1776194802.387,102.387,0.26,10.0,0.25,5.0,0.33,11.8,0.34,11.6,0.67,11.8,0.66,11.6,0.74,10.0,0.75,5.0,0.07,0.07,612.708,1776194801000
1776194802.931,102.931,0.26,10.0,0.25,5.0,0.33,11.8,0.34,11.6,0.67,11.8,0.66,11.6,0.74,10.0,0.75,5.0,0.07,0.07,612.714957,1776194802000
1776194803.64,103.64,0.29,5.0,0.28,5.0,0.36,7.0,0.37,11.2,0.67,11.8,0.66,11.6,0.74,10.0,0.75,5.0,0.07,0.07,612.714957,1776194802000
1776194803.9,103.9,0.29,5.0,0.28,5.0,0.36,7.0,0.37,11.2,0.64,7.0,0.63,11.2,0.71,5.0,0.72,5.0,0.07,0.07,612.733,1776194803000
1776194804.935,104.935,0.29,5.0,0.28,5.0,0.36,7.0,0.37,11.2,0.64,7.0,0.63,11.2,0.71,5.0,0.72,5.0,0.07,0.07,612.813218,1776194804000
1776194806.024,106.024,0.29,5.0,0.28,5.0,0.36,7.0,0.37,11.2,0.64,7.0,0.63,11.2,0.71,5.0,0.72,5.0,0.07,0.07,612.842401,1776194805000
1776194807.02,107.02,0.29,5.0,0.28,5.0,0.36,7.0,0.37,11.2,0.64,7.0,0.63,11.2,0.71,5.0,0.72,5.0,0.07,0.07,612.842401,1776194806000
1776194808.156,108.156,0.29,5.0,0.28,5.0,0.36,7.0,0.37,11.2,0.64,7.0,0.63,11.2,0.71,5.0,0.72,5.0,0.07,0.07,612.801,1776194807000
1776194809.059,109.059,0.29,5.0,0.28,5.0,0.36,7.0,0.37,11.2,0.64,7.0,0.63,11.2,0.71,5.0,0.72,5.0,0.07,0.07,612.764955,1776194808000
1776194810.03,110.03,0.29,5.0,0.28,5.0,0.36,7.0,0.37,11.2,0.64,7.0,0.63,11.2,0.71,5.0,0.72,5.0,0.07,0.07,612.764835,1776194809000
1776194811.458,111.458,0.29,5.0,0.28,5.0,0.36,7.0,0.37,11.2,0.64,7.0,0.63,11.2,0.71,5.0,0.72,5.0,0.07,0.07,612.762409,1776194810000
1776194812.419,112.419,0.29,5.0,0.28,5.0,0.36,7.0,0.37,11.2,0.64,7.0,0.63,11.2,0.71,5.0,0.72,5.0,0.07,0.07,612.76306,1776194811000
1776194813.088,113.088,0.29,5.0,0.28,5.0,0.36,7.0,0.37,11.2,0.64,7.0,0.63,11.2,0.71,5.0,0.72,5.0,0.07,0.07,612.763113,1776194812000
1776194813.451,113.451,0.25,5.0,0.24,5.0,0.28,22.9,0.29,12.6,0.64,7.0,0.63,11.2,0.71,5.0,0.72,5.0,0.03,0.07,612.763113,1776194812000
1776194814.367,114.367,0.25,5.0,0.24,5.0,0.28,22.9,0.29,12.6,0.72,22.9,0.71,12.6,0.75,5.0,0.76,5.0,0.03,0.03,612.763113,1776194813000
1776194815.462,115.462,0.25,5.0,0.24,5.0,0.28,22.9,0.29,12.6,0.72,22.9,0.71,12.6,0.75,5.0,0.76,5.0,0.03,0.03,612.763086,1776194814000
1776194816.104,116.104,0.25,5.0,0.24,5.0,0.28,22.9,0.29,12.6,0.72,22.9,0.71,12.6,0.75,5.0,0.76,5.0,0.03,0.03,612.765491,1776194815000
1776194817.211,117.211,0.25,5.0,0.24,5.0,0.28,22.9,0.29,12.6,0.72,22.9,0.71,12.6,0.75,5.0,0.76,5.0,0.03,0.03,612.739337,1776194816000
1776194818.359,118.359,0.25,5.0,0.24,5.0,0.28,22.9,0.29,12.6,0.72,22.9,0.71,12.6,0.75,5.0,0.76,5.0,0.03,0.03,612.644148,1776194817000
1776194818.965,118.965,0.25,5.0,0.24,5.0,0.28,22.9,0.29,12.6,0.72,22.9,0.71,12.6,0.75,5.0,0.76,5.0,0.03,0.03,612.628745,1776194818000
1776194820.135,120.135,0.25,5.0,0.24,5.0,0.28,22.9,0.29,12.6,0.72,22.9,0.71,12.6,0.75,5.0,0.76,5.0,0.03,0.03,612.583,1776194819000
1776194821.279,121.279,0.25,5.0,0.24,5.0,0.28,22.9,0.29,12.6,0.72,22.9,0.71,12.6,0.75,5.0,0.76,5.0,0.03,0.03,612.617,1776194820000
1776194822.477,122.477,0.25,5.0,0.24,5.0,0.28,22.9,0.29,12.6,0.72,22.9,0.71,12.6,0.75,5.0,0.76,5.0,0.03,0.03,612.715,1776194821000
1776194823.143,123.143,0.25,5.0,0.24,5.0,0.28,22.9,0.29,12.6,0.72,22.9,0.71,12.6,0.75,5.0,0.76,5.0,0.03,0.03,612.715,1776194822000
1776194824.342,124.342,0.25,5.0,0.24,5.0,0.28,22.9,0.29,12.6,0.72,22.9,0.71,12.6,0.75,5.0,0.76,5.0,0.03,0.03,612.714,1776194823000
1776194824.955,124.955,0.25,5.0,0.24,5.0,0.28,22.9,0.29,12.6,0.72,22.9,0.71,12.6,0.75,5.0,0.76,5.0,0.03,0.03,612.713,1776194824000
1776194826.235,126.235,0.25,5.0,0.24,5.0,0.28,22.9,0.29,12.6,0.72,22.9,0.71,12.6,0.75,5.0,0.76,5.0,0.03,0.03,612.728,1776194825000
1776194827.404,127.404,0.25,5.0,0.24,5.0,0.28,22.9,0.29,12.6,0.72,22.9,0.71,12.6,0.75,5.0,0.76,5.0,0.03,0.03,612.717,1776194826000
1776194828.493,128.493,0.25,5.0,0.24,5.0,0.28,22.9,0.29,12.6,0.72,22.9,0.71,12.6,0.75,5.0,0.76,5.0,0.03,0.03,612.724,1776194827000
1776194829.077,129.077,0.25,5.0,0.24,5.0,0.28,22.9,0.29,12.6,0.72,22.9,0.71,12.6,0.75,5.0,0.76,5.0,0.03,0.03,612.725802,1776194828000
1776194830.377,130.377,0.25,5.0,0.24,5.0,0.28,22.9,0.29,12.6,0.72,22.9,0.71,12.6,0.75,5.0,0.76,5.0,0.03,0.03,612.786,1776194829000
1776194831.348,131.348,0.25,5.0,0.24,5.0,0.28,22.9,0.29,12.6,0.72,22.9,0.71,12.6,0.75,5.0,0.76,5.0,0.03,0.03,612.814,1776194830000
1776194832.543,132.543,0.25,5.0,0.24,5.0,0.28,22.9,0.29,12.6,0.72,22.9,0.71,12.6,0.75,5.0,0.76,5.0,0.03,0.03,612.822,1776194831000
1776194833.172,133.172,0.25,5.0,0.24,5.0,0.28,22.9,0.29,12.6,0.72,22.9,0.71,12.6,0.75,5.0,0.76,5.0,0.03,0.03,612.822,1776194832000
1776194833.434,133.434,0.21,50.0,0.18,17.6,0.3,5.73,0.31,12.2,0.72,22.9,0.71,12.6,0.75,5.0,0.76,5.0,0.09,0.03,612.822,1776194832000
1776194834.285,134.285,0.21,50.0,0.18,17.6,0.3,5.73,0.31,12.2,0.7,5.73,0.69,12.2,0.79,50.0,0.82,17.6,0.09,0.09,612.814,1776194833000
1776194835.306,135.306,0.21,50.0,0.18,17.6,0.3,5.73,0.31,12.2,0.7,5.73,0.69,12.2,0.79,50.0,0.82,17.6,0.09,0.09,612.829,1776194834000
1776194836.508,136.508,0.21,50.0,0.18,17.6,0.3,5.73,0.31,12.2,0.7,5.73,0.69,12.2,0.79,50.0,0.82,17.6,0.09,0.09,612.829,1776194835000
1776194837.03,137.03,0.21,50.0,0.18,17.6,0.3,5.73,0.31,12.2,0.7,5.73,0.69,12.2,0.79,50.0,0.82,17.6,0.09,0.09,612.839,1776194836000
1776194838.263,138.263,0.31,39.73,0.21,65.7,0.34,7.0,0.39,15.9,0.66,7.0,0.61,15.9,0.69,39.73,0.79,65.7,0.03,0.03,612.874,1776194837000
1776194839.433,139.433,0.31,39.73,0.21,65.7,0.34,7.0,0.39,15.9,0.66,7.0,0.61,15.9,0.69,39.73,0.79,65.7,0.03,0.03,612.907876,1776194838000
1776194840.0,140.0,0.31,39.73,0.21,65.7,0.34,7.0,0.39,15.9,0.66,7.0,0.61,15.9,0.69,39.73,0.79,65.7,0.03,0.03,612.935,1776194839000
1776194841.113,141.113,0.31,39.73,0.21,65.7,0.34,7.0,0.39,15.9,0.66,7.0,0.61,15.9,0.69,39.73,0.79,65.7,0.03,0.03,612.941,1776194840000
1776194842.013,142.013,0.23,3.81,0.21,21.7,0.34,11.6,0.35,18.4,0.66,7.0,0.61,15.9,0.69,39.73,0.79,65.7,0.11,0.03,612.941,1776194840000
1776194842.431,142.431,0.23,3.81,0.21,21.7,0.34,11.6,0.35,18.4,0.66,11.6,0.65,18.4,0.77,3.81,0.79,21.7,0.11,0.11,612.938,1776194841000
1776194844.137,144.137,0.23,3.81,0.21,21.7,0.34,11.6,0.35,18.4,0.66,11.6,0.65,18.4,0.77,3.81,0.79,21.7,0.11,0.11,612.923013,1776194842000
1776194844.981,144.981,0.23,3.81,0.21,21.7,0.34,11.6,0.35,18.4,0.66,11.6,0.65,18.4,0.77,3.81,0.79,21.7,0.11,0.11,612.922741,1776194843000
1776194845.698,145.698,0.23,3.81,0.21,21.7,0.34,11.6,0.35,18.4,0.66,11.6,0.65,18.4,0.77,3.81,0.79,21.7,0.11,0.11,612.923005,1776194844000
1776194846.555,146.555,0.23,3.81,0.21,21.7,0.34,11.6,0.35,18.4,0.66,11.6,0.65,18.4,0.77,3.81,0.79,21.7,0.11,0.11,612.923005,1776194845000
1776194847.314,147.314,0.23,3.81,0.21,21.7,0.34,11.6,0.35,18.4,0.66,11.6,0.65,18.4,0.77,3.81,0.79,21.7,0.11,0.11,612.924521,1776194846000
1776194848.029,148.029,0.23,3.81,0.21,21.7,0.34,11.6,0.35,18.4,0.66,11.6,0.65,18.4,0.77,3.81,0.79,21.7,0.11,0.11,612.924553,1776194847000
1776194849.444,149.444,0.23,3.81,0.21,21.7,0.34,11.6,0.35,18.4,0.66,11.6,0.65,18.4,0.77,3.81,0.79,21.7,0.11,0.11,612.924553,1776194848000
1776194850.076,150.076,0.19,16.78,0.18,17.6,0.31,12.2,0.32,11.9,0.69,12.2,0.68,11.9,0.81,16.78,0.82,17.6,0.12,0.12,612.924517,1776194849000
1776194851.494,151.494,0.19,16.78,0.18,17.6,0.31,12.2,0.32,11.9,0.69,12.2,0.68,11.9,0.81,16.78,0.82,17.6,0.12,0.12,612.879,1776194850000
1776194852.215,152.215,0.19,16.78,0.18,17.6,0.31,12.2,0.32,11.9,0.69,12.2,0.68,11.9,0.81,16.78,0.82,17.6,0.12,0.12,612.87708,1776194851000
1776194853.57,153.57,0.19,16.78,0.18,17.6,0.31,12.2,0.32,11.9,0.69,12.2,0.68,11.9,0.81,16.78,0.82,17.6,0.12,0.12,612.901,1776194852000
1776194854.151,154.151,0.19,16.78,0.18,17.6,0.31,12.2,0.32,11.9,0.69,12.2,0.68,11.9,0.81,16.78,0.82,17.6,0.12,0.12,612.919,1776194853000
1776194855.465,155.465,0.19,16.78,0.18,17.6,0.31,12.2,0.32,11.9,0.69,12.2,0.68,11.9,0.81,16.78,0.82,17.6,0.12,0.12,612.909,1776194854000
1776194856.135,156.135,0.19,16.78,0.18,17.6,0.31,12.2,0.32,11.9,0.69,12.2,0.68,11.9,0.81,16.78,0.82,17.6,0.12,0.12,612.909,1776194855000
1776194857.433,157.433,0.19,16.78,0.18,17.6,0.31,12.2,0.32,11.9,0.69,12.2,0.68,11.9,0.81,16.78,0.82,17.6,0.12,0.12,612.923,1776194856000
1776194858.067,158.067,0.19,16.78,0.18,17.6,0.31,12.2,0.32,11.9,0.69,12.2,0.68,11.9,0.81,16.78,0.82,17.6,0.12,0.12,612.923,1776194857000
1776194859.433,159.433,0.19,16.78,0.18,17.6,0.31,12.2,0.32,11.9,0.69,12.2,0.68,11.9,0.81,16.78,0.82,17.6,0.12,0.12,612.915,1776194858000
1776194860.028,160.028,0.19,16.78,0.18,17.6,0.31,12.2,0.32,11.9,0.69,12.2,0.68,11.9,0.81,16.78,0.82,17.6,0.12,0.12,612.923055,1776194859000
1776194861.14,161.14,0.19,16.78,0.18,17.6,0.31,12.2,0.32,11.9,0.69,12.2,0.68,11.9,0.81,16.78,0.82,17.6,0.12,0.12,612.922754,1776194860000
1776194863.146,163.146,0.19,16.78,0.18,17.6,0.31,12.2,0.32,11.9,0.69,12.2,0.68,11.9,0.81,16.78,0.82,17.6,0.12,0.12,612.930439,1776194861000
1776194863.829,163.829,0.19,16.78,0.18,17.6,0.31,12.2,0.32,11.9,0.69,12.2,0.68,11.9,0.81,16.78,0.82,17.6,0.12,0.12,613.007,1776194862000
1776194864.58,164.58,0.19,16.78,0.18,17.6,0.31,12.2,0.32,11.9,0.69,12.2,0.68,11.9,0.81,16.78,0.82,17.6,0.12,0.12,612.988,1776194863000
1776194865.372,165.372,0.24,38.11,0.23,14.7,0.32,7.0,0.37,11.2,0.68,7.0,0.63,11.2,0.76,38.11,0.77,14.7,0.08,0.08,612.988,1776194864000
1776194866.737,166.737,0.24,38.11,0.23,14.7,0.32,7.0,0.37,11.2,0.68,7.0,0.63,11.2,0.76,38.11,0.77,14.7,0.08,0.08,612.996,1776194865000
1776194867.485,167.485,0.24,38.11,0.23,14.7,0.32,7.0,0.37,11.2,0.68,7.0,0.63,11.2,0.76,38.11,0.77,14.7,0.08,0.08,612.996,1776194866000
1776194868.205,168.205,0.24,38.11,0.23,14.7,0.32,7.0,0.37,11.2,0.68,7.0,0.63,11.2,0.76,38.11,0.77,14.7,0.08,0.08,612.985,1776194867000
1776194869.644,169.644,0.24,5.82,0.21,55.0,0.3,7.0,0.34,11.6,0.7,7.0,0.66,11.6,0.76,5.82,0.79,55.0,0.06,0.06,613.024,1776194868000
1776194870.47,170.47,0.24,5.82,0.21,55.0,0.3,7.0,0.34,11.6,0.7,7.0,0.66,11.6,0.76,5.82,0.79,55.0,0.06,0.06,613.024,1776194869000
1776194871.116,171.116,0.24,5.82,0.21,55.0,0.3,7.0,0.34,11.6,0.7,7.0,0.66,11.6,0.76,5.82,0.79,55.0,0.06,0.06,612.941885,1776194870000
1776194872.601,172.601,0.24,5.82,0.21,55.0,0.3,7.0,0.34,11.6,0.7,7.0,0.66,11.6,0.76,5.82,0.79,55.0,0.06,0.06,612.94183,1776194871000
1776194873.257,173.257,0.24,5.82,0.21,55.0,0.3,7.0,0.34,11.6,0.7,7.0,0.66,11.6,0.76,5.82,0.79,55.0,0.06,0.06,612.94183,1776194872000
1776194874.734,174.734,0.24,5.82,0.21,55.0,0.3,7.0,0.34,11.6,0.7,7.0,0.66,11.6,0.76,5.82,0.79,55.0,0.06,0.06,612.943219,1776194873000
1776194875.414,175.414,0.24,5.82,0.21,55.0,0.3,7.0,0.34,11.6,0.7,7.0,0.66,11.6,0.76,5.82,0.79,55.0,0.06,0.06,612.943277,1776194874000
1776194876.052,176.052,0.24,5.82,0.21,55.0,0.3,7.0,0.34,11.6,0.7,7.0,0.66,11.6,0.76,5.82,0.79,55.0,0.06,0.06,612.943218,1776194875000
1776194877.516,177.516,0.24,5.82,0.21,55.0,0.3,7.0,0.34,11.6,0.7,7.0,0.66,11.6,0.76,5.82,0.79,55.0,0.06,0.06,612.943107,1776194876000
1776194878.198,178.198,0.24,5.82,0.21,55.0,0.3,7.0,0.34,11.6,0.7,7.0,0.66,11.6,0.76,5.82,0.79,55.0,0.06,0.06,612.943067,1776194877000
1776194880.062,180.062,0.24,5.82,0.21,55.0,0.3,7.0,0.34,11.6,0.7,7.0,0.66,11.6,0.76,5.82,0.79,55.0,0.06,0.06,612.9446,1776194879000
1776194881.048,181.048,0.24,5.82,0.21,55.0,0.3,7.0,0.34,11.6,0.7,7.0,0.66,11.6,0.76,5.82,0.79,55.0,0.06,0.06,612.944832,1776194880000
1776194882.057,182.057,0.24,5.82,0.21,55.0,0.3,7.0,0.34,11.6,0.7,7.0,0.66,11.6,0.76,5.82,0.79,55.0,0.06,0.06,612.944958,1776194881000
1776194882.751,182.751,0.24,5.82,0.21,55.0,0.33,2.0,0.35,11.4,0.7,7.0,0.66,11.6,0.76,5.82,0.79,55.0,0.09,0.06,612.944958,1776194881000
1776194883.044,183.044,0.24,5.82,0.21,55.0,0.33,2.0,0.35,11.4,0.67,2.0,0.65,11.4,0.76,5.82,0.79,55.0,0.09,0.09,612.944958,1776194882000
1776194883.525,183.525,0.31,20.24,0.26,5.0,0.38,8.1,0.39,10.9,0.62,8.1,0.61,10.9,0.69,26.85,0.74,5.0,0.07,0.07,612.944958,1776194882000
1776194884.005,184.005,0.31,20.24,0.26,5.0,0.38,8.1,0.39,10.9,0.62,8.1,0.61,10.9,0.69,20.24,0.74,5.0,0.07,0.07,612.943551,1776194883000
1776194884.997,184.997,0.31,20.24,0.26,5.0,0.38,8.1,0.39,10.9,0.62,8.1,0.61,10.9,0.69,20.24,0.74,5.0,0.07,0.07,613.005383,1776194884000
1776194886.061,186.061,0.31,20.24,0.26,5.0,0.38,8.1,0.39,10.9,0.62,8.1,0.61,10.9,0.69,20.24,0.74,5.0,0.07,0.07,613.147,1776194885000
1776194887.132,187.132,0.31,20.24,0.26,5.0,0.38,8.1,0.39,10.9,0.62,8.1,0.61,10.9,0.69,20.24,0.74,5.0,0.07,0.07,613.111,1776194886000
1776194889.744,189.744,0.31,20.24,0.26,5.0,0.38,8.1,0.39,10.9,0.62,8.1,0.61,10.9,0.69,20.24,0.74,5.0,0.07,0.07,613.118,1776194887000
1776194890.149,190.149,0.31,20.24,0.26,5.0,0.38,8.1,0.39,10.9,0.62,8.1,0.61,10.9,0.69,20.24,0.74,5.0,0.07,0.07,613.135,1776194889000
1776194891.129,191.129,0.31,20.24,0.26,5.0,0.38,8.1,0.39,10.9,0.62,8.1,0.61,10.9,0.69,20.24,0.74,5.0,0.07,0.07,613.134,1776194890000
1776194891.938,191.938,0.39,5.0,0.32,7.0,0.4,3.0,0.47,10.4,0.62,8.1,0.61,10.9,0.69,20.24,0.74,5.0,0.01,0.07,613.134,1776194890000
1776194892.194,192.194,0.39,5.0,0.32,7.0,0.4,3.0,0.47,10.4,0.6,3.0,0.53,10.4,0.61,5.0,0.68,7.0,0.01,0.01,613.148261,1776194891000
1776194893.421,193.421,0.39,5.0,0.32,7.0,0.47,10.4,0.48,10.4,0.53,10.4,0.52,10.4,0.61,5.0,0.68,7.0,0.08,0.08,613.169,1776194892000
1776194894.058,194.058,0.39,5.0,0.32,7.0,0.47,10.4,0.48,10.4,0.53,10.4,0.52,10.4,0.61,5.0,0.68,7.0,0.08,0.08,613.170006,1776194893000
1776194895.279,195.279,0.39,5.0,0.32,7.0,0.47,10.4,0.48,10.4,0.53,10.4,0.52,10.4,0.61,5.0,0.68,7.0,0.08,0.08,613.179,1776194894000
1776194895.855,195.855,0.39,5.0,0.32,7.0,0.47,10.4,0.48,10.4,0.53,10.4,0.52,10.4,0.61,5.0,0.68,7.0,0.08,0.08,613.195,1776194895000
1776194896.729,196.729,0.46,10.0,0.41,50.0,0.48,5.0,0.49,19.6,0.53,10.4,0.52,10.4,0.61,5.0,0.68,7.0,0.02,0.08,613.195,1776194895000
1776194897.051,197.051,0.46,10.0,0.41,50.0,0.48,5.0,0.49,19.6,0.52,5.0,0.51,19.6,0.54,10.0,0.59,50.0,0.02,0.02,613.195,1776194896000
1776194898.313,198.313,0.46,10.0,0.41,50.0,0.48,5.0,0.49,19.6,0.52,5.0,0.51,19.6,0.54,10.0,0.59,50.0,0.02,0.02,613.239,1776194897000
1776194898.953,198.953,0.46,10.0,0.41,50.0,0.48,5.0,0.49,19.6,0.52,5.0,0.51,19.6,0.54,10.0,0.59,50.0,0.02,0.02,613.239,1776194898000
1776194899.203,199.203,0.46,10.0,0.41,50.0,0.49,19.6,0.55,5.56,0.52,5.0,0.51,19.6,0.54,10.0,0.59,50.0,0.03,0.02,613.239,1776194898000
1776194899.497,199.497,0.51,20.4,0.46,10.0,0.55,5.56,0.63,24.2,0.51,19.6,0.45,5.56,0.54,10.0,0.59,50.0,0.04,0.03,613.239,1776194898000
1776194900.2,200.2,0.51,20.4,0.46,10.0,0.55,5.56,0.63,24.2,0.45,5.56,0.37,24.2,0.49,20.4,0.54,10.0,0.04,0.04,613.3,1776194899000
1776194901.376,201.376,0.51,20.4,0.46,10.0,0.55,5.56,0.63,24.2,0.45,5.56,0.37,24.2,0.49,20.4,0.54,10.0,0.04,0.04,613.31,1776194900000
1776194901.629,201.629,0.51,20.4,0.46,10.0,0.56,6.0,0.61,50.0,0.45,5.56,0.37,24.2,0.49,20.4,0.54,10.0,0.05,0.04,613.31,1776194900000
1776194901.973,201.973,0.51,20.4,0.46,10.0,0.56,6.0,0.61,50.0,0.44,6.0,0.39,50.0,0.49,20.4,0.54,10.0,0.05,0.05,613.292,1776194901000
1776194903.178,203.178,0.51,20.4,0.46,10.0,0.6,19.13,0.61,60.9,0.44,6.0,0.39,50.0,0.49,20.4,0.54,10.0,0.09,0.05,613.292,1776194901000
1776194904.492,204.492,0.51,20.4,0.46,10.0,0.6,19.13,0.61,60.9,0.4,19.13,0.39,60.9,0.49,20.4,0.54,10.0,0.09,0.09,613.268,1776194903000
1776194905.009,205.009,0.51,20.4,0.46,10.0,0.6,19.13,0.61,60.9,0.4,19.13,0.39,60.9,0.49,20.4,0.54,10.0,0.09,0.09,613.268,1776194904000
1776194906.146,206.146,0.51,20.4,0.46,10.0,0.6,19.13,0.61,60.9,0.4,19.13,0.39,60.9,0.49,20.4,0.54,10.0,0.09,0.09,613.277,1776194905000
1776194906.347,206.347,0.51,20.4,0.46,10.0,0.58,14.03,0.59,10.7,0.4,19.13,0.39,60.9,0.49,20.4,0.54,10.0,0.07,0.09,613.277,1776194905000
1776194907.366,207.366,0.51,20.4,0.46,10.0,0.58,14.03,0.59,10.7,0.42,14.03,0.41,10.7,0.49,20.4,0.54,10.0,0.07,0.07,613.281,1776194906000
1776194908.003,208.003,0.51,20.4,0.46,10.0,0.58,14.03,0.59,10.7,0.42,14.03,0.41,10.7,0.49,20.4,0.54,10.0,0.07,0.07,613.287,1776194907000
1776194908.885,208.885,0.51,20.4,0.46,10.0,0.56,5.6,0.57,10.6,0.42,14.03,0.41,10.7,0.49,20.4,0.54,10.0,0.05,0.07,613.287,1776194907000
1776194909.346,209.346,0.51,20.4,0.46,10.0,0.56,5.6,0.57,10.6,0.44,5.6,0.43,10.6,0.49,20.4,0.54,10.0,0.05,0.05,613.287,1776194908000
1776194910.278,210.278,0.51,20.4,0.46,10.0,0.56,5.6,0.57,10.6,0.44,5.6,0.43,10.6,0.49,20.4,0.54,10.0,0.05,0.05,613.288,1776194909000
1776194911.152,211.152,0.51,20.4,0.46,10.0,0.56,5.6,0.57,10.6,0.44,5.6,0.43,10.6,0.49,20.4,0.54,10.0,0.05,0.05,613.282,1776194910000
1776194912.584,212.584,0.51,20.4,0.46,10.0,0.56,5.6,0.57,10.6,0.44,5.6,0.43,10.6,0.49,20.4,0.54,10.0,0.05,0.05,613.296,1776194911000
1776194913.275,213.275,0.51,20.4,0.46,10.0,0.56,5.6,0.57,10.6,0.44,5.6,0.43,10.6,0.49,20.4,0.54,10.0,0.05,0.05,613.296,1776194912000
1776194913.511,213.511,0.51,20.4,0.46,10.0,0.57,5.6,0.58,14.03,0.44,5.6,0.43,10.6,0.49,20.4,0.54,10.0,0.06,0.05,613.296,1776194912000
1776194914.813,214.813,0.51,20.4,0.46,10.0,0.57,5.6,0.58,14.03,0.43,5.6,0.42,14.03,0.49,20.4,0.54,10.0,0.06,0.06,613.313,1776194913000
1776194915.595,215.595,0.63,6.67,0.51,29.01,0.65,25.4,0.66,11.6,0.35,25.4,0.34,11.6,0.37,6.67,0.49,29.01,0.02,0.02,613.301,1776194914000
1776194916.255,216.255,0.63,6.67,0.51,29.01,0.65,25.4,0.66,11.6,0.35,25.4,0.34,11.6,0.37,6.67,0.49,29.01,0.02,0.02,613.297,1776194915000
1776194917.769,217.769,0.63,6.67,0.51,29.01,0.65,25.4,0.66,11.6,0.35,25.4,0.34,11.6,0.37,6.67,0.49,29.01,0.02,0.02,613.359,1776194916000
1776194917.986,217.986,0.68,5.0,0.63,6.67,0.76,31.67,0.77,14.7,0.35,25.4,0.34,11.6,0.37,6.67,0.49,29.01,0.08,0.02,613.359,1776194916000
1776194918.531,218.531,0.68,5.0,0.63,6.67,0.76,31.67,0.77,14.7,0.24,31.67,0.23,14.7,0.32,5.0,0.37,6.67,0.08,0.08,613.408,1776194917000
1776194919.288,219.288,0.68,5.0,0.63,6.67,0.76,31.67,0.77,14.7,0.24,31.67,0.23,14.7,0.32,5.0,0.37,6.67,0.08,0.08,613.487,1776194918000
1776194920.713,220.713,0.68,5.0,0.63,6.67,0.76,31.67,0.77,14.7,0.24,31.67,0.23,14.7,0.32,5.0,0.37,6.67,0.08,0.08,613.463,1776194919000
1776194921.403,221.403,0.68,5.0,0.63,6.67,0.76,31.67,0.77,14.7,0.24,31.67,0.23,14.7,0.32,5.0,0.37,6.67,0.08,0.08,613.455482,1776194920000
1776194922.084,222.084,0.68,5.0,0.63,6.67,0.76,31.67,0.77,14.7,0.24,31.67,0.23,14.7,0.32,5.0,0.37,6.67,0.08,0.08,613.454,1776194921000
1776194923.557,223.557,0.68,5.0,0.63,6.67,0.76,31.67,0.77,14.7,0.24,31.67,0.23,14.7,0.32,5.0,0.37,6.67,0.08,0.08,613.456,1776194922000
1776194924.301,224.301,0.68,5.0,0.63,6.67,0.76,31.67,0.77,14.7,0.24,31.67,0.23,14.7,0.32,5.0,0.37,6.67,0.08,0.08,613.455,1776194923000
1776194925.018,225.018,0.68,5.0,0.63,6.67,0.76,31.67,0.77,14.7,0.24,31.67,0.23,14.7,0.32,5.0,0.37,6.67,0.08,0.08,613.439,1776194924000
1776194926.342,226.342,0.68,5.0,0.63,6.67,0.76,31.67,0.77,14.7,0.24,31.67,0.23,14.7,0.32,5.0,0.37,6.67,0.08,0.08,613.447,1776194925000
1776194927.02,227.02,0.68,5.0,0.63,6.67,0.76,31.67,0.77,14.7,0.24,31.67,0.23,14.7,0.32,5.0,0.37,6.67,0.08,0.08,613.431,1776194926000
1776194928.185,228.185,0.68,5.0,0.63,6.67,0.76,31.67,0.77,14.7,0.24,31.67,0.23,14.7,0.32,5.0,0.37,6.67,0.08,0.08,613.438,1776194927000
1776194929.13,229.13,0.68,5.0,0.63,6.67,0.76,31.67,0.77,14.7,0.24,31.67,0.23,14.7,0.32,5.0,0.37,6.67,0.08,0.08,613.441,1776194928000
1776194930.201,230.201,0.68,5.0,0.63,6.67,0.76,31.67,0.77,14.7,0.24,31.67,0.23,14.7,0.32,5.0,0.37,6.67,0.08,0.08,613.447,1776194929000
1776194931.198,231.198,0.68,5.0,0.63,6.67,0.76,31.67,0.77,14.7,0.24,31.67,0.23,14.7,0.32,5.0,0.37,6.67,0.08,0.08,613.458681,1776194930000
1776194932.27,232.27,0.68,5.0,0.63,6.67,0.76,31.67,0.77,14.7,0.24,31.67,0.23,14.7,0.32,5.0,0.37,6.67,0.08,0.08,613.48,1776194931000
1776194933.316,233.316,0.68,5.0,0.63,6.67,0.76,31.67,0.77,14.7,0.24,31.67,0.23,14.7,0.32,5.0,0.37,6.67,0.08,0.08,613.496,1776194932000
1776194933.902,233.902,0.68,5.0,0.63,6.67,0.76,31.67,0.77,14.7,0.24,31.67,0.23,14.7,0.32,5.0,0.37,6.67,0.08,0.08,613.513,1776194933000
1776194934.985,234.985,0.68,5.0,0.63,6.67,0.76,31.67,0.77,14.7,0.24,31.67,0.23,14.7,0.32,5.0,0.37,6.67,0.08,0.08,613.509,1776194934000
1776194936.023,236.023,0.68,5.0,0.63,6.67,0.76,31.67,0.77,14.7,0.24,31.67,0.23,14.7,0.32,5.0,0.37,6.67,0.08,0.08,613.519,1776194935000
1776194936.997,236.997,0.68,5.0,0.63,6.67,0.76,31.67,0.77,14.7,0.24,31.67,0.23,14.7,0.32,5.0,0.37,6.67,0.08,0.08,613.527,1776194936000
1776194938.018,238.018,0.68,5.0,0.63,6.67,0.76,31.67,0.77,14.7,0.24,31.67,0.23,14.7,0.32,5.0,0.37,6.67,0.08,0.08,613.529,1776194937000
1776194939.097,239.097,0.68,5.0,0.63,6.67,0.76,31.67,0.77,14.7,0.24,31.67,0.23,14.7,0.32,5.0,0.37,6.67,0.08,0.08,613.528,1776194938000
1776194939.71,239.71,0.84,5.0,0.79,5.0,0.91,47.8,0.93,39.9,0.24,31.67,0.23,14.7,0.32,5.0,0.37,6.67,0.07,0.08,613.528,1776194938000
1776194940.049,240.049,0.85,5.0,0.79,5.0,0.91,42.8,0.93,39.9,0.09,47.8,0.07,39.9,0.16,5.0,0.21,5.0,0.06,0.07,613.528,1776194938000
1776194941.777,241.777,0.85,5.0,0.79,5.0,0.91,42.8,0.93,39.9,0.09,42.8,0.07,39.9,0.15,5.0,0.21,5.0,0.06,0.06,613.699,1776194940000
1776194942.492,242.492,0.89,21.0,0.81,16.89,0.91,37.8,0.93,39.9,0.09,42.8,0.07,39.9,0.15,5.0,0.21,5.0,0.02,0.06,613.699,1776194940000
1776194942.814,242.814,0.89,21.0,0.82,17.6,0.91,36.7,0.93,39.9,0.09,37.8,0.07,39.9,0.11,21.0,0.19,16.89,0.02,0.02,613.699,1776194940000
1776194944.545,244.545,0.89,21.0,0.82,17.6,0.91,36.7,0.93,39.9,0.09,36.7,0.07,39.9,0.11,21.0,0.18,17.6,0.02,0.02,613.789,1776194942000
1776194945.111,245.111,0.89,21.0,0.82,17.6,0.91,36.7,0.93,39.9,0.09,36.7,0.07,39.9,0.11,21.0,0.18,17.6,0.02,0.02,613.777,1776194944000
1776194945.475,245.475,0.89,21.0,0.87,23.0,0.91,10.43,0.97,89.3,0.09,36.7,0.07,39.9,0.11,21.0,0.18,17.6,0.02,0.02,613.777,1776194944000
1776194946.526,246.526,0.89,21.0,0.87,23.0,0.91,10.43,0.97,89.3,0.09,10.43,0.03,89.3,0.11,21.0,0.13,23.0,0.02,0.02,613.772,1776194945000
1776194946.889,246.889,0.9,17.62,0.89,26.6,0.91,10.43,0.97,89.3,0.09,10.43,0.03,89.3,0.11,21.0,0.13,23.0,0.01,0.02,613.772,1776194945000
1776194947.234,247.234,0.9,17.62,0.89,26.6,0.91,10.43,0.97,89.3,0.09,10.43,0.03,89.3,0.1,17.62,0.11,26.6,0.01,0.01,613.772,1776194946000
1776194949.07,249.07,0.9,17.62,0.89,26.6,0.91,10.43,0.97,89.3,0.09,10.43,0.03,89.3,0.1,17.62,0.11,26.6,0.01,0.01,613.8,1776194947000
1776194949.856,249.856,0.9,17.62,0.89,26.6,0.91,10.43,0.97,89.3,0.09,10.43,0.03,89.3,0.1,17.62,0.11,26.6,0.01,0.01,613.721,1776194948000
1776194950.264,250.264,0.9,17.62,0.89,26.6,0.97,89.3,0.98,137.69,0.09,10.43,0.03,89.3,0.1,17.62,0.11,26.6,0.07,0.01,613.721,1776194948000
1776194950.501,250.501,0.9,17.62,0.89,26.6,0.97,89.3,0.98,137.69,0.03,89.3,0.02,137.69,0.1,17.62,0.11,26.6,0.07,0.07,613.721,1776194949000
1776194951.217,251.217,0.9,17.62,0.89,26.6,0.97,89.3,0.98,137.69,0.03,89.3,0.02,137.69,0.1,17.62,0.11,26.6,0.07,0.07,613.706,1776194950000
1776194952.675,252.675,0.9,17.62,0.89,26.6,0.97,89.3,0.98,137.69,0.03,89.3,0.02,137.69,0.1,17.62,0.11,26.6,0.07,0.07,613.706,1776194951000
1776194953.29,253.29,0.9,17.62,0.89,26.6,0.97,89.3,0.98,137.69,0.03,89.3,0.02,137.69,0.1,17.62,0.11,26.6,0.07,0.07,613.701,1776194952000
1776194954.736,254.736,0.9,17.62,0.89,26.6,0.97,89.3,0.98,137.69,0.03,89.3,0.02,137.69,0.1,17.62,0.11,26.6,0.07,0.07,613.701,1776194953000
1776194955.951,255.951,0.9,17.62,0.89,26.6,0.97,89.3,0.98,137.69,0.03,89.3,0.02,137.69,0.1,17.62,0.11,26.6,0.07,0.07,613.701,1776194954000
1776194956.772,256.772,0.9,17.62,0.89,26.6,0.97,89.3,0.98,137.69,0.03,89.3,0.02,137.69,0.1,17.62,0.11,26.6,0.07,0.07,613.714,1776194955000
1776194957.472,257.472,0.9,17.62,0.89,26.6,0.97,89.3,0.98,137.69,0.03,89.3,0.02,137.69,0.1,17.62,0.11,26.6,0.07,0.07,613.714,1776194956000
1776194958.188,258.188,0.9,17.62,0.89,26.6,0.97,89.3,0.98,137.69,0.03,89.3,0.02,137.69,0.1,17.62,0.11,26.6,0.07,0.07,613.715,1776194957000
1776194959.958,259.958,0.9,17.62,0.89,26.6,0.97,89.3,0.98,137.69,0.03,89.3,0.02,137.69,0.1,17.62,0.11,26.6,0.07,0.07,613.72,1776194958000
1776194960.906,260.906,0.9,17.62,0.89,26.6,0.97,89.3,0.98,137.69,0.03,89.3,0.02,137.69,0.1,17.62,0.11,26.6,0.07,0.07,613.727,1776194959000
1776194961.713,261.713,0.9,17.62,0.89,26.6,0.97,89.3,0.98,137.69,0.03,89.3,0.02,137.69,0.1,17.62,0.11,26.6,0.07,0.07,613.757,1776194960000
1776194962.746,262.746,0.9,17.62,0.89,26.6,0.97,89.3,0.98,137.69,0.03,89.3,0.02,137.69,0.1,17.62,0.11,26.6,0.07,0.07,613.745,1776194961000
1776194963.284,263.284,0.9,17.62,0.89,26.6,0.97,89.3,0.98,137.69,0.03,89.3,0.02,137.69,0.1,17.62,0.11,26.6,0.07,0.07,613.745,1776194962000
1776194964.304,264.304,0.9,17.62,0.89,26.6,0.97,89.3,0.98,137.69,0.03,89.3,0.02,137.69,0.1,17.62,0.11,26.6,0.07,0.07,613.807455,1776194963000
1776194965.279,265.279,0.9,17.62,0.89,26.6,0.97,89.3,0.98,137.69,0.03,89.3,0.02,137.69,0.1,17.62,0.11,26.6,0.07,0.07,613.81,1776194964000
1776194966.341,266.341,0.9,17.62,0.89,26.6,0.97,89.3,0.98,137.69,0.03,89.3,0.02,137.69,0.1,17.62,0.11,26.6,0.07,0.07,613.85,1776194965000
1776194967.322,267.322,0.9,17.62,0.89,26.6,0.97,89.3,0.98,137.69,0.03,89.3,0.02,137.69,0.1,17.62,0.11,26.6,0.07,0.07,613.85,1776194966000
1776194968.359,268.359,0.9,17.62,0.89,26.6,0.97,89.3,0.98,137.69,0.03,89.3,0.02,137.69,0.1,17.62,0.11,26.6,0.07,0.07,613.789,1776194967000
1776194968.876,268.876,0.9,17.62,0.89,26.6,0.97,89.3,0.98,137.69,0.03,89.3,0.02,137.69,0.1,17.62,0.11,26.6,0.07,0.07,613.789,1776194968000
1776194969.95,269.95,0.9,17.62,0.89,26.6,0.97,89.3,0.98,137.69,0.03,89.3,0.02,137.69,0.1,17.62,0.11,26.6,0.07,0.07,613.805,1776194969000
1776194970.282,270.282,0.97,89.3,0.96,67.7,0.98,3.97,0.99,5165.0,0.03,89.3,0.02,137.69,0.1,17.62,0.11,26.6,0.01,0.07,613.805,1776194969000
1776194970.891,270.891,0.97,89.3,0.96,67.7,0.98,3.97,0.99,5165.0,0.02,3.97,0.01,5165.0,0.03,89.3,0.04,67.7,0.01,0.01,613.805,1776194970000
1776194971.895,271.895,0.97,89.3,0.96,67.7,0.98,3.97,0.99,5165.0,0.02,3.97,0.01,5165.0,0.03,89.3,0.04,67.7,0.01,0.01,613.822,1776194971000
1776194972.407,272.407,0.97,89.3,0.96,67.7,0.99,5143.72,,,0.02,3.97,0.01,5165.0,0.03,89.3,0.04,67.7,0.02,0.01,613.822,1776194971000
1776194972.912,272.912,0.97,89.3,0.96,67.7,0.99,5143.72,,,0.01,5143.72,,,0.03,89.3,0.04,67.7,0.02,0.02,613.834,1776194972000
1776194974.03,274.03,0.97,89.3,0.96,67.7,0.99,5143.72,,,0.01,5143.72,,,0.03,89.3,0.04,67.7,0.02,0.02,613.829,1776194973000
1776194974.998,274.998,0.97,89.3,0.96,67.7,0.99,5143.72,,,0.01,5143.72,,,0.03,89.3,0.04,67.7,0.02,0.02,613.871,1776194974000
1776194975.648,275.648,0.94,10.0,0.89,5.0,0.99,122.7,,,0.01,5143.72,,,0.03,89.3,0.04,67.7,0.05,0.02,613.871,1776194974000
1776194975.865,275.865,0.94,10.0,0.89,5.0,0.99,122.7,,,0.01,122.7,,,0.06,10.0,0.11,5.0,0.05,0.05,613.948,1776194975000
1776194976.414,276.414,0.93,10.0,0.89,5.0,0.99,71.7,,,0.01,122.7,,,0.06,10.0,0.11,5.0,0.06,0.05,613.948,1776194975000
1776194976.932,276.932,0.93,10.0,0.89,5.0,0.99,71.7,,,0.01,71.7,,,0.07,10.0,0.11,5.0,0.06,0.06,613.959,1776194976000
1776194977.931,277.931,0.93,10.0,0.89,5.0,0.99,71.7,,,0.01,71.7,,,0.07,10.0,0.11,5.0,0.06,0.06,613.956,1776194977000
1776194978.907,278.907,0.93,10.0,0.89,5.0,0.99,71.7,,,0.01,71.7,,,0.07,10.0,0.11,5.0,0.06,0.06,613.959,1776194978000
1776194980.035,280.035,0.93,10.0,0.89,5.0,0.99,71.7,,,0.01,71.7,,,0.07,10.0,0.11,5.0,0.06,0.06,613.952,1776194979000
1776194981.041,281.041,0.93,10.0,0.89,5.0,0.99,71.7,,,0.01,71.7,,,0.07,10.0,0.11,5.0,0.06,0.06,613.945,1776194980000
1776194982.005,282.005,0.93,10.0,0.89,5.0,0.99,71.7,,,0.01,71.7,,,0.07,10.0,0.11,5.0,0.06,0.06,613.91615,1776194981000
1776194983.032,283.032,0.93,10.0,0.89,5.0,0.99,71.7,,,0.01,71.7,,,0.07,10.0,0.11,5.0,0.06,0.06,613.857,1776194982000
1776194983.394,283.394,0.89,63.0,0.84,10.0,0.98,4.74,0.99,96.92,0.02,9.79,0.01,96.92,0.11,63.0,0.16,10.0,0.09,0.09,613.857,1776194982000
1776194984.131,284.131,0.89,63.0,0.84,10.0,0.99,56.21,,,0.01,56.21,,,0.11,63.0,0.16,10.0,0.1,0.1,613.846,1776194983000
1776194984.802,284.802,0.89,48.0,0.79,5.0,0.99,40.04,,,0.01,47.87,,,0.11,48.0,0.21,5.0,0.1,0.1,613.846,1776194983000
1776194985.166,285.166,0.89,48.0,0.79,5.0,0.99,40.04,,,0.01,40.04,,,0.11,48.0,0.21,5.0,0.1,0.1,613.792,1776194984000
1776194986.268,286.268,0.89,48.0,0.79,5.0,0.99,40.04,,,0.01,40.04,,,0.11,48.0,0.21,5.0,0.1,0.1,613.788,1776194985000
1776194987.169,287.169,0.89,48.0,0.79,5.0,0.99,40.04,,,0.01,40.04,,,0.11,48.0,0.21,5.0,0.1,0.1,613.756165,1776194986000
1776194988.295,288.295,0.89,48.0,0.79,5.0,0.99,40.04,,,0.01,40.04,,,0.11,48.0,0.21,5.0,0.1,0.1,613.756165,1776194987000
1776194989.156,289.156,0.89,48.0,0.79,5.0,0.99,7.25,,,0.01,40.04,,,0.11,48.0,0.21,5.0,0.1,0.1,613.756165,1776194987000
1776194989.386,289.386,0.89,48.0,0.79,5.0,0.99,7.25,,,0.01,7.25,,,0.11,48.0,0.21,5.0,0.1,0.1,613.755929,1776194988000
1776194989.953,289.953,0.89,48.0,0.79,5.0,0.99,7.25,,,0.01,7.25,,,0.11,48.0,0.21,5.0,0.1,0.1,613.755929,1776194989000
1776194990.585,290.585,0.89,28.0,0.79,5.0,0.98,15.0,0.99,7.25,0.01,7.25,,,0.11,48.0,0.21,5.0,0.09,0.1,613.755929,1776194989000
1776194991.025,291.025,0.89,28.0,0.79,5.0,0.98,15.0,0.99,7.25,0.02,15.0,0.01,7.25,0.11,28.0,0.21,5.0,0.09,0.09,613.753339,1776194990000
1776194991.974,291.974,0.89,28.0,0.79,5.0,0.99,6.7,,,0.02,15.0,0.01,7.25,0.11,28.0,0.21,5.0,0.1,0.09,613.753339,1776194990000
1776194993.322,293.322,0.89,28.0,0.79,5.0,0.99,6.7,,,0.01,6.7,,,0.11,28.0,0.21,5.0,0.1,0.1,613.722,1776194992000
1776194994.409,294.409,0.89,28.0,0.79,5.0,0.99,6.7,,,0.01,6.7,,,0.11,28.0,0.21,5.0,0.1,0.1,613.722,1776194993000
1776194994.975,294.975,0.89,28.0,0.79,5.0,0.99,6.7,,,0.01,6.7,,,0.11,28.0,0.21,5.0,0.1,0.1,613.716,1776194994000
1776194995.959,295.959,0.89,28.0,0.79,5.0,0.99,6.7,,,0.01,6.7,,,0.11,28.0,0.21,5.0,0.1,0.1,613.729,1776194995000
1776194997.056,297.056,0.89,28.0,0.79,5.0,0.99,6.7,,,0.01,6.7,,,0.11,28.0,0.21,5.0,0.1,0.1,613.733,1776194996000
1776194998.043,298.043,0.89,28.0,0.79,5.0,0.99,6.7,,,0.01,6.7,,,0.11,28.0,0.21,5.0,0.1,0.1,613.742,1776194997000
1776194999.137,299.137,0.89,28.0,0.79,5.0,0.99,6.7,,,0.01,6.7,,,0.11,28.0,0.21,5.0,0.1,0.1,613.765,1776194998000
1776195000.241,300.241,0.89,28.0,0.79,5.0,0.99,6.7,,,0.01,6.7,,,0.11,28.0,0.21,5.0,0.1,0.1,613.744,1776194999000

# RESULT,winner=Up,slug=bnb-updown-5m-1776194700,ticks=341
