timestamp,elapsed_sec,up_bid_p1,up_bid_s1,up_bid_p2,up_bid_s2,up_ask_p1,up_ask_s1,up_ask_p2,up_ask_s2,down_bid_p1,down_bid_s1,down_bid_p2,down_bid_s2,down_ask_p1,down_ask_s1,down_ask_p2,down_ask_s2,up_spread,down_spread,bnb_price,bnb_oracle_ts
1776193201.292,1.292,,,,,,,,,,,,,,,,,,,614.196393,1776193200000
1776193201.63,1.63,0.5,5.0,0.33,300.0,0.59,5.0,0.67,300.0,0.33,300.0,0.31,375.0,0.5,5.0,0.67,300.0,0.09,0.17,614.196393,1776193200000
1776193202.074,2.074,0.4,5.0,0.33,300.0,0.51,5.0,0.67,300.0,0.33,300.0,0.31,375.0,0.5,5.0,0.67,300.0,0.11,0.17,614.196393,1776193200000
1776193203.134,3.134,0.4,5.0,0.33,300.0,0.51,5.0,0.67,300.0,0.49,5.0,0.33,300.0,0.6,5.0,0.67,300.0,0.11,0.11,614.102,1776193202000
1776193204.342,4.342,0.4,5.0,0.33,300.0,0.51,5.0,0.67,300.0,0.49,5.0,0.33,300.0,0.6,5.0,0.67,300.0,0.11,0.11,614.055041,1776193203000
1776193205.788,5.788,0.4,5.0,0.33,300.0,0.51,5.0,0.67,300.0,0.49,5.0,0.33,300.0,0.6,5.0,0.67,300.0,0.11,0.11,613.949457,1776193204000
1776193206.18,6.18,0.4,5.0,0.39,5.0,0.41,50.0,0.5,10.0,0.49,5.0,0.33,300.0,0.6,5.0,0.67,300.0,0.01,0.11,613.949457,1776193204000
1776193206.914,6.914,0.4,5.0,0.39,5.0,0.41,50.0,0.5,10.0,0.59,50.0,0.5,10.0,0.6,5.0,0.61,5.0,0.01,0.01,613.949271,1776193206000
1776193208.142,8.142,0.4,5.0,0.39,5.0,0.41,50.0,0.5,10.0,0.59,50.0,0.5,10.0,0.6,5.0,0.61,5.0,0.01,0.01,613.940853,1776193207000
1776193209.22,9.22,0.4,5.0,0.39,5.0,0.41,50.0,0.5,10.0,0.59,50.0,0.5,10.0,0.6,5.0,0.61,5.0,0.01,0.01,613.900826,1776193208000
1776193210.373,10.373,0.4,5.0,0.39,5.0,0.41,50.0,0.5,10.0,0.59,50.0,0.5,10.0,0.6,5.0,0.61,5.0,0.01,0.01,613.945,1776193209000
1776193211.988,11.988,0.4,5.0,0.39,5.0,0.41,50.0,0.5,10.0,0.59,50.0,0.5,10.0,0.6,5.0,0.61,5.0,0.01,0.01,613.994,1776193211000
1776193213.214,13.214,0.4,5.0,0.39,5.0,0.41,50.0,0.5,10.0,0.59,50.0,0.5,10.0,0.6,5.0,0.61,5.0,0.01,0.01,613.982,1776193212000
1776193214.349,14.349,0.4,5.0,0.39,5.0,0.41,50.0,0.5,10.0,0.59,50.0,0.5,10.0,0.6,5.0,0.61,5.0,0.01,0.01,614.006,1776193213000
1776193214.954,14.954,0.4,5.0,0.39,5.0,0.41,50.0,0.5,10.0,0.59,50.0,0.5,10.0,0.6,5.0,0.61,5.0,0.01,0.01,614.006,1776193214000
1776193216.269,16.269,0.4,5.0,0.39,5.0,0.41,50.0,0.5,10.0,0.59,50.0,0.5,10.0,0.6,5.0,0.61,5.0,0.01,0.01,614.018,1776193215000
1776193217.92,17.92,0.4,5.0,0.39,5.0,0.41,50.0,0.5,10.0,0.59,50.0,0.5,10.0,0.6,5.0,0.61,5.0,0.01,0.01,614.032,1776193216000
1776193218.654,18.654,0.4,5.0,0.39,5.0,0.41,50.0,0.5,10.0,0.59,50.0,0.5,10.0,0.6,5.0,0.61,5.0,0.01,0.01,614.025,1776193217000
1776193219.35,19.35,0.4,5.0,0.39,5.0,0.41,50.0,0.5,10.0,0.59,50.0,0.5,10.0,0.6,5.0,0.61,5.0,0.01,0.01,614.056,1776193218000
1776193219.908,19.908,0.4,5.0,0.39,5.0,0.41,50.0,0.5,10.0,0.59,50.0,0.5,10.0,0.6,5.0,0.61,5.0,0.01,0.01,614.056,1776193219000
1776193221.34,21.34,0.4,5.0,0.39,5.0,0.41,50.0,0.5,10.0,0.59,50.0,0.5,10.0,0.6,5.0,0.61,5.0,0.01,0.01,614.024352,1776193220000
1776193222.154,22.154,0.4,5.0,0.39,5.0,0.41,50.0,0.5,10.0,0.59,50.0,0.5,10.0,0.6,5.0,0.61,5.0,0.01,0.01,614.044269,1776193221000
1776193223.483,23.483,0.4,5.0,0.39,5.0,0.41,50.0,0.5,10.0,0.59,50.0,0.5,10.0,0.6,5.0,0.61,5.0,0.01,0.01,614.060661,1776193222000
1776193224.137,24.137,0.4,5.0,0.39,5.0,0.41,50.0,0.5,10.0,0.59,50.0,0.5,10.0,0.6,5.0,0.61,5.0,0.01,0.01,614.082,1776193223000
1776193225.406,25.406,0.4,5.0,0.39,5.0,0.41,50.0,0.5,10.0,0.59,50.0,0.5,10.0,0.6,5.0,0.61,5.0,0.01,0.01,614.061741,1776193224000
1776193225.976,25.976,0.44,5.0,0.43,5.0,0.45,5.0,0.48,5.0,0.59,50.0,0.5,10.0,0.6,5.0,0.61,5.0,0.01,0.01,614.061741,1776193224000
1776193227.432,27.432,0.44,5.0,0.43,5.0,0.45,5.0,0.48,5.0,0.55,5.0,0.52,5.0,0.56,5.0,0.57,5.0,0.01,0.01,614.05583,1776193226000
1776193228.319,28.319,0.44,5.0,0.43,5.0,0.45,5.0,0.48,5.0,0.55,5.0,0.52,5.0,0.56,5.0,0.57,5.0,0.01,0.01,614.006866,1776193227000
1776193229.677,29.677,0.43,5.0,0.36,10.0,0.45,5.0,0.47,9.0,0.55,5.0,0.53,9.0,0.57,5.0,0.64,10.0,0.02,0.02,613.997759,1776193228000
1776193230.52,30.52,0.43,5.0,0.36,10.0,0.45,5.0,0.47,9.0,0.55,5.0,0.53,9.0,0.57,5.0,0.64,10.0,0.02,0.02,613.992521,1776193229000
1776193231.266,31.266,0.43,5.0,0.36,10.0,0.45,5.0,0.47,9.0,0.55,5.0,0.53,9.0,0.57,5.0,0.64,10.0,0.02,0.02,613.992521,1776193230000
1776193232.676,32.676,0.43,5.0,0.36,10.0,0.45,5.0,0.47,9.0,0.55,5.0,0.53,9.0,0.57,5.0,0.64,10.0,0.02,0.02,613.991555,1776193231000
1776193233.514,33.514,0.43,5.0,0.36,10.0,0.45,5.0,0.47,9.0,0.55,5.0,0.53,9.0,0.57,5.0,0.64,10.0,0.02,0.02,613.991495,1776193232000
1776193234.549,34.549,0.43,5.0,0.36,10.0,0.45,5.0,0.47,9.0,0.55,5.0,0.53,9.0,0.57,5.0,0.64,10.0,0.02,0.02,613.99065,1776193233000
1776193235.127,35.127,0.43,5.0,0.36,10.0,0.45,5.0,0.47,9.0,0.55,5.0,0.53,9.0,0.57,5.0,0.64,10.0,0.02,0.02,613.990485,1776193234000
1776193235.981,35.981,0.4,5.0,0.32,5.0,0.41,40.0,0.43,23.0,0.55,5.0,0.53,9.0,0.57,5.0,0.64,10.0,0.01,0.02,613.990485,1776193234000
1776193237.256,37.256,0.32,5.0,0.31,6.14,0.41,30.18,0.43,23.0,0.59,30.18,0.57,23.0,0.68,5.0,0.69,6.14,0.09,0.09,613.99055,1776193236000
1776193238.189,38.189,0.32,5.0,0.31,6.14,0.41,30.18,0.43,23.0,0.59,30.18,0.57,23.0,0.68,5.0,0.69,6.14,0.09,0.09,613.948,1776193237000
1776193239.315,39.315,0.32,5.0,0.31,6.14,0.41,30.18,0.43,23.0,0.59,30.18,0.57,23.0,0.68,5.0,0.69,6.14,0.09,0.09,613.948,1776193238000
1776193240.317,40.317,0.32,5.0,0.31,6.14,0.41,30.18,0.43,23.0,0.59,30.18,0.57,23.0,0.68,5.0,0.69,6.14,0.09,0.09,614.017,1776193239000
1776193240.874,40.874,0.32,5.0,0.31,6.14,0.41,30.18,0.43,23.0,0.59,30.18,0.57,23.0,0.68,5.0,0.69,6.14,0.09,0.09,614.017,1776193240000
1776193241.854,41.854,0.32,5.0,0.31,6.14,0.41,30.18,0.43,23.0,0.59,30.18,0.57,23.0,0.68,5.0,0.69,6.14,0.09,0.09,614.032,1776193241000
1776193242.878,42.878,0.32,5.0,0.31,6.14,0.41,30.18,0.43,23.0,0.59,30.18,0.57,23.0,0.68,5.0,0.69,6.14,0.09,0.09,614.018,1776193242000
1776193243.863,43.863,0.32,5.0,0.31,6.14,0.41,30.18,0.43,23.0,0.59,30.18,0.57,23.0,0.68,5.0,0.69,6.14,0.09,0.09,614.019,1776193243000
1776193244.822,44.822,0.32,5.0,0.31,6.14,0.41,30.18,0.43,23.0,0.59,30.18,0.57,23.0,0.68,5.0,0.69,6.14,0.09,0.09,614.014,1776193244000
1776193245.849,45.849,0.32,5.0,0.31,6.14,0.41,30.18,0.43,23.0,0.59,30.18,0.57,23.0,0.68,5.0,0.69,6.14,0.09,0.09,614.074638,1776193245000
1776193248.04,48.04,0.32,5.0,0.31,6.14,0.41,30.18,0.43,23.0,0.59,30.18,0.57,23.0,0.68,5.0,0.69,6.14,0.09,0.09,614.089047,1776193246000
1776193248.608,48.608,0.32,5.0,0.31,6.14,0.41,30.18,0.43,23.0,0.59,30.18,0.57,23.0,0.68,5.0,0.69,6.14,0.09,0.09,614.088051,1776193247000
1776193249.211,49.211,0.32,5.0,0.31,6.14,0.41,30.18,0.43,23.0,0.59,30.18,0.57,23.0,0.68,5.0,0.69,6.14,0.09,0.09,614.092306,1776193248000
1776193250.454,50.454,0.32,5.0,0.31,6.14,0.41,30.18,0.43,23.0,0.59,30.18,0.57,23.0,0.68,5.0,0.69,6.14,0.09,0.09,614.09207,1776193249000
1776193251.046,51.046,0.32,5.0,0.31,6.14,0.41,30.18,0.43,23.0,0.59,30.18,0.57,23.0,0.68,5.0,0.69,6.14,0.09,0.09,614.09207,1776193250000
1776193252.109,52.109,0.32,5.0,0.31,6.14,0.41,30.18,0.43,23.0,0.59,30.18,0.57,23.0,0.68,5.0,0.69,6.14,0.09,0.09,614.092263,1776193251000
1776193253.289,53.289,0.32,5.0,0.31,6.14,0.41,30.18,0.43,23.0,0.59,30.18,0.57,23.0,0.68,5.0,0.69,6.14,0.09,0.09,614.092319,1776193252000
1776193254.478,54.478,0.32,5.0,0.31,6.14,0.41,30.18,0.43,23.0,0.59,30.18,0.57,23.0,0.68,5.0,0.69,6.14,0.09,0.09,614.092456,1776193253000
1776193255.028,55.028,0.32,5.0,0.31,6.14,0.41,30.18,0.43,23.0,0.59,30.18,0.57,23.0,0.68,5.0,0.69,6.14,0.09,0.09,614.092819,1776193254000
1776193256.243,56.243,0.32,5.0,0.31,6.14,0.41,30.18,0.43,23.0,0.59,30.18,0.57,23.0,0.68,5.0,0.69,6.14,0.09,0.09,614.092822,1776193255000
1776193257.251,57.251,0.32,5.0,0.31,6.14,0.41,30.18,0.43,23.0,0.59,30.18,0.57,23.0,0.68,5.0,0.69,6.14,0.09,0.09,614.088883,1776193256000
1776193258.37,58.37,0.32,5.0,0.31,6.14,0.41,30.18,0.43,23.0,0.59,30.18,0.57,23.0,0.68,5.0,0.69,6.14,0.09,0.09,614.089054,1776193257000
1776193258.96,58.96,0.32,5.0,0.31,6.14,0.41,30.18,0.43,23.0,0.59,30.18,0.57,23.0,0.68,5.0,0.69,6.14,0.09,0.09,614.089054,1776193258000
1776193260.283,60.283,0.32,5.0,0.31,6.14,0.41,30.18,0.43,23.0,0.59,30.18,0.57,23.0,0.68,5.0,0.69,6.14,0.09,0.09,614.085703,1776193259000
1776193261.423,61.423,0.32,5.0,0.31,6.14,0.41,30.18,0.43,23.0,0.59,30.18,0.57,23.0,0.68,5.0,0.69,6.14,0.09,0.09,614.083345,1776193260000
1776193261.966,61.966,0.32,5.0,0.31,6.14,0.41,30.18,0.43,23.0,0.59,30.18,0.57,23.0,0.68,5.0,0.69,6.14,0.09,0.09,614.083345,1776193261000
1776193262.384,62.384,0.54,5.0,0.51,5.0,0.63,5.0,0.65,14.0,0.59,30.18,0.57,23.0,0.68,5.0,0.69,6.14,0.09,0.09,614.083345,1776193261000
1776193263.904,63.904,0.54,5.0,0.51,5.0,0.63,5.0,0.65,14.0,0.37,5.0,0.35,14.0,0.46,5.0,0.49,5.0,0.09,0.09,614.323348,1776193262000
1776193264.512,64.512,0.54,5.0,0.51,5.0,0.63,5.0,0.65,14.0,0.37,5.0,0.35,14.0,0.46,5.0,0.49,5.0,0.09,0.09,614.345674,1776193263000
1776193265.098,65.098,0.54,5.0,0.51,5.0,0.63,5.0,0.65,14.0,0.37,5.0,0.35,14.0,0.46,5.0,0.49,5.0,0.09,0.09,614.370987,1776193264000
1776193266.286,66.286,0.54,5.0,0.51,5.0,0.63,5.0,0.65,14.0,0.37,5.0,0.35,14.0,0.46,5.0,0.49,5.0,0.09,0.09,614.390007,1776193265000
1776193267.356,67.356,0.54,5.0,0.51,5.0,0.63,5.0,0.65,14.0,0.37,5.0,0.35,14.0,0.46,5.0,0.49,5.0,0.09,0.09,614.391352,1776193266000
1776193268.054,68.054,0.54,5.0,0.51,5.0,0.63,5.0,0.65,14.0,0.37,5.0,0.35,14.0,0.46,5.0,0.49,5.0,0.09,0.09,614.391383,1776193267000
1776193269.252,69.252,0.54,5.0,0.51,5.0,0.63,5.0,0.65,14.0,0.37,5.0,0.35,14.0,0.46,5.0,0.49,5.0,0.09,0.09,614.501505,1776193268000
1776193270.407,70.407,0.63,5.0,0.58,5.0,0.69,8.0,0.7,5.0,0.31,8.0,0.3,5.0,0.37,5.0,0.42,5.0,0.06,0.06,614.501505,1776193269000
1776193270.949,70.949,0.63,5.0,0.58,5.0,0.69,8.0,0.7,5.0,0.31,8.0,0.3,5.0,0.37,5.0,0.42,5.0,0.06,0.06,614.520371,1776193270000
1776193271.343,71.343,0.59,5.0,0.56,10.6,0.66,4.0,0.67,5.0,0.31,8.0,0.3,5.0,0.37,5.0,0.42,5.0,0.07,0.06,614.520371,1776193270000
1776193272.098,72.098,0.59,5.0,0.56,10.6,0.66,4.0,0.67,5.0,0.34,4.0,0.33,5.0,0.41,5.0,0.44,10.6,0.07,0.07,614.518231,1776193271000
1776193273.283,73.283,0.59,5.0,0.56,10.6,0.66,4.0,0.67,5.0,0.34,4.0,0.33,5.0,0.41,5.0,0.44,10.6,0.07,0.07,614.450381,1776193272000
1776193274.551,74.551,0.59,5.0,0.56,10.6,0.66,4.0,0.67,5.0,0.34,4.0,0.33,5.0,0.41,5.0,0.44,10.6,0.07,0.07,614.451101,1776193273000
1776193275.093,75.093,0.59,5.0,0.56,10.6,0.66,4.0,0.67,5.0,0.34,4.0,0.33,5.0,0.41,5.0,0.44,10.6,0.07,0.07,614.451101,1776193274000
1776193276.158,76.158,0.59,5.0,0.56,10.6,0.66,4.0,0.67,5.0,0.34,4.0,0.33,5.0,0.41,5.0,0.44,10.6,0.07,0.07,614.389099,1776193275000
1776193276.53,76.53,0.6,10.0,0.52,5.0,0.66,1.0,0.68,15.0,0.34,4.0,0.33,5.0,0.41,5.0,0.44,10.6,0.06,0.07,614.389099,1776193275000
1776193277.297,77.297,0.6,10.0,0.52,5.0,0.66,1.0,0.68,15.0,0.34,1.0,0.32,15.0,0.4,10.0,0.48,5.0,0.06,0.06,614.30541,1776193276000
1776193279.117,79.117,0.6,10.0,0.52,5.0,0.66,1.0,0.68,15.0,0.34,1.0,0.32,15.0,0.4,10.0,0.48,5.0,0.06,0.06,614.298087,1776193277000
1776193280.103,80.103,0.6,10.0,0.52,5.0,0.66,1.0,0.68,15.0,0.34,1.0,0.32,15.0,0.4,10.0,0.48,5.0,0.06,0.06,614.297,1776193278000
1776193280.506,80.506,0.6,10.0,0.52,5.0,0.66,1.0,0.68,15.0,0.34,1.0,0.32,15.0,0.4,10.0,0.48,5.0,0.06,0.06,614.297,1776193279000
1776193281.402,81.402,0.6,10.0,0.52,5.0,0.66,1.0,0.68,15.0,0.34,1.0,0.32,15.0,0.4,10.0,0.48,5.0,0.06,0.06,614.254719,1776193280000
1776193282.043,82.043,0.6,10.0,0.52,5.0,0.66,1.0,0.68,15.0,0.34,1.0,0.32,15.0,0.4,10.0,0.48,5.0,0.06,0.06,614.254615,1776193281000
1776193283.545,83.545,0.6,10.0,0.52,5.0,0.66,1.0,0.68,15.0,0.34,1.0,0.32,15.0,0.4,10.0,0.48,5.0,0.06,0.06,614.250706,1776193282000
1776193284.22,84.22,0.6,10.0,0.52,5.0,0.66,1.0,0.68,15.0,0.34,1.0,0.32,15.0,0.4,10.0,0.48,5.0,0.06,0.06,614.250313,1776193283000
1776193285.594,85.594,0.6,10.0,0.52,5.0,0.66,1.0,0.68,15.0,0.34,1.0,0.32,15.0,0.4,10.0,0.48,5.0,0.06,0.06,614.251528,1776193284000
1776193286.695,86.695,0.6,10.0,0.52,5.0,0.66,1.0,0.68,15.0,0.34,1.0,0.32,15.0,0.4,10.0,0.48,5.0,0.06,0.06,614.251528,1776193285000
1776193287.483,87.483,0.6,10.0,0.52,5.0,0.66,1.0,0.68,15.0,0.34,1.0,0.32,15.0,0.4,10.0,0.48,5.0,0.06,0.06,614.229259,1776193286000
1776193288.366,88.366,0.6,10.0,0.52,5.0,0.66,1.0,0.68,15.0,0.34,1.0,0.32,15.0,0.4,10.0,0.48,5.0,0.06,0.06,614.224751,1776193287000
1776193289.235,89.235,0.6,10.0,0.52,5.0,0.66,1.0,0.68,15.0,0.34,1.0,0.32,15.0,0.4,10.0,0.48,5.0,0.06,0.06,614.224812,1776193288000
1776193290.733,90.733,0.6,10.0,0.52,5.0,0.66,1.0,0.68,15.0,0.34,1.0,0.32,15.0,0.4,10.0,0.48,5.0,0.06,0.06,614.225192,1776193289000
1776193291.492,91.492,0.6,10.0,0.52,5.0,0.66,1.0,0.68,15.0,0.34,1.0,0.32,15.0,0.4,10.0,0.48,5.0,0.06,0.06,614.224954,1776193290000
1776193292.185,92.185,0.6,10.0,0.52,5.0,0.66,1.0,0.68,15.0,0.34,1.0,0.32,15.0,0.4,10.0,0.48,5.0,0.06,0.06,614.2249,1776193291000
1776193293.54,93.54,0.6,10.0,0.52,5.0,0.66,1.0,0.68,15.0,0.34,1.0,0.32,15.0,0.4,10.0,0.48,5.0,0.06,0.06,614.223169,1776193292000
1776193294.192,94.192,0.6,10.0,0.52,5.0,0.66,1.0,0.68,15.0,0.34,1.0,0.32,15.0,0.4,10.0,0.48,5.0,0.06,0.06,614.218826,1776193293000
1776193295.531,95.531,0.6,10.0,0.52,5.0,0.66,1.0,0.68,15.0,0.34,1.0,0.32,15.0,0.4,10.0,0.48,5.0,0.06,0.06,614.216701,1776193294000
1776193296.343,96.343,0.6,10.0,0.52,5.0,0.66,1.0,0.68,15.0,0.34,1.0,0.32,15.0,0.4,10.0,0.48,5.0,0.06,0.06,614.218288,1776193295000
1776193296.961,96.961,0.6,10.0,0.52,5.0,0.66,1.0,0.68,15.0,0.34,1.0,0.32,15.0,0.4,10.0,0.48,5.0,0.06,0.06,614.218339,1776193296000
1776193297.7,97.7,0.52,5.0,0.51,19.6,0.56,5.0,0.59,5.0,0.34,1.0,0.32,15.0,0.4,10.0,0.48,5.0,0.04,0.06,614.218339,1776193296000
1776193298.231,98.231,0.52,5.0,0.51,19.6,0.56,5.0,0.59,5.0,0.44,5.0,0.41,5.0,0.48,5.0,0.49,19.6,0.04,0.04,614.218345,1776193297000
1776193299.548,99.548,0.52,5.0,0.51,19.6,0.56,5.0,0.59,5.0,0.44,5.0,0.41,5.0,0.48,5.0,0.49,19.6,0.04,0.04,614.219231,1776193298000
1776193300.188,100.188,0.52,5.0,0.51,19.6,0.56,5.0,0.59,5.0,0.44,5.0,0.41,5.0,0.48,5.0,0.49,19.6,0.04,0.04,614.152758,1776193299000
1776193301.502,101.502,0.52,5.0,0.51,19.6,0.56,5.0,0.59,5.0,0.44,5.0,0.41,5.0,0.48,5.0,0.49,19.6,0.04,0.04,614.163,1776193300000
1776193302.056,102.056,0.52,5.0,0.51,19.6,0.56,5.0,0.59,5.0,0.44,5.0,0.41,5.0,0.48,5.0,0.49,19.6,0.04,0.04,614.163,1776193301000
1776193303.411,103.411,0.52,5.0,0.51,19.6,0.56,5.0,0.59,5.0,0.44,5.0,0.41,5.0,0.48,5.0,0.49,19.6,0.04,0.04,614.171,1776193302000
1776193303.965,103.965,0.52,5.0,0.51,19.6,0.56,5.0,0.59,5.0,0.44,5.0,0.41,5.0,0.48,5.0,0.49,19.6,0.04,0.04,614.171,1776193303000
1776193305.31,105.31,0.52,5.0,0.51,19.6,0.56,5.0,0.59,5.0,0.44,5.0,0.41,5.0,0.48,5.0,0.49,19.6,0.04,0.04,614.169,1776193304000
1776193305.955,105.955,0.52,5.0,0.51,19.6,0.56,5.0,0.59,5.0,0.44,5.0,0.41,5.0,0.48,5.0,0.49,19.6,0.04,0.04,614.166,1776193305000
1776193306.302,106.302,0.51,19.6,0.37,11.2,0.59,36.7,0.6,10.8,0.44,5.0,0.41,5.0,0.48,5.0,0.49,19.6,0.08,0.04,614.166,1776193305000
1776193307.079,107.079,0.38,5.0,0.37,5.0,0.51,30.4,0.53,5.0,0.49,30.4,0.47,5.0,0.62,5.0,0.63,5.0,0.13,0.13,614.169,1776193306000
1776193308.273,108.273,0.38,5.0,0.37,5.0,0.51,30.4,0.53,5.0,0.49,30.4,0.47,5.0,0.62,5.0,0.63,5.0,0.13,0.13,614.169,1776193307000
1776193309.686,109.686,0.38,5.0,0.37,5.0,0.51,30.4,0.53,5.0,0.49,30.4,0.47,5.0,0.62,5.0,0.63,5.0,0.13,0.13,614.144149,1776193308000
1776193310.276,110.276,0.38,5.0,0.37,5.0,0.51,30.4,0.53,5.0,0.49,30.4,0.47,5.0,0.62,5.0,0.63,5.0,0.13,0.13,614.144822,1776193309000
1776193311.018,111.018,0.38,5.0,0.37,5.0,0.51,30.4,0.53,5.0,0.49,30.4,0.47,5.0,0.62,5.0,0.63,5.0,0.13,0.13,614.144735,1776193310000
1776193312.442,112.442,0.38,5.0,0.37,5.0,0.51,30.4,0.53,5.0,0.49,30.4,0.47,5.0,0.62,5.0,0.63,5.0,0.13,0.13,614.101,1776193311000
1776193312.917,112.917,0.41,50.0,0.39,10.9,0.52,4.8,0.53,5.0,0.49,30.4,0.47,5.0,0.62,5.0,0.63,5.0,0.11,0.13,614.101,1776193311000
1776193315.044,115.044,0.41,50.0,0.39,10.9,0.52,4.8,0.53,5.0,0.48,4.8,0.47,5.0,0.59,50.0,0.61,10.9,0.11,0.11,614.134,1776193313000
1776193315.788,115.788,0.41,50.0,0.39,10.9,0.52,4.8,0.53,5.0,0.48,4.8,0.47,5.0,0.59,50.0,0.61,10.9,0.11,0.11,614.139,1776193314000
1776193316.54,116.54,0.41,50.0,0.39,10.9,0.52,4.8,0.53,5.0,0.48,4.8,0.47,5.0,0.59,50.0,0.61,10.9,0.11,0.11,614.139,1776193315000
1776193317.279,117.279,0.41,50.0,0.39,10.9,0.52,4.8,0.53,5.0,0.48,4.8,0.47,5.0,0.59,50.0,0.61,10.9,0.11,0.11,614.172,1776193316000
1776193318.061,118.061,0.41,50.0,0.39,10.9,0.52,4.8,0.53,5.0,0.48,4.8,0.47,5.0,0.59,50.0,0.61,10.9,0.11,0.11,614.169,1776193317000
1776193319.38,119.38,0.41,50.0,0.39,10.9,0.52,4.8,0.53,5.0,0.48,4.8,0.47,5.0,0.59,50.0,0.61,10.9,0.11,0.11,614.165,1776193318000
1776193320.05,120.05,0.41,50.0,0.39,10.9,0.52,4.8,0.53,5.0,0.48,4.8,0.47,5.0,0.59,50.0,0.61,10.9,0.11,0.11,614.163,1776193319000
1776193321.448,121.448,0.41,50.0,0.39,10.9,0.52,4.8,0.53,5.0,0.48,4.8,0.47,5.0,0.59,50.0,0.61,10.9,0.11,0.11,614.17,1776193320000
1776193322.113,122.113,0.41,50.0,0.39,10.9,0.52,4.8,0.53,5.0,0.48,4.8,0.47,5.0,0.59,50.0,0.61,10.9,0.11,0.11,614.169,1776193321000
1776193323.358,123.358,0.41,50.0,0.39,10.9,0.52,4.8,0.53,5.0,0.48,4.8,0.47,5.0,0.59,50.0,0.61,10.9,0.11,0.11,614.145,1776193322000
1776193323.988,123.988,0.41,50.0,0.39,10.9,0.52,4.8,0.53,5.0,0.48,4.8,0.47,5.0,0.59,50.0,0.61,10.9,0.11,0.11,614.145,1776193323000
1776193325.262,125.262,0.41,50.0,0.39,10.9,0.52,4.8,0.53,5.0,0.48,4.8,0.47,5.0,0.59,50.0,0.61,10.9,0.11,0.11,614.176,1776193324000
1776193326.393,126.393,0.41,50.0,0.39,10.9,0.52,4.8,0.53,5.0,0.48,4.8,0.47,5.0,0.59,50.0,0.61,10.9,0.11,0.11,614.186,1776193325000
1776193327.094,127.094,0.41,50.0,0.39,10.9,0.52,4.8,0.53,5.0,0.48,4.8,0.47,5.0,0.59,50.0,0.61,10.9,0.11,0.11,614.186,1776193326000
1776193328.428,128.428,0.41,50.0,0.39,10.9,0.52,4.8,0.53,5.0,0.48,4.8,0.47,5.0,0.59,50.0,0.61,10.9,0.11,0.11,614.201,1776193327000
1776193328.983,128.983,0.41,50.0,0.39,10.9,0.52,4.8,0.53,5.0,0.48,4.8,0.47,5.0,0.59,50.0,0.61,10.9,0.11,0.11,614.201,1776193328000
1776193330.191,130.191,0.41,50.0,0.39,10.9,0.52,4.8,0.53,5.0,0.48,4.8,0.47,5.0,0.59,50.0,0.61,10.9,0.11,0.11,614.188,1776193329000
1776193331.901,131.901,0.41,50.0,0.39,10.9,0.52,4.8,0.53,5.0,0.48,4.8,0.47,5.0,0.59,50.0,0.61,10.9,0.11,0.11,614.252063,1776193330000
1776193332.672,132.672,0.41,50.0,0.39,10.9,0.52,4.8,0.53,5.0,0.48,4.8,0.47,5.0,0.59,50.0,0.61,10.9,0.11,0.11,614.28,1776193331000
1776193333.333,133.333,0.41,50.0,0.39,10.9,0.52,4.8,0.53,5.0,0.48,4.8,0.47,5.0,0.59,50.0,0.61,10.9,0.11,0.11,614.28,1776193332000
1776193334.039,134.039,0.41,50.0,0.39,10.9,0.52,4.8,0.53,5.0,0.48,4.8,0.47,5.0,0.59,50.0,0.61,10.9,0.11,0.11,614.270837,1776193333000
1776193335.29,135.29,0.41,50.0,0.39,10.9,0.52,4.8,0.53,5.0,0.48,4.8,0.47,5.0,0.59,50.0,0.61,10.9,0.11,0.11,614.280289,1776193334000
1776193336.529,136.529,0.41,50.0,0.39,10.9,0.52,4.8,0.53,5.0,0.48,4.8,0.47,5.0,0.59,50.0,0.61,10.9,0.11,0.11,614.280285,1776193335000
1776193337.156,137.156,0.41,50.0,0.39,10.9,0.52,4.8,0.53,5.0,0.48,4.8,0.47,5.0,0.59,50.0,0.61,10.9,0.11,0.11,614.28034,1776193336000
1776193338.295,138.295,0.41,50.0,0.39,10.9,0.52,4.8,0.53,5.0,0.48,4.8,0.47,5.0,0.59,50.0,0.61,10.9,0.11,0.11,614.282304,1776193337000
1776193339.382,139.382,0.41,50.0,0.39,10.9,0.52,4.8,0.53,5.0,0.48,4.8,0.47,5.0,0.59,50.0,0.61,10.9,0.11,0.11,614.301183,1776193338000
1776193340.001,140.001,0.41,50.0,0.39,10.9,0.52,4.8,0.53,5.0,0.48,4.8,0.47,5.0,0.59,50.0,0.61,10.9,0.11,0.11,614.322,1776193339000
1776193341.125,141.125,0.41,50.0,0.39,10.9,0.52,4.8,0.53,5.0,0.48,4.8,0.47,5.0,0.59,50.0,0.61,10.9,0.11,0.11,614.316,1776193340000
1776193342.252,142.252,0.41,50.0,0.39,10.9,0.52,4.8,0.53,5.0,0.48,4.8,0.47,5.0,0.59,50.0,0.61,10.9,0.11,0.11,614.316,1776193341000
1776193343.306,143.306,0.41,50.0,0.39,10.9,0.52,4.8,0.53,5.0,0.48,4.8,0.47,5.0,0.59,50.0,0.61,10.9,0.11,0.11,614.315111,1776193342000
1776193344.459,144.459,0.41,50.0,0.39,10.9,0.52,4.8,0.53,5.0,0.48,4.8,0.47,5.0,0.59,50.0,0.61,10.9,0.11,0.11,614.312076,1776193343000
1776193345.026,145.026,0.41,50.0,0.39,10.9,0.52,4.8,0.53,5.0,0.48,4.8,0.47,5.0,0.59,50.0,0.61,10.9,0.11,0.11,614.362076,1776193344000
1776193346.189,146.189,0.41,50.0,0.39,10.9,0.52,4.8,0.53,5.0,0.48,4.8,0.47,5.0,0.59,50.0,0.61,10.9,0.11,0.11,614.394269,1776193345000
1776193346.527,146.527,0.75,6.0,0.64,16.3,0.76,5.0,0.83,18.39,0.26,5.98,0.24,5.0,0.29,50.0,0.36,16.3,0.01,0.03,614.394269,1776193345000
1776193347.189,147.189,0.75,6.0,0.64,16.3,0.76,5.0,0.83,18.39,0.24,5.0,0.17,18.39,0.25,6.0,0.36,16.3,0.01,0.01,614.395325,1776193346000
1776193348.316,148.316,0.75,6.0,0.64,16.3,0.76,5.0,0.83,18.39,0.24,5.0,0.17,18.39,0.25,6.0,0.36,16.3,0.01,0.01,614.491421,1776193347000
1776193349.098,149.098,0.75,6.0,0.64,16.3,0.76,5.0,0.83,18.39,0.24,5.0,0.17,18.39,0.25,6.0,0.36,16.3,0.01,0.01,614.504352,1776193348000
1776193350.117,150.117,0.75,6.0,0.64,16.3,0.76,5.0,0.83,18.39,0.24,5.0,0.17,18.39,0.25,6.0,0.36,16.3,0.01,0.01,614.421,1776193349000
1776193350.367,150.367,0.75,10.07,0.61,10.9,0.76,5.0,0.77,14.7,0.24,5.0,0.17,18.39,0.25,6.0,0.36,16.3,0.01,0.01,614.421,1776193349000
1776193351.169,151.169,0.75,10.07,0.61,10.9,0.76,5.0,0.77,14.7,0.24,5.0,0.23,14.7,0.25,10.07,0.39,10.9,0.01,0.01,614.405765,1776193350000
1776193352.07,152.07,0.75,10.07,0.61,10.9,0.76,5.0,0.77,14.7,0.24,5.0,0.23,14.7,0.25,10.07,0.39,10.9,0.01,0.01,614.406759,1776193351000
1776193353.06,153.06,0.75,10.07,0.61,10.9,0.76,5.0,0.77,14.7,0.24,5.0,0.23,14.7,0.25,10.07,0.39,10.9,0.01,0.01,614.397796,1776193352000
1776193354.036,154.036,0.75,10.07,0.61,10.9,0.76,5.0,0.77,14.7,0.24,5.0,0.23,14.7,0.25,10.07,0.39,10.9,0.01,0.01,614.397914,1776193353000
1776193354.909,154.909,0.75,10.07,0.61,10.9,0.76,5.0,0.77,14.7,0.24,5.0,0.23,14.7,0.25,10.07,0.39,10.9,0.01,0.01,614.400393,1776193354000
1776193355.894,155.894,0.75,10.07,0.61,10.9,0.76,5.0,0.77,14.7,0.24,5.0,0.23,14.7,0.25,10.07,0.39,10.9,0.01,0.01,614.400412,1776193355000
1776193356.897,156.897,0.75,10.07,0.61,10.9,0.76,5.0,0.77,14.7,0.24,5.0,0.23,14.7,0.25,10.07,0.39,10.9,0.01,0.01,614.40107,1776193356000
1776193357.391,157.391,0.75,5.07,0.63,11.2,0.76,15.0,0.79,15.7,0.24,5.0,0.23,14.7,0.25,10.07,0.39,10.9,0.01,0.01,614.40107,1776193356000
1776193357.849,157.849,0.75,5.07,0.63,11.2,0.76,15.0,0.79,15.7,0.24,15.0,0.21,15.7,0.25,5.07,0.37,11.2,0.01,0.01,614.449425,1776193357000
1776193358.887,158.887,0.75,5.07,0.63,11.2,0.76,15.0,0.79,15.7,0.24,15.0,0.21,15.7,0.25,5.07,0.37,11.2,0.01,0.01,614.46239,1776193358000
1776193360.176,160.176,0.75,5.07,0.63,11.2,0.76,15.0,0.79,15.7,0.24,15.0,0.21,15.7,0.25,5.07,0.37,11.2,0.01,0.01,614.462846,1776193359000
1776193361.882,161.882,0.75,5.07,0.63,11.2,0.76,15.0,0.79,15.7,0.24,15.0,0.21,15.7,0.25,5.07,0.37,11.2,0.01,0.01,614.393895,1776193360000
1776193362.643,162.643,0.75,5.07,0.63,11.2,0.76,15.0,0.79,15.7,0.24,15.0,0.21,15.7,0.25,5.07,0.37,11.2,0.01,0.01,614.39369,1776193361000
1776193363.267,163.267,0.75,5.07,0.63,11.2,0.76,15.0,0.79,15.7,0.24,15.0,0.21,15.7,0.25,5.07,0.37,11.2,0.01,0.01,614.39369,1776193362000
1776193364.105,164.105,0.75,5.07,0.63,11.2,0.76,15.0,0.79,15.7,0.24,15.0,0.21,15.7,0.25,5.07,0.37,11.2,0.01,0.01,614.39361,1776193363000
1776193364.426,164.426,0.57,5.0,0.55,10.5,0.76,39.3,0.77,14.7,0.24,15.0,0.21,15.7,0.25,5.07,0.37,11.2,0.19,0.01,614.39361,1776193363000
1776193365.463,165.463,0.57,5.0,0.55,10.5,0.76,39.3,0.77,14.7,0.24,39.3,0.23,14.7,0.43,5.0,0.45,10.5,0.19,0.19,614.393049,1776193364000
1776193366.178,166.178,0.57,5.0,0.55,10.5,0.76,39.3,0.77,14.7,0.24,39.3,0.23,14.7,0.43,5.0,0.45,10.5,0.19,0.19,614.392569,1776193365000
1776193367.474,167.474,0.57,5.0,0.55,10.5,0.76,39.3,0.77,14.7,0.24,39.3,0.23,14.7,0.43,5.0,0.45,10.5,0.19,0.19,614.339321,1776193366000
1776193368.366,168.366,0.57,5.0,0.55,10.5,0.76,39.3,0.77,14.7,0.24,39.3,0.23,14.7,0.43,5.0,0.45,10.5,0.19,0.19,614.334706,1776193367000
1776193369.818,169.818,0.57,5.0,0.55,10.5,0.76,39.3,0.77,14.7,0.24,39.3,0.23,14.7,0.43,5.0,0.45,10.5,0.19,0.19,614.378923,1776193368000
1776193370.517,170.517,0.57,5.0,0.55,10.5,0.76,39.3,0.77,14.7,0.24,39.3,0.23,14.7,0.43,5.0,0.45,10.5,0.19,0.19,614.391258,1776193369000
1776193371.194,171.194,0.57,5.0,0.55,10.5,0.76,39.3,0.77,14.7,0.24,39.3,0.23,14.7,0.43,5.0,0.45,10.5,0.19,0.19,614.391258,1776193370000
1776193372.579,172.579,0.57,5.0,0.55,10.5,0.76,39.3,0.77,14.7,0.24,39.3,0.23,14.7,0.43,5.0,0.45,10.5,0.19,0.19,614.39125,1776193371000
1776193373.284,173.284,0.57,5.0,0.55,10.5,0.76,39.3,0.77,14.7,0.24,39.3,0.23,14.7,0.43,5.0,0.45,10.5,0.19,0.19,614.397537,1776193372000
1776193374.81,174.81,0.57,5.0,0.55,10.5,0.76,39.3,0.77,14.7,0.24,39.3,0.23,14.7,0.43,5.0,0.45,10.5,0.19,0.19,614.435096,1776193373000
1776193375.535,175.535,0.71,50.0,0.68,11.9,0.73,5.0,0.74,5.0,0.27,5.0,0.26,5.0,0.29,50.0,0.32,11.9,0.02,0.02,614.435874,1776193374000
1776193376.239,176.239,0.71,50.0,0.68,11.9,0.73,5.0,0.74,5.0,0.27,5.0,0.26,5.0,0.29,50.0,0.32,11.9,0.02,0.02,614.441817,1776193375000
1776193376.509,176.509,0.71,50.0,0.7,12.4,0.74,5.0,0.76,10.0,0.27,5.0,0.26,5.0,0.29,50.0,0.32,11.9,0.03,0.02,614.441817,1776193375000
1776193377.643,177.643,0.71,50.0,0.7,12.4,0.74,5.0,0.76,10.0,0.26,5.0,0.24,10.0,0.29,50.0,0.3,12.4,0.03,0.03,614.445314,1776193376000
1776193378.751,178.751,0.71,50.0,0.7,12.4,0.74,5.0,0.76,10.0,0.26,5.0,0.24,10.0,0.29,50.0,0.3,12.4,0.03,0.03,614.445314,1776193377000
1776193379.371,179.371,0.71,50.0,0.7,12.4,0.74,5.0,0.76,10.0,0.26,5.0,0.24,10.0,0.29,50.0,0.3,12.4,0.03,0.03,614.442008,1776193378000
1776193379.965,179.965,0.71,50.0,0.7,12.4,0.74,5.0,0.76,10.0,0.26,5.0,0.24,10.0,0.29,50.0,0.3,12.4,0.03,0.03,614.444974,1776193379000
1776193381.257,181.257,0.71,50.0,0.7,12.4,0.74,5.0,0.76,10.0,0.26,5.0,0.24,10.0,0.29,50.0,0.3,12.4,0.03,0.03,614.50193,1776193380000
1776193381.458,181.458,0.74,5.0,0.73,13.2,0.76,4.55,0.79,5.0,0.24,4.55,0.21,5.0,0.26,5.0,0.27,13.2,0.02,0.02,614.50193,1776193380000
1776193382.492,182.492,0.74,5.0,0.73,13.2,0.76,4.55,0.79,5.0,0.24,4.55,0.21,5.0,0.26,5.0,0.27,13.2,0.02,0.02,614.504761,1776193381000
1776193383.055,183.055,0.74,5.0,0.73,13.2,0.76,4.55,0.79,5.0,0.24,4.55,0.21,5.0,0.26,5.0,0.27,13.2,0.02,0.02,614.504621,1776193382000
1776193384.287,184.287,0.74,5.0,0.73,13.2,0.76,4.55,0.79,5.0,0.24,4.55,0.21,5.0,0.26,5.0,0.27,13.2,0.02,0.02,614.502932,1776193383000
1776193384.994,184.994,0.74,13.5,0.73,13.2,0.79,5.0,0.86,21.6,0.24,4.55,0.21,5.0,0.26,5.0,0.27,13.2,0.05,0.02,614.502932,1776193383000
1776193385.354,185.354,0.74,13.5,0.73,13.2,0.79,5.0,0.86,21.6,0.21,5.0,0.14,21.6,0.26,13.5,0.27,13.2,0.05,0.05,614.504818,1776193384000
1776193385.978,185.978,0.74,13.5,0.73,13.2,0.79,5.0,0.86,21.6,0.21,5.0,0.14,21.6,0.26,13.5,0.27,13.2,0.05,0.05,614.507475,1776193385000
1776193387.175,187.175,0.74,13.5,0.73,13.2,0.79,5.0,0.86,21.6,0.21,5.0,0.14,21.6,0.26,13.5,0.27,13.2,0.05,0.05,614.511863,1776193386000
1776193388.316,188.316,0.74,13.5,0.73,13.2,0.79,5.0,0.86,21.6,0.21,5.0,0.14,21.6,0.26,13.5,0.27,13.2,0.05,0.05,614.512044,1776193387000
1776193389.359,189.359,0.74,13.5,0.73,13.2,0.79,5.0,0.86,21.6,0.21,5.0,0.14,21.6,0.26,13.5,0.27,13.2,0.05,0.05,614.50636,1776193388000
1776193389.999,189.999,0.74,13.5,0.73,13.2,0.79,5.0,0.86,21.6,0.21,5.0,0.14,21.6,0.26,13.5,0.27,13.2,0.05,0.05,614.506262,1776193389000
1776193391.15,191.15,0.74,13.5,0.73,13.2,0.79,5.0,0.86,21.6,0.21,5.0,0.14,21.6,0.26,13.5,0.27,13.2,0.05,0.05,614.508002,1776193390000
1776193392.335,192.335,0.74,13.5,0.73,13.2,0.79,5.0,0.86,21.6,0.21,5.0,0.14,21.6,0.26,13.5,0.27,13.2,0.05,0.05,614.508832,1776193391000
1776193393.839,193.839,0.74,13.5,0.73,13.2,0.79,5.0,0.86,21.6,0.21,5.0,0.14,21.6,0.26,13.5,0.27,13.2,0.05,0.05,614.508869,1776193392000
1776193394.37,194.37,0.74,13.5,0.73,13.2,0.79,5.0,0.86,21.6,0.21,5.0,0.14,21.6,0.26,13.5,0.27,13.2,0.05,0.05,614.509066,1776193393000
1776193394.922,194.922,0.74,13.5,0.73,13.2,0.79,5.0,0.86,21.6,0.21,5.0,0.14,21.6,0.26,13.5,0.27,13.2,0.05,0.05,614.509066,1776193394000
1776193395.94,195.94,0.74,13.5,0.73,13.2,0.79,5.0,0.86,21.6,0.21,5.0,0.14,21.6,0.26,13.5,0.27,13.2,0.05,0.05,614.509029,1776193395000
1776193397.372,197.372,0.74,13.5,0.73,13.2,0.79,5.0,0.86,21.6,0.21,5.0,0.14,21.6,0.26,13.5,0.27,13.2,0.05,0.05,614.492529,1776193396000
1776193397.977,197.977,0.74,13.5,0.73,13.2,0.79,5.0,0.86,21.6,0.21,5.0,0.14,21.6,0.26,13.5,0.27,13.2,0.05,0.05,614.49251,1776193397000
1776193398.855,198.855,0.81,35.21,0.76,14.3,0.89,26.6,0.9,53.9,0.21,5.0,0.14,21.6,0.26,13.5,0.27,13.2,0.08,0.05,614.49251,1776193397000
1776193399.139,199.139,0.81,35.21,0.76,14.3,0.89,26.6,0.9,53.9,0.11,26.6,0.1,53.9,0.19,35.21,0.24,14.3,0.08,0.08,614.491989,1776193398000
1776193399.482,199.482,0.8,5.0,0.77,14.7,0.89,25.47,0.9,53.9,0.11,26.6,0.1,53.9,0.19,35.21,0.24,14.3,0.09,0.08,614.491989,1776193398000
1776193399.698,199.698,0.8,5.0,0.77,14.7,0.89,24.34,0.9,53.9,0.11,25.47,0.1,53.9,0.2,5.0,0.23,14.7,0.09,0.09,614.491989,1776193398000
1776193400.6,200.6,0.8,5.0,0.77,14.7,0.89,24.34,0.9,53.9,0.11,24.34,0.1,53.9,0.2,5.0,0.23,14.7,0.09,0.09,614.49948,1776193399000
1776193401.19,201.19,0.8,5.0,0.77,14.7,0.89,24.34,0.9,53.9,0.11,24.34,0.1,53.9,0.2,5.0,0.23,14.7,0.09,0.09,614.508982,1776193400000
1776193402.139,202.139,0.83,6.0,0.8,21.3,0.89,23.21,0.9,33.9,0.11,24.34,0.1,53.9,0.2,5.0,0.23,14.7,0.06,0.09,614.508982,1776193400000
1776193402.398,202.398,0.83,6.0,0.8,21.3,0.89,23.21,0.9,33.9,0.11,23.21,0.1,33.9,0.17,6.0,0.2,21.3,0.06,0.06,614.514492,1776193401000
1776193403.001,203.001,0.83,6.0,0.8,21.3,0.89,23.21,0.9,33.9,0.11,23.21,0.1,33.9,0.17,6.0,0.2,21.3,0.06,0.06,614.5146,1776193402000
1776193404.177,204.177,0.83,6.0,0.8,21.3,0.89,23.21,0.9,33.9,0.11,23.21,0.1,33.9,0.17,6.0,0.2,21.3,0.06,0.06,614.523028,1776193403000
1776193405.273,205.273,0.83,6.0,0.8,21.3,0.89,23.21,0.9,33.9,0.11,23.21,0.1,33.9,0.17,6.0,0.2,21.3,0.06,0.06,614.5231,1776193404000
1776193406.52,206.52,0.83,6.0,0.8,21.3,0.89,23.21,0.9,33.9,0.11,23.21,0.1,33.9,0.17,6.0,0.2,21.3,0.06,0.06,614.543024,1776193405000
1776193407.126,207.126,0.83,6.0,0.8,21.3,0.89,23.21,0.9,33.9,0.11,23.21,0.1,33.9,0.17,6.0,0.2,21.3,0.06,0.06,614.542848,1776193406000
1776193408.246,208.246,0.83,6.0,0.8,21.3,0.89,23.21,0.9,33.9,0.11,23.21,0.1,33.9,0.17,6.0,0.2,21.3,0.06,0.06,614.54859,1776193407000
1776193409.153,209.153,0.9,5.0,0.86,5.0,0.91,31.7,0.92,35.29,0.09,31.7,0.08,35.29,0.1,5.0,0.14,5.0,0.01,0.01,614.548672,1776193408000
1776193410.45,210.45,0.9,5.0,0.86,5.0,0.91,31.7,0.92,35.29,0.09,31.7,0.08,35.29,0.1,5.0,0.14,5.0,0.01,0.01,614.601047,1776193409000
1776193411.05,211.05,0.9,5.0,0.86,5.0,0.91,31.7,0.92,35.29,0.09,31.7,0.08,35.29,0.1,5.0,0.14,5.0,0.01,0.01,614.626235,1776193410000
1776193412.332,212.332,0.9,5.0,0.86,5.0,0.91,31.7,0.92,35.29,0.09,31.7,0.08,35.29,0.1,5.0,0.14,5.0,0.01,0.01,614.625921,1776193411000
1776193413.468,213.468,0.9,5.0,0.86,5.0,0.91,31.7,0.92,35.29,0.09,31.7,0.08,35.29,0.1,5.0,0.14,5.0,0.01,0.01,614.625004,1776193412000
1776193414.127,214.127,0.9,5.0,0.86,5.0,0.91,31.7,0.92,35.29,0.09,31.7,0.08,35.29,0.1,5.0,0.14,5.0,0.01,0.01,614.625004,1776193413000
1776193415.305,215.305,0.9,5.0,0.86,5.0,0.91,31.7,0.92,35.29,0.09,31.7,0.08,35.29,0.1,5.0,0.14,5.0,0.01,0.01,614.629486,1776193414000
1776193416.499,216.499,0.9,5.0,0.86,5.0,0.91,31.7,0.92,35.29,0.09,31.7,0.08,35.29,0.1,5.0,0.14,5.0,0.01,0.01,614.635002,1776193415000
1776193417.095,217.095,0.9,5.0,0.86,5.0,0.91,31.7,0.92,35.29,0.09,31.7,0.08,35.29,0.1,5.0,0.14,5.0,0.01,0.01,614.635002,1776193416000
1776193418.114,218.114,0.9,5.0,0.86,5.0,0.91,31.7,0.92,35.29,0.09,31.7,0.08,35.29,0.1,5.0,0.14,5.0,0.01,0.01,614.635281,1776193417000
1776193419.191,219.191,0.9,5.0,0.86,5.0,0.91,31.7,0.92,35.29,0.09,31.7,0.08,35.29,0.1,5.0,0.14,5.0,0.01,0.01,614.635288,1776193418000
1776193420.225,220.225,0.9,5.0,0.86,5.0,0.91,31.7,0.92,35.29,0.09,31.7,0.08,35.29,0.1,5.0,0.14,5.0,0.01,0.01,614.631435,1776193419000
1776193421.228,221.228,0.9,5.0,0.86,5.0,0.91,31.7,0.92,35.29,0.09,31.7,0.08,35.29,0.1,5.0,0.14,5.0,0.01,0.01,614.631474,1776193420000
1776193422.344,222.344,0.9,5.0,0.86,5.0,0.91,31.7,0.92,35.29,0.09,31.7,0.08,35.29,0.1,5.0,0.14,5.0,0.01,0.01,614.631474,1776193421000
1776193424.077,224.077,0.9,5.0,0.86,5.0,0.91,31.7,0.92,35.29,0.09,31.7,0.08,35.29,0.1,5.0,0.14,5.0,0.01,0.01,614.629999,1776193422000
1776193424.958,224.958,0.9,5.0,0.86,5.0,0.91,31.7,0.92,35.29,0.09,31.7,0.08,35.29,0.1,5.0,0.14,5.0,0.01,0.01,614.629997,1776193423000
1776193425.495,225.495,0.9,5.0,0.86,5.0,0.91,31.7,0.92,35.29,0.09,31.7,0.08,35.29,0.1,5.0,0.14,5.0,0.01,0.01,614.633356,1776193424000
1776193426.261,226.261,0.9,5.0,0.89,5.0,0.93,29.79,0.94,46.1,0.07,29.79,0.06,46.1,0.1,5.0,0.11,5.0,0.03,0.03,614.633091,1776193425000
1776193426.876,226.876,0.9,5.0,0.89,5.0,0.92,30.29,0.93,29.79,0.07,29.79,0.06,46.1,0.1,5.0,0.11,5.0,0.02,0.03,614.633091,1776193425000
1776193427.531,227.531,0.9,5.0,0.89,5.0,0.92,30.29,0.93,29.79,0.08,30.29,0.07,29.79,0.1,5.0,0.11,5.0,0.02,0.02,614.632962,1776193426000
1776193428.204,228.204,0.9,5.0,0.89,5.0,0.92,30.29,0.93,29.79,0.08,30.29,0.07,29.79,0.1,5.0,0.11,5.0,0.02,0.02,614.628465,1776193427000
1776193429.552,229.552,0.9,5.0,0.89,5.0,0.92,30.29,0.93,29.79,0.08,30.29,0.07,29.79,0.1,5.0,0.11,5.0,0.02,0.02,614.62825,1776193428000
1776193430.126,230.126,0.9,5.0,0.89,5.0,0.92,30.29,0.93,29.79,0.08,30.29,0.07,29.79,0.1,5.0,0.11,5.0,0.02,0.02,614.628316,1776193429000
1776193431.343,231.343,0.9,5.0,0.89,5.0,0.92,30.29,0.93,29.79,0.08,30.29,0.07,29.79,0.1,5.0,0.11,5.0,0.02,0.02,614.632955,1776193430000
1776193431.969,231.969,0.9,5.0,0.89,5.0,0.92,30.29,0.93,29.79,0.08,30.29,0.07,29.79,0.1,5.0,0.11,5.0,0.02,0.02,614.632993,1776193431000
1776193433.213,233.213,0.9,5.0,0.89,5.0,0.92,30.29,0.93,29.79,0.08,30.29,0.07,29.79,0.1,5.0,0.11,5.0,0.02,0.02,614.632785,1776193432000
1776193434.473,234.473,0.9,5.0,0.89,5.0,0.92,30.29,0.93,29.79,0.08,30.29,0.07,29.79,0.1,5.0,0.11,5.0,0.02,0.02,614.63345,1776193433000
1776193435.012,235.012,0.9,5.0,0.89,5.0,0.92,30.29,0.93,29.79,0.08,30.29,0.07,29.79,0.1,5.0,0.11,5.0,0.02,0.02,614.63358,1776193434000
1776193436.313,236.313,0.9,5.0,0.89,5.0,0.92,30.29,0.93,29.79,0.08,30.29,0.07,29.79,0.1,5.0,0.11,5.0,0.02,0.02,614.63358,1776193435000
1776193436.957,236.957,0.9,5.0,0.89,5.0,0.92,30.29,0.93,29.79,0.08,30.29,0.07,29.79,0.1,5.0,0.11,5.0,0.02,0.02,614.633554,1776193436000
1776193438.173,238.173,0.9,5.0,0.89,5.0,0.92,30.29,0.93,29.79,0.08,30.29,0.07,29.79,0.1,5.0,0.11,5.0,0.02,0.02,614.634454,1776193437000
1776193439.417,239.417,0.9,5.0,0.89,5.0,0.92,30.29,0.93,29.79,0.08,30.29,0.07,29.79,0.1,5.0,0.11,5.0,0.02,0.02,614.633961,1776193438000
1776193440.692,240.692,0.9,5.0,0.89,5.0,0.92,30.29,0.93,29.79,0.08,30.29,0.07,29.79,0.1,5.0,0.11,5.0,0.02,0.02,614.635622,1776193439000
1776193441.53,241.53,0.91,31.7,0.9,33.9,0.95,52.59,0.96,62.49,0.04,62.49,0.03,139.3,0.09,31.7,0.1,33.9,0.04,0.05,614.635622,1776193439000
1776193442.376,242.376,0.91,31.7,0.9,33.9,0.95,52.59,0.96,62.49,0.05,52.59,0.04,62.49,0.09,31.7,0.1,33.9,0.04,0.04,614.635,1776193441000
1776193443.034,243.034,0.93,39.9,0.92,35.29,0.97,133.3,0.98,137.69,0.05,52.59,0.04,62.49,0.09,31.7,0.1,33.9,0.04,0.04,614.635,1776193441000
1776193444.798,244.798,0.93,39.9,0.92,35.29,0.97,133.3,0.98,137.69,0.03,133.3,0.02,137.69,0.07,39.9,0.08,35.29,0.04,0.04,614.635422,1776193443000
1776193445.594,245.594,0.93,39.9,0.92,35.29,0.97,133.3,0.98,137.69,0.03,133.3,0.02,137.69,0.07,39.9,0.08,35.29,0.04,0.04,614.635424,1776193444000
1776193446.434,246.434,0.93,39.9,0.92,35.29,0.97,112.68,0.98,137.69,0.03,112.68,0.02,137.69,0.07,39.9,0.08,35.29,0.04,0.04,614.635437,1776193445000
1776193446.743,246.743,0.93,39.9,0.92,35.29,0.97,110.61,0.98,137.69,0.03,112.68,0.02,137.69,0.07,39.9,0.08,35.29,0.04,0.04,614.635437,1776193445000
1776193447.177,247.177,0.93,39.9,0.92,35.29,0.97,110.61,0.98,137.69,0.03,110.61,0.02,137.69,0.07,39.9,0.08,35.29,0.04,0.04,614.635558,1776193446000
1776193447.866,247.866,0.94,46.1,0.93,39.9,0.97,108.54,0.98,137.69,0.03,110.61,0.02,137.69,0.07,39.9,0.08,35.29,0.03,0.04,614.635558,1776193446000
1776193448.799,248.799,0.94,46.1,0.93,39.9,0.97,108.54,0.98,137.69,0.03,108.54,0.02,137.69,0.06,46.1,0.07,39.9,0.03,0.03,614.633711,1776193447000
1776193449.575,249.575,0.94,46.1,0.93,39.9,0.97,108.54,0.98,137.69,0.03,108.54,0.02,137.69,0.06,46.1,0.07,39.9,0.03,0.03,614.633711,1776193448000
1776193450.42,250.42,0.94,46.1,0.93,39.9,0.97,108.54,0.98,137.69,0.03,108.54,0.02,137.69,0.06,46.1,0.07,39.9,0.03,0.03,614.641746,1776193449000
1776193451.271,251.271,0.94,46.1,0.93,39.9,0.97,108.54,0.98,137.69,0.03,108.54,0.02,137.69,0.06,46.1,0.07,39.9,0.03,0.03,614.64181,1776193450000
1776193452.803,252.803,0.94,46.1,0.93,39.9,0.97,108.54,0.98,137.69,0.03,108.54,0.02,137.69,0.06,46.1,0.07,39.9,0.03,0.03,614.641783,1776193451000
1776193453.019,253.019,0.93,39.9,0.92,35.29,0.97,103.46,0.98,137.69,0.03,108.54,0.02,137.69,0.06,46.1,0.07,39.9,0.04,0.03,614.641783,1776193451000
1776193453.53,253.53,0.93,39.9,0.92,35.29,0.97,103.46,0.98,137.69,0.03,103.46,0.02,137.69,0.07,39.9,0.08,35.29,0.04,0.04,614.638894,1776193452000
1776193454.4,254.4,0.93,39.9,0.92,35.29,0.97,103.46,0.98,137.69,0.03,103.46,0.02,137.69,0.07,39.9,0.08,35.29,0.04,0.04,614.63653,1776193453000
1776193455.292,255.292,0.93,39.9,0.92,35.29,0.97,103.46,0.98,137.69,0.03,103.46,0.02,137.69,0.07,39.9,0.08,35.29,0.04,0.04,614.634135,1776193454000
1776193456.87,256.87,0.93,39.9,0.92,35.29,0.97,103.46,0.98,137.69,0.03,103.46,0.02,137.69,0.07,39.9,0.08,35.29,0.04,0.04,614.631273,1776193455000
1776193457.647,257.647,0.93,39.9,0.92,35.29,0.97,103.46,0.98,137.69,0.03,103.46,0.02,137.69,0.07,39.9,0.08,35.29,0.04,0.04,614.632779,1776193456000
1776193458.384,258.384,0.93,39.9,0.92,35.29,0.97,103.46,0.98,137.69,0.03,103.46,0.02,137.69,0.07,39.9,0.08,35.29,0.04,0.04,614.632779,1776193457000
1776193459.707,259.707,0.93,39.9,0.92,35.29,0.97,103.46,0.98,137.69,0.03,103.46,0.02,137.69,0.07,39.9,0.08,35.29,0.04,0.04,614.632936,1776193458000
1776193460.729,260.729,0.93,39.9,0.92,35.29,0.97,103.46,0.98,137.69,0.03,103.46,0.02,137.69,0.07,39.9,0.08,35.29,0.04,0.04,614.632936,1776193459000
1776193461.259,261.259,0.93,39.9,0.92,35.29,0.97,103.46,0.98,137.69,0.03,103.46,0.02,137.69,0.07,39.9,0.08,35.29,0.04,0.04,614.632574,1776193460000
1776193462.346,262.346,0.93,39.9,0.92,35.29,0.97,103.46,0.98,137.69,0.03,103.46,0.02,137.69,0.07,39.9,0.08,35.29,0.04,0.04,614.633844,1776193461000
1776193463.293,263.293,0.93,39.9,0.92,35.29,0.97,103.46,0.98,137.69,0.03,103.46,0.02,137.69,0.07,39.9,0.08,35.29,0.04,0.04,614.634515,1776193462000
1776193463.513,263.513,0.95,54.7,0.94,46.1,0.97,9.16,0.98,137.69,0.03,103.46,0.02,137.69,0.07,39.9,0.08,35.29,0.02,0.04,614.634515,1776193462000
1776193464.411,264.411,0.95,54.7,0.94,46.1,0.97,9.16,0.98,137.69,0.03,9.16,0.02,137.69,0.05,54.7,0.06,46.1,0.02,0.02,614.634424,1776193463000
1776193464.882,264.882,0.95,54.7,0.94,46.1,0.97,9.16,0.98,137.69,0.03,9.16,0.02,137.69,0.05,54.7,0.06,46.1,0.02,0.02,614.634617,1776193464000
1776193465.997,265.997,0.95,54.7,0.94,46.1,0.97,4.0,0.98,137.69,0.03,4.0,0.02,137.69,0.05,54.7,0.06,46.1,0.02,0.02,614.63518,1776193465000
1776193466.858,266.858,0.96,77.75,0.95,54.7,0.98,137.69,0.99,472.6,0.03,4.0,0.02,137.69,0.05,54.7,0.06,46.1,0.02,0.02,614.63518,1776193465000
1776193468.12,268.12,0.96,77.75,0.95,54.7,0.98,137.69,0.99,472.6,0.02,137.69,0.01,472.6,0.04,77.75,0.05,54.7,0.02,0.02,614.639536,1776193467000
1776193469.14,269.14,0.96,77.75,0.95,54.7,0.98,137.69,0.99,472.6,0.02,137.69,0.01,472.6,0.04,77.75,0.05,54.7,0.02,0.02,614.640022,1776193468000
1776193470.216,270.216,0.96,77.75,0.95,54.7,0.98,137.69,0.99,472.6,0.02,137.69,0.01,472.6,0.04,77.75,0.05,54.7,0.02,0.02,614.6401,1776193469000
1776193471.226,271.226,0.96,77.75,0.95,54.7,0.98,137.69,0.99,472.6,0.02,137.69,0.01,472.6,0.04,77.75,0.05,54.7,0.02,0.02,614.640947,1776193470000
1776193472.318,272.318,0.96,77.75,0.95,54.7,0.98,137.69,0.99,472.6,0.02,137.69,0.01,472.6,0.04,77.75,0.05,54.7,0.02,0.02,614.640952,1776193471000
1776193473.38,273.38,0.97,89.3,0.96,77.75,0.98,3.97,0.99,472.6,0.02,3.97,0.01,472.6,0.03,89.3,0.04,77.75,0.01,0.01,614.636622,1776193472000
1776193474.456,274.456,0.97,89.3,0.96,77.75,0.98,3.97,0.99,472.6,0.02,3.97,0.01,472.6,0.03,89.3,0.04,77.75,0.01,0.01,614.636622,1776193473000
1776193475.147,275.147,0.97,89.3,0.96,77.75,0.98,3.97,0.99,472.6,0.02,3.97,0.01,472.6,0.03,89.3,0.04,77.75,0.01,0.01,614.636649,1776193474000
1776193476.446,276.446,0.97,89.3,0.96,77.75,0.98,3.97,0.99,472.6,0.02,3.97,0.01,472.6,0.03,89.3,0.04,77.75,0.01,0.01,614.661621,1776193475000
1776193477.081,277.081,0.97,89.3,0.96,77.75,0.98,3.97,0.99,472.6,0.02,3.97,0.01,472.6,0.03,89.3,0.04,77.75,0.01,0.01,614.661621,1776193476000
1776193477.893,277.893,0.98,6.03,0.97,5.07,0.99,210.0,,,0.02,3.97,0.01,472.6,0.03,89.3,0.04,77.75,0.01,0.01,614.661621,1776193476000
1776193478.651,278.651,0.98,6.03,0.97,5.07,0.99,210.0,,,0.01,210.0,,,0.02,6.03,0.03,5.07,0.01,0.01,614.661591,1776193477000
1776193479.327,279.327,0.98,6.03,0.97,5.07,0.99,210.0,,,0.01,210.0,,,0.02,6.03,0.03,5.07,0.01,0.01,614.66159,1776193478000
1776193479.978,279.978,0.98,6.03,0.97,5.07,0.99,210.0,,,0.01,210.0,,,0.02,6.03,0.03,5.07,0.01,0.01,614.663863,1776193479000
1776193481.271,281.271,0.98,6.03,0.97,5.07,0.99,210.0,,,0.01,210.0,,,0.02,6.03,0.03,5.07,0.01,0.01,614.66388,1776193480000
1776193482.726,282.726,0.98,6.03,0.97,5.07,0.99,210.0,,,0.01,210.0,,,0.02,6.03,0.03,5.07,0.01,0.01,614.663936,1776193481000
1776193483.398,283.398,0.98,11.1,0.96,10.05,0.99,184.75,,,0.01,184.75,,,0.02,11.1,0.04,10.05,0.01,0.01,614.663936,1776193482000
1776193484.094,284.094,0.98,11.1,0.96,10.05,0.99,184.75,,,0.01,184.75,,,0.02,11.1,0.04,10.05,0.01,0.01,614.663921,1776193483000
1776193484.769,284.769,0.98,6.03,0.96,10.05,0.99,128.73,,,0.01,184.75,,,0.02,11.1,0.04,10.05,0.01,0.01,614.663921,1776193483000
1776193485.337,285.337,0.98,6.03,0.96,10.05,0.99,128.73,,,0.01,128.73,,,0.02,6.03,0.04,10.05,0.01,0.01,614.663951,1776193484000
1776193486.105,286.105,0.98,6.03,0.96,10.05,0.99,128.73,,,0.01,128.73,,,0.02,6.03,0.04,10.05,0.01,0.01,614.663941,1776193485000
1776193487.49,287.49,0.98,6.03,0.96,10.05,0.99,128.73,,,0.01,128.73,,,0.02,6.03,0.04,10.05,0.01,0.01,614.623996,1776193486000
1776193488.123,288.123,0.98,6.03,0.96,10.05,0.99,128.73,,,0.01,128.73,,,0.02,6.03,0.04,10.05,0.01,0.01,614.557908,1776193487000
1776193489.604,289.604,0.98,6.03,0.96,10.05,0.99,128.73,,,0.01,128.73,,,0.02,6.03,0.04,10.05,0.01,0.01,614.552371,1776193488000
1776193490.141,290.141,0.98,6.03,0.96,10.05,0.99,128.73,,,0.01,128.73,,,0.02,6.03,0.04,10.05,0.01,0.01,614.552334,1776193489000
1776193491.536,291.536,0.98,11.1,0.96,10.05,0.99,113.39,,,0.01,128.73,,,0.02,6.03,0.04,10.05,0.01,0.01,614.552334,1776193489000
1776193492.078,292.078,0.98,11.1,0.96,10.05,0.99,113.39,,,0.01,113.39,,,0.02,11.1,0.04,10.05,0.01,0.01,614.548839,1776193490000
1776193492.626,292.626,0.98,11.1,0.96,10.05,0.99,113.39,,,0.01,113.39,,,0.02,11.1,0.04,10.05,0.01,0.01,614.546354,1776193491000
1776193492.858,292.858,0.98,6.03,0.96,10.05,0.99,108.32,,,0.01,113.39,,,0.02,11.1,0.04,10.05,0.01,0.01,614.546354,1776193491000
1776193493.328,293.328,0.98,6.03,0.96,10.05,0.99,108.32,,,0.01,108.32,,,0.02,6.03,0.04,10.05,0.01,0.01,614.546477,1776193492000
1776193493.607,293.607,0.98,6.03,0.96,10.05,0.99,88.11,,,0.01,108.32,,,0.02,6.03,0.04,10.05,0.01,0.01,614.546477,1776193492000
1776193493.948,293.948,0.98,6.03,0.96,10.05,0.99,88.11,,,0.01,88.11,,,0.02,6.03,0.04,10.05,0.01,0.01,614.548976,1776193493000
1776193494.377,294.377,0.98,6.03,0.96,10.05,0.99,83.11,,,0.01,88.11,,,0.02,6.03,0.04,10.05,0.01,0.01,614.548976,1776193493000
1776193494.772,294.772,0.98,6.03,0.96,10.05,0.99,78.06,,,0.01,83.11,,,0.02,6.03,0.04,10.05,0.01,0.01,614.548976,1776193493000
1776193495.117,295.117,0.98,6.03,0.96,10.05,0.99,78.06,,,0.01,78.06,,,0.02,6.03,0.04,10.05,0.01,0.01,614.552621,1776193494000
1776193495.55,295.55,0.98,6.03,0.96,10.05,0.99,75.06,,,0.01,78.06,,,0.02,6.03,0.04,10.05,0.01,0.01,614.552621,1776193494000
1776193496.168,296.168,0.98,6.03,0.96,10.05,0.99,25.06,,,0.01,75.06,,,0.02,6.03,0.04,10.05,0.01,0.01,614.552621,1776193494000
1776193496.599,296.599,0.98,6.03,0.96,10.05,0.99,11.51,,,0.01,18.72,,,0.02,6.03,0.04,10.05,0.01,0.01,614.552621,1776193495000
1776193497.337,297.337,0.98,6.03,0.96,10.05,0.99,11.51,,,0.01,11.51,,,0.02,6.03,0.04,10.05,0.01,0.01,614.552554,1776193496000
1776193497.936,297.936,0.98,6.03,0.96,10.05,,,,,,,,,0.02,6.03,0.04,10.05,,,614.553337,1776193497000
1776193499.204,299.204,0.98,6.03,0.96,10.05,,,,,,,,,0.02,6.03,0.04,10.05,,,614.555949,1776193498000
1776193500.317,300.317,0.98,6.03,0.96,10.05,,,,,,,,,0.02,6.03,0.04,10.05,,,614.555949,1776193499000

# RESULT,winner=Up,slug=bnb-updown-5m-1776193200,ticks=330
