timestamp,elapsed_sec,up_bid_p1,up_bid_s1,up_bid_p2,up_bid_s2,up_ask_p1,up_ask_s1,up_ask_p2,up_ask_s2,down_bid_p1,down_bid_s1,down_bid_p2,down_bid_s2,down_ask_p1,down_ask_s1,down_ask_p2,down_ask_s2,up_spread,down_spread,bnb_price,bnb_oracle_ts
1776217500.002,0.002,0.48,5.0,0.47,10.0,0.52,5.0,0.53,10.0,0.48,5.0,0.47,10.0,0.52,5.0,0.53,10.0,0.04,0.04,618.093926,1776217498000
1776217500.343,0.343,0.41,37.0,0.4,33.0,0.49,5.0,0.59,37.0,0.48,5.0,0.47,10.0,0.52,5.0,0.53,10.0,0.08,0.04,618.094789,1776217499000
1776217501.492,1.492,0.41,37.0,0.4,33.0,0.49,5.0,0.59,37.0,0.51,5.0,0.41,37.0,0.59,37.0,0.6,33.0,0.08,0.08,618.085473,1776217500000
1776217502.21,2.21,0.41,37.0,0.4,33.0,0.49,5.0,0.59,37.0,0.51,5.0,0.41,37.0,0.59,37.0,0.6,33.0,0.08,0.08,618.085473,1776217501000
1776217503.243,3.243,0.41,37.0,0.4,33.0,0.49,5.0,0.59,37.0,0.51,5.0,0.41,37.0,0.59,37.0,0.6,33.0,0.08,0.08,618.074609,1776217502000
1776217504.335,4.335,0.41,37.0,0.4,33.0,0.49,5.0,0.59,37.0,0.51,5.0,0.41,37.0,0.59,37.0,0.6,33.0,0.08,0.08,618.07301,1776217503000
1776217505.35,5.35,0.41,37.0,0.4,33.0,0.49,5.0,0.59,37.0,0.51,5.0,0.41,37.0,0.59,37.0,0.6,33.0,0.08,0.08,618.074214,1776217504000
1776217505.9,5.9,0.41,37.0,0.4,33.0,0.49,5.0,0.59,37.0,0.51,5.0,0.41,37.0,0.59,37.0,0.6,33.0,0.08,0.08,618.074214,1776217505000
1776217506.987,6.987,0.44,5.0,0.42,10.0,0.48,10.0,0.49,5.0,0.51,5.0,0.41,37.0,0.59,37.0,0.6,33.0,0.04,0.08,618.074214,1776217505000
1776217508.18,8.18,0.44,5.0,0.42,10.0,0.48,10.0,0.49,5.0,0.52,10.0,0.51,5.0,0.56,5.0,0.58,10.0,0.04,0.04,618.088429,1776217507000
1776217509.152,9.152,0.45,5.0,0.44,5.0,0.48,5.2,0.49,5.0,0.52,5.2,0.51,5.0,0.55,5.0,0.56,5.0,0.03,0.03,618.088356,1776217508000
1776217510.336,10.336,0.45,5.0,0.44,5.0,0.48,5.2,0.49,5.0,0.52,5.2,0.51,5.0,0.55,5.0,0.56,5.0,0.03,0.03,618.090498,1776217509000
1776217510.864,10.864,0.45,5.0,0.44,5.0,0.48,5.2,0.49,5.0,0.52,5.2,0.51,5.0,0.55,5.0,0.56,5.0,0.03,0.03,618.098294,1776217510000
1776217511.945,11.945,0.45,5.0,0.44,5.0,0.48,5.2,0.49,5.0,0.52,5.2,0.51,5.0,0.55,5.0,0.56,5.0,0.03,0.03,618.098339,1776217511000
1776217512.756,12.756,0.45,4.4,0.44,5.0,0.55,10.0,0.56,10.0,0.52,5.2,0.51,5.0,0.55,5.0,0.56,5.0,0.1,0.03,618.098339,1776217511000
1776217513.015,13.015,0.45,4.4,0.44,5.0,0.55,10.0,0.56,10.0,0.45,10.0,0.44,10.0,0.55,4.4,0.56,5.0,0.1,0.1,618.098232,1776217512000
1776217513.259,13.259,0.42,5.0,0.35,10.0,0.46,5.0,0.47,5.0,0.45,10.0,0.44,10.0,0.55,4.4,0.56,5.0,0.04,0.1,618.098232,1776217512000
1776217514.138,14.138,0.42,5.0,0.35,10.0,0.46,5.0,0.47,5.0,0.54,5.0,0.53,5.0,0.58,5.0,0.65,10.0,0.04,0.04,618.098213,1776217513000
1776217515.688,15.688,0.42,5.0,0.35,10.0,0.46,5.0,0.47,5.0,0.54,5.0,0.53,5.0,0.58,5.0,0.65,10.0,0.04,0.04,617.98397,1776217514000
1776217516.17,16.17,0.42,5.0,0.35,10.0,0.46,5.0,0.47,5.0,0.54,5.0,0.53,5.0,0.58,5.0,0.65,10.0,0.04,0.04,617.98397,1776217515000
1776217516.846,16.846,0.42,5.0,0.35,10.0,0.46,5.0,0.47,5.0,0.54,5.0,0.53,5.0,0.58,5.0,0.65,10.0,0.04,0.04,617.983669,1776217516000
1776217517.884,17.884,0.42,5.0,0.35,10.0,0.46,5.0,0.47,5.0,0.54,5.0,0.53,5.0,0.58,5.0,0.65,10.0,0.04,0.04,617.973715,1776217517000
1776217518.518,18.518,0.36,10.0,0.35,5.0,0.46,4.0,0.5,5.0,0.54,5.0,0.53,5.0,0.58,5.0,0.65,10.0,0.1,0.04,617.973715,1776217517000
1776217518.934,18.934,0.36,10.0,0.35,5.0,0.46,4.0,0.5,5.0,0.54,4.0,0.5,5.0,0.64,10.0,0.65,5.0,0.1,0.1,617.97421,1776217518000
1776217519.538,19.538,0.36,10.7,0.35,5.0,0.45,5.0,0.46,5.0,0.54,4.0,0.5,5.0,0.64,10.0,0.65,5.0,0.09,0.1,617.97421,1776217518000
1776217519.902,19.902,0.36,10.7,0.35,5.0,0.45,5.0,0.46,5.0,0.55,5.0,0.54,5.0,0.64,10.7,0.65,5.0,0.09,0.09,617.966161,1776217519000
1776217520.973,20.973,0.36,10.7,0.35,5.0,0.45,5.0,0.46,5.0,0.55,5.0,0.54,5.0,0.64,10.7,0.65,5.0,0.09,0.09,617.96633,1776217520000
1776217522.003,22.003,0.36,10.7,0.35,5.0,0.45,5.0,0.46,5.0,0.55,5.0,0.54,5.0,0.64,10.7,0.65,5.0,0.09,0.09,617.966435,1776217521000
1776217523.081,23.081,0.36,10.7,0.35,5.0,0.45,5.0,0.46,5.0,0.55,5.0,0.54,5.0,0.64,10.7,0.65,5.0,0.09,0.09,617.96777,1776217522000
1776217524.092,24.092,0.36,10.7,0.35,5.0,0.45,5.0,0.46,5.0,0.55,5.0,0.54,5.0,0.64,10.7,0.65,5.0,0.09,0.09,617.964886,1776217523000
1776217525.17,25.17,0.36,10.7,0.35,5.0,0.45,5.0,0.46,5.0,0.55,5.0,0.54,5.0,0.64,10.7,0.65,5.0,0.09,0.09,617.966689,1776217524000
1776217526.103,26.103,0.36,10.7,0.35,5.0,0.45,5.0,0.46,5.0,0.55,5.0,0.54,5.0,0.64,10.7,0.65,5.0,0.09,0.09,617.966689,1776217525000
1776217527.249,27.249,0.36,10.7,0.35,5.0,0.45,5.0,0.46,5.0,0.55,5.0,0.54,5.0,0.64,10.7,0.65,5.0,0.09,0.09,617.967051,1776217526000
1776217528.204,28.204,0.36,10.7,0.35,5.0,0.45,5.0,0.46,5.0,0.55,5.0,0.54,5.0,0.64,10.7,0.65,5.0,0.09,0.09,617.967858,1776217527000
1776217529.05,29.05,0.36,10.7,0.35,5.0,0.45,5.0,0.46,5.0,0.55,5.0,0.54,5.0,0.64,10.7,0.65,5.0,0.09,0.09,617.971164,1776217528000
1776217530.463,30.463,0.36,10.7,0.35,5.0,0.45,5.0,0.46,5.0,0.55,5.0,0.54,5.0,0.64,10.7,0.65,5.0,0.09,0.09,617.971145,1776217529000
1776217531.05,31.05,0.36,10.7,0.35,5.0,0.45,5.0,0.46,5.0,0.55,5.0,0.54,5.0,0.64,10.7,0.65,5.0,0.09,0.09,617.969553,1776217530000
1776217532.319,32.319,0.36,10.7,0.35,5.0,0.45,5.0,0.46,5.0,0.55,5.0,0.54,5.0,0.64,10.7,0.65,5.0,0.09,0.09,617.965767,1776217531000
1776217532.947,32.947,0.36,10.7,0.35,5.0,0.45,5.0,0.46,5.0,0.55,5.0,0.54,5.0,0.64,10.7,0.65,5.0,0.09,0.09,617.966081,1776217532000
1776217534.176,34.176,0.36,10.7,0.35,5.0,0.45,5.0,0.46,5.0,0.55,5.0,0.54,5.0,0.64,10.7,0.65,5.0,0.09,0.09,617.966268,1776217533000
1776217535.262,35.262,0.36,10.7,0.35,5.0,0.45,5.0,0.46,5.0,0.55,5.0,0.54,5.0,0.64,10.7,0.65,5.0,0.09,0.09,617.966268,1776217534000
1776217536.497,36.497,0.36,10.7,0.35,5.0,0.45,5.0,0.46,5.0,0.55,5.0,0.54,5.0,0.64,10.7,0.65,5.0,0.09,0.09,617.959238,1776217535000
1776217537.127,37.127,0.36,10.7,0.35,5.0,0.45,5.0,0.46,5.0,0.55,5.0,0.54,5.0,0.64,10.7,0.65,5.0,0.09,0.09,617.959238,1776217536000
1776217538.389,38.389,0.36,10.7,0.35,5.0,0.45,5.0,0.46,5.0,0.55,5.0,0.54,5.0,0.64,10.7,0.65,5.0,0.09,0.09,617.948383,1776217537000
1776217539.505,39.505,0.36,10.7,0.35,5.0,0.45,5.0,0.46,5.0,0.55,5.0,0.54,5.0,0.64,10.7,0.65,5.0,0.09,0.09,617.948234,1776217538000
1776217540.014,40.014,0.36,10.7,0.35,5.0,0.45,5.0,0.46,5.0,0.55,5.0,0.54,5.0,0.64,10.7,0.65,5.0,0.09,0.09,617.947707,1776217539000
1776217541.131,41.131,0.36,10.7,0.35,5.0,0.45,5.0,0.46,5.0,0.55,5.0,0.54,5.0,0.64,10.7,0.65,5.0,0.09,0.09,617.948429,1776217540000
1776217542.264,42.264,0.36,10.7,0.35,5.0,0.45,5.0,0.46,5.0,0.55,5.0,0.54,5.0,0.64,10.7,0.65,5.0,0.09,0.09,617.948489,1776217541000
1776217543.516,43.516,0.36,10.7,0.35,5.0,0.45,5.0,0.46,5.0,0.55,5.0,0.54,5.0,0.64,10.7,0.65,5.0,0.09,0.09,617.952045,1776217542000
1776217545.314,45.314,0.36,10.7,0.35,5.0,0.45,5.0,0.46,5.0,0.55,5.0,0.54,5.0,0.64,10.7,0.65,5.0,0.09,0.09,617.878716,1776217543000
1776217546.299,46.299,0.36,10.7,0.35,5.0,0.45,5.0,0.46,5.0,0.55,5.0,0.54,5.0,0.64,10.7,0.65,5.0,0.09,0.09,617.878728,1776217545000
1776217547.201,47.201,0.36,10.7,0.35,5.0,0.45,5.0,0.46,5.0,0.55,5.0,0.54,5.0,0.64,10.7,0.65,5.0,0.09,0.09,617.875627,1776217546000
1776217548.957,48.957,0.36,10.7,0.35,5.0,0.45,5.0,0.46,5.0,0.55,5.0,0.54,5.0,0.64,10.7,0.65,5.0,0.09,0.09,617.875091,1776217547000
1776217549.899,49.899,0.36,10.7,0.35,5.0,0.45,5.0,0.46,5.0,0.55,5.0,0.54,5.0,0.64,10.7,0.65,5.0,0.09,0.09,617.870987,1776217548000
1776217550.565,50.565,0.36,10.7,0.35,5.0,0.45,5.0,0.46,5.0,0.55,5.0,0.54,5.0,0.64,10.7,0.65,5.0,0.09,0.09,617.870751,1776217549000
1776217551.267,51.267,0.36,10.7,0.35,5.0,0.45,5.0,0.46,5.0,0.55,5.0,0.54,5.0,0.64,10.7,0.65,5.0,0.09,0.09,617.870804,1776217550000
1776217552.118,52.118,0.36,10.7,0.35,5.0,0.45,5.0,0.46,5.0,0.55,5.0,0.54,5.0,0.64,10.7,0.65,5.0,0.09,0.09,617.870804,1776217551000
1776217553.401,53.401,0.36,10.7,0.35,5.0,0.45,5.0,0.46,5.0,0.55,5.0,0.54,5.0,0.64,10.7,0.65,5.0,0.09,0.09,617.875612,1776217552000
1776217554.103,54.103,0.36,10.7,0.35,5.0,0.45,5.0,0.46,5.0,0.55,5.0,0.54,5.0,0.64,10.7,0.65,5.0,0.09,0.09,617.876435,1776217553000
1776217555.256,55.256,0.36,10.7,0.35,5.0,0.45,5.0,0.46,5.0,0.55,5.0,0.54,5.0,0.64,10.7,0.65,5.0,0.09,0.09,617.869889,1776217554000
1776217556.086,56.086,0.36,10.7,0.35,5.0,0.45,5.0,0.46,5.0,0.55,5.0,0.54,5.0,0.64,10.7,0.65,5.0,0.09,0.09,617.869786,1776217555000
1776217557.262,57.262,0.36,10.7,0.35,5.0,0.45,5.0,0.46,5.0,0.55,5.0,0.54,5.0,0.64,10.7,0.65,5.0,0.09,0.09,617.870398,1776217556000
1776217558.525,58.525,0.36,10.7,0.35,5.0,0.45,5.0,0.46,5.0,0.55,5.0,0.54,5.0,0.64,10.7,0.65,5.0,0.09,0.09,617.868468,1776217557000
1776217559.259,59.259,0.36,10.7,0.35,5.0,0.45,5.0,0.46,5.0,0.55,5.0,0.54,5.0,0.64,10.7,0.65,5.0,0.09,0.09,617.867782,1776217558000
1776217560.462,60.462,0.36,10.7,0.35,5.0,0.45,5.0,0.46,5.0,0.55,5.0,0.54,5.0,0.64,10.7,0.65,5.0,0.09,0.09,617.867797,1776217559000
1776217561.11,61.11,0.36,10.7,0.35,5.0,0.45,5.0,0.46,5.0,0.55,5.0,0.54,5.0,0.64,10.7,0.65,5.0,0.09,0.09,617.867797,1776217560000
1776217562.619,62.619,0.36,10.7,0.35,5.0,0.45,5.0,0.46,5.0,0.55,5.0,0.54,5.0,0.64,10.7,0.65,5.0,0.09,0.09,617.875612,1776217561000
1776217563.798,63.798,0.36,10.7,0.35,5.0,0.45,5.0,0.46,5.0,0.55,5.0,0.54,5.0,0.64,10.7,0.65,5.0,0.09,0.09,617.875612,1776217562000
1776217564.466,64.466,0.36,10.7,0.35,5.0,0.45,5.0,0.46,5.0,0.55,5.0,0.54,5.0,0.64,10.7,0.65,5.0,0.09,0.09,617.877124,1776217563000
1776217565.217,65.217,0.36,10.7,0.35,5.0,0.45,5.0,0.46,5.0,0.55,5.0,0.54,5.0,0.64,10.7,0.65,5.0,0.09,0.09,617.877124,1776217564000
1776217566.727,66.727,0.36,10.7,0.35,5.0,0.45,5.0,0.46,5.0,0.55,5.0,0.54,5.0,0.64,10.7,0.65,5.0,0.09,0.09,617.87488,1776217565000
1776217567.393,67.393,0.36,10.7,0.35,5.0,0.45,5.0,0.46,5.0,0.55,5.0,0.54,5.0,0.64,10.7,0.65,5.0,0.09,0.09,617.874874,1776217566000
1776217568.104,68.104,0.36,10.7,0.35,5.0,0.45,5.0,0.46,5.0,0.55,5.0,0.54,5.0,0.64,10.7,0.65,5.0,0.09,0.09,617.874098,1776217567000
1776217569.454,69.454,0.36,10.7,0.35,5.0,0.45,5.0,0.46,5.0,0.55,5.0,0.54,5.0,0.64,10.7,0.65,5.0,0.09,0.09,617.873036,1776217568000
1776217570.111,70.111,0.36,10.7,0.35,5.0,0.45,5.0,0.46,5.0,0.55,5.0,0.54,5.0,0.64,10.7,0.65,5.0,0.09,0.09,617.873036,1776217569000
1776217571.321,71.321,0.29,10.0,0.28,7.14,0.38,15.73,0.39,10.9,0.55,5.0,0.54,5.0,0.64,10.7,0.65,5.0,0.09,0.09,617.873036,1776217569000
1776217572.151,72.151,0.29,10.0,0.28,7.14,0.38,15.73,0.39,10.9,0.62,15.73,0.61,10.9,0.71,10.0,0.72,7.14,0.09,0.09,617.873706,1776217571000
1776217572.351,72.351,0.29,5.49,0.28,7.14,0.38,21.0,0.39,10.9,0.62,15.73,0.61,10.9,0.71,10.0,0.72,7.14,0.09,0.09,617.873706,1776217571000
1776217573.51,73.51,0.29,5.49,0.28,7.14,0.38,21.0,0.39,10.9,0.62,21.0,0.61,10.9,0.71,5.49,0.72,7.14,0.09,0.09,617.87433,1776217572000
1776217574.124,74.124,0.29,5.49,0.28,7.14,0.38,21.0,0.39,10.9,0.62,21.0,0.61,10.9,0.71,5.49,0.72,7.14,0.09,0.09,617.87433,1776217573000
1776217575.382,75.382,0.29,5.49,0.28,7.14,0.38,21.0,0.39,10.9,0.62,21.0,0.61,10.9,0.71,5.49,0.72,7.14,0.09,0.09,617.872573,1776217574000
1776217576.06,76.06,0.29,5.49,0.28,7.14,0.38,21.0,0.39,10.9,0.62,21.0,0.61,10.9,0.71,5.49,0.72,7.14,0.09,0.09,617.872573,1776217575000
1776217577.302,77.302,0.29,5.49,0.28,7.14,0.38,21.0,0.39,10.9,0.62,21.0,0.61,10.9,0.71,5.49,0.72,7.14,0.09,0.09,617.872578,1776217576000
1776217578.734,78.734,0.29,5.49,0.28,7.14,0.38,21.0,0.39,10.9,0.62,21.0,0.61,10.9,0.71,5.49,0.72,7.14,0.09,0.09,617.874233,1776217577000
1776217579.409,79.409,0.29,5.49,0.28,7.14,0.38,21.0,0.39,10.9,0.62,21.0,0.61,10.9,0.71,5.49,0.72,7.14,0.09,0.09,617.87439,1776217578000
1776217581.069,81.069,0.29,0.49,0.28,7.14,0.37,11.2,0.38,21.0,0.63,11.2,0.62,21.0,0.71,0.49,0.72,7.14,0.08,0.08,617.874438,1776217579000
1776217581.814,81.814,0.29,0.49,0.28,7.14,0.37,11.2,0.38,21.0,0.63,11.2,0.62,21.0,0.71,0.49,0.72,7.14,0.08,0.08,617.877561,1776217580000
1776217582.277,82.277,0.29,0.49,0.28,7.14,0.37,11.2,0.38,21.0,0.63,11.2,0.62,21.0,0.71,0.49,0.72,7.14,0.08,0.08,617.878071,1776217581000
1776217583.266,83.266,0.28,6.09,0.26,10.0,0.37,11.2,0.38,21.0,0.63,11.2,0.62,21.0,0.72,6.09,0.74,10.0,0.09,0.09,617.878155,1776217582000
1776217583.824,83.824,0.24,12.23,0.23,14.7,0.37,11.2,0.38,21.0,0.63,11.2,0.62,21.0,0.72,6.09,0.74,10.0,0.13,0.09,617.878155,1776217582000
1776217585.03,85.03,0.24,12.23,0.23,14.7,0.37,11.2,0.38,21.0,0.63,11.2,0.62,21.0,0.76,12.23,0.77,14.7,0.13,0.13,617.878154,1776217584000
1776217586.099,86.099,0.24,12.23,0.23,14.7,0.37,11.2,0.38,21.0,0.63,11.2,0.62,21.0,0.76,12.23,0.77,14.7,0.13,0.13,617.875821,1776217585000
1776217587.293,87.293,0.26,5.0,0.24,14.3,0.36,5.0,0.38,16.0,0.64,5.0,0.62,16.0,0.74,5.0,0.76,14.3,0.1,0.1,617.875051,1776217586000
1776217587.971,87.971,0.26,5.0,0.24,14.3,0.36,5.0,0.38,16.0,0.64,5.0,0.62,16.0,0.74,5.0,0.76,14.3,0.1,0.1,617.875051,1776217587000
1776217589.028,89.028,0.26,5.0,0.24,14.3,0.36,5.0,0.38,16.0,0.64,5.0,0.62,16.0,0.74,5.0,0.76,14.3,0.1,0.1,617.875027,1776217588000
1776217590.178,90.178,0.26,5.0,0.24,14.3,0.36,5.0,0.38,16.0,0.64,5.0,0.62,16.0,0.74,5.0,0.76,14.3,0.1,0.1,617.875593,1776217589000
1776217591.355,91.355,0.26,5.0,0.24,14.3,0.36,5.0,0.38,16.0,0.64,5.0,0.62,16.0,0.74,5.0,0.76,14.3,0.1,0.1,617.875461,1776217590000
1776217591.923,91.923,0.26,5.0,0.24,14.3,0.36,5.0,0.38,16.0,0.64,5.0,0.62,16.0,0.74,5.0,0.76,14.3,0.1,0.1,617.875448,1776217591000
1776217593.149,93.149,0.26,5.0,0.24,14.3,0.36,5.0,0.38,16.0,0.64,5.0,0.62,16.0,0.74,5.0,0.76,14.3,0.1,0.1,617.875954,1776217592000
1776217594.316,94.316,0.26,5.0,0.24,14.3,0.36,5.0,0.38,16.0,0.64,5.0,0.62,16.0,0.74,5.0,0.76,14.3,0.1,0.1,617.875901,1776217593000
1776217594.895,94.895,0.26,5.0,0.24,14.3,0.36,5.0,0.38,16.0,0.64,5.0,0.62,16.0,0.74,5.0,0.76,14.3,0.1,0.1,617.875901,1776217594000
1776217596.27,96.27,0.26,5.0,0.24,14.3,0.36,5.0,0.38,16.0,0.64,5.0,0.62,16.0,0.74,5.0,0.76,14.3,0.1,0.1,617.875586,1776217595000
1776217596.769,96.769,0.26,5.0,0.24,14.3,0.36,5.0,0.38,16.0,0.64,5.0,0.62,16.0,0.74,5.0,0.76,14.3,0.1,0.1,617.875586,1776217596000
1776217598.281,98.281,0.26,5.0,0.24,14.3,0.36,5.0,0.38,16.0,0.64,5.0,0.62,16.0,0.74,5.0,0.76,14.3,0.1,0.1,617.878544,1776217597000
1776217599.757,99.757,0.26,5.0,0.24,14.3,0.36,5.0,0.38,16.0,0.64,5.0,0.62,16.0,0.74,5.0,0.76,14.3,0.1,0.1,617.877968,1776217598000
1776217600.346,100.346,0.26,5.0,0.24,14.3,0.36,5.0,0.38,16.0,0.64,5.0,0.62,16.0,0.74,5.0,0.76,14.3,0.1,0.1,617.871118,1776217599000
1776217601.351,101.351,0.26,5.0,0.24,14.3,0.36,5.0,0.38,16.0,0.64,5.0,0.62,16.0,0.74,5.0,0.76,14.3,0.1,0.1,617.871118,1776217600000
1776217602.291,102.291,0.26,5.0,0.24,14.3,0.36,5.0,0.38,16.0,0.64,5.0,0.62,16.0,0.74,5.0,0.76,14.3,0.1,0.1,617.871457,1776217601000
1776217603.247,103.247,0.26,5.0,0.24,14.3,0.36,5.0,0.38,16.0,0.64,5.0,0.62,16.0,0.74,5.0,0.76,14.3,0.1,0.1,617.871366,1776217602000
1776217604.346,104.346,0.26,5.0,0.24,14.3,0.36,5.0,0.38,16.0,0.64,5.0,0.62,16.0,0.74,5.0,0.76,14.3,0.1,0.1,617.871366,1776217603000
1776217604.926,104.926,0.26,5.0,0.24,14.3,0.36,5.0,0.38,16.0,0.64,5.0,0.62,16.0,0.74,5.0,0.76,14.3,0.1,0.1,617.878376,1776217604000
1776217605.179,105.179,0.23,14.7,0.22,20.2,0.33,10.0,0.34,5.0,0.64,5.0,0.62,16.0,0.74,5.0,0.76,14.3,0.1,0.1,617.878376,1776217604000
1776217605.996,105.996,0.23,14.7,0.22,20.2,0.33,10.0,0.34,5.0,0.67,10.0,0.66,5.0,0.77,14.7,0.78,20.2,0.1,0.1,617.877606,1776217605000
1776217606.449,106.449,0.23,14.7,0.22,25.2,0.33,6.21,0.34,5.0,0.67,10.0,0.66,5.0,0.77,14.7,0.78,20.2,0.1,0.1,617.877606,1776217605000
1776217607.175,107.175,0.23,14.7,0.22,25.2,0.33,6.21,0.34,5.0,0.67,6.21,0.66,5.0,0.77,14.7,0.78,25.2,0.1,0.1,617.877593,1776217606000
1776217608.181,108.181,0.23,14.7,0.22,25.2,0.33,6.21,0.34,5.0,0.67,6.21,0.66,5.0,0.77,14.7,0.78,25.2,0.1,0.1,617.878006,1776217607000
1776217610.378,110.378,0.23,14.7,0.22,25.2,0.33,6.21,0.34,5.0,0.67,6.21,0.66,5.0,0.77,14.7,0.78,25.2,0.1,0.1,617.878159,1776217609000
1776217611.036,111.036,0.23,14.7,0.22,25.2,0.33,6.21,0.34,5.0,0.67,6.21,0.66,5.0,0.77,14.7,0.78,25.2,0.1,0.1,617.878159,1776217610000
1776217612.211,112.211,0.23,14.7,0.22,25.2,0.33,6.21,0.34,5.0,0.67,6.21,0.66,5.0,0.77,14.7,0.78,25.2,0.1,0.1,617.878159,1776217611000
1776217613.233,113.233,0.23,14.7,0.22,25.2,0.33,6.21,0.34,5.0,0.67,6.21,0.66,5.0,0.77,14.7,0.78,25.2,0.1,0.1,617.878112,1776217612000
1776217614.436,114.436,0.23,14.7,0.22,25.2,0.33,6.21,0.34,5.0,0.67,6.21,0.66,5.0,0.77,14.7,0.78,25.2,0.1,0.1,617.877233,1776217613000
1776217614.961,114.961,0.23,14.7,0.22,25.2,0.33,6.21,0.34,5.0,0.67,6.21,0.66,5.0,0.77,14.7,0.78,25.2,0.1,0.1,617.877065,1776217614000
1776217616.083,116.083,0.23,7.35,0.22,15.2,0.33,6.21,0.34,10.0,0.67,6.21,0.66,10.0,0.77,7.35,0.78,15.2,0.1,0.1,617.877084,1776217615000
1776217616.432,116.432,0.22,15.2,0.21,75.7,0.33,6.21,0.34,10.0,0.67,6.21,0.66,10.0,0.77,7.35,0.78,15.2,0.11,0.1,617.877084,1776217615000
1776217617.228,117.228,0.22,15.2,0.21,75.7,0.33,6.21,0.34,10.0,0.67,6.21,0.66,10.0,0.78,15.2,0.79,75.7,0.11,0.11,617.877084,1776217616000
1776217618.373,118.373,0.22,15.2,0.21,75.7,0.33,6.21,0.34,10.0,0.67,6.21,0.66,10.0,0.78,15.2,0.79,75.7,0.11,0.11,617.877763,1776217617000
1776217619.11,119.11,0.22,15.2,0.21,75.7,0.33,6.21,0.34,10.0,0.67,6.21,0.66,10.0,0.78,15.2,0.79,75.7,0.11,0.11,617.877763,1776217618000
1776217620.206,120.206,0.22,15.2,0.21,75.7,0.33,6.21,0.34,10.0,0.67,6.21,0.66,10.0,0.78,15.2,0.79,75.7,0.11,0.11,617.877812,1776217619000
1776217621.334,121.334,0.22,15.2,0.21,75.7,0.33,6.21,0.34,10.0,0.67,6.21,0.66,10.0,0.78,15.2,0.79,75.7,0.11,0.11,617.877812,1776217620000
1776217621.855,121.855,0.22,15.2,0.21,75.7,0.33,6.21,0.34,10.0,0.67,6.21,0.66,10.0,0.78,15.2,0.79,75.7,0.11,0.11,617.877812,1776217621000
1776217623.182,123.182,0.22,15.2,0.21,75.7,0.33,6.21,0.34,10.0,0.67,6.21,0.66,10.0,0.78,15.2,0.79,75.7,0.11,0.11,617.878296,1776217622000
1776217624.275,124.275,0.22,15.2,0.21,75.7,0.33,6.21,0.34,10.0,0.67,6.21,0.66,10.0,0.78,15.2,0.79,75.7,0.11,0.11,617.878254,1776217623000
1776217625.295,125.295,0.22,15.2,0.21,75.7,0.33,6.21,0.34,10.0,0.67,6.21,0.66,10.0,0.78,15.2,0.79,75.7,0.11,0.11,617.875156,1776217624000
1776217626.255,126.255,0.22,15.2,0.21,75.7,0.33,6.21,0.34,10.0,0.67,6.21,0.66,10.0,0.78,15.2,0.79,75.7,0.11,0.11,617.875398,1776217625000
1776217627.252,127.252,0.22,15.2,0.21,75.7,0.33,6.21,0.34,10.0,0.67,6.21,0.66,10.0,0.78,15.2,0.79,75.7,0.11,0.11,617.875745,1776217626000
1776217628.194,128.194,0.22,15.2,0.21,75.7,0.33,6.21,0.34,10.0,0.67,6.21,0.66,10.0,0.78,15.2,0.79,75.7,0.11,0.11,617.876198,1776217627000
1776217629.244,129.244,0.22,15.2,0.21,75.7,0.33,6.21,0.34,10.0,0.67,6.21,0.66,10.0,0.78,15.2,0.79,75.7,0.11,0.11,617.876976,1776217628000
1776217630.194,130.194,0.22,15.2,0.21,75.7,0.33,6.21,0.34,10.0,0.67,6.21,0.66,10.0,0.78,15.2,0.79,75.7,0.11,0.11,617.876871,1776217629000
1776217630.443,130.443,0.21,30.15,0.2,10.0,0.31,10.0,0.32,11.9,0.67,6.21,0.66,10.0,0.78,15.2,0.79,75.7,0.1,0.11,617.876871,1776217629000
1776217631.224,131.224,0.21,30.15,0.2,10.0,0.31,10.0,0.32,11.9,0.69,10.0,0.68,11.9,0.79,30.15,0.8,10.0,0.1,0.1,617.876871,1776217630000
1776217632.132,132.132,0.21,30.15,0.2,10.0,0.31,10.0,0.32,11.9,0.69,10.0,0.68,11.9,0.79,30.15,0.8,10.0,0.1,0.1,617.880101,1776217631000
1776217633.172,133.172,0.21,30.15,0.2,10.0,0.31,10.0,0.32,11.9,0.69,10.0,0.68,11.9,0.79,30.15,0.8,10.0,0.1,0.1,617.880101,1776217632000
1776217634.123,134.123,0.21,30.15,0.2,10.0,0.31,10.0,0.32,11.9,0.69,10.0,0.68,11.9,0.79,30.15,0.8,10.0,0.1,0.1,617.879995,1776217633000
1776217634.59,134.59,0.19,10.0,0.18,17.6,0.31,10.0,0.32,11.9,0.69,10.0,0.68,11.9,0.79,30.15,0.8,10.0,0.12,0.1,617.879995,1776217633000
1776217635.067,135.067,0.19,10.0,0.18,17.6,0.31,10.0,0.32,11.9,0.69,10.0,0.68,11.9,0.81,10.0,0.82,17.6,0.12,0.12,617.879996,1776217634000
1776217636.138,136.138,0.19,10.0,0.18,17.6,0.31,10.0,0.32,11.9,0.69,10.0,0.68,11.9,0.81,10.0,0.82,17.6,0.12,0.12,617.879996,1776217635000
1776217637.003,137.003,0.19,10.0,0.18,17.6,0.31,10.0,0.32,11.9,0.69,10.0,0.68,11.9,0.81,10.0,0.82,17.6,0.12,0.12,617.879995,1776217636000
1776217638.029,138.029,0.19,10.0,0.18,17.6,0.31,10.0,0.32,11.9,0.69,10.0,0.68,11.9,0.81,10.0,0.82,17.6,0.12,0.12,617.87683,1776217637000
1776217639.518,139.518,0.19,10.0,0.18,17.6,0.31,10.0,0.32,11.9,0.69,10.0,0.68,11.9,0.81,10.0,0.82,17.6,0.12,0.12,617.876782,1776217638000
1776217640.099,140.099,0.19,10.0,0.18,17.6,0.31,10.0,0.32,11.9,0.69,10.0,0.68,11.9,0.81,10.0,0.82,17.6,0.12,0.12,617.873682,1776217639000
1776217641.062,141.062,0.19,10.0,0.18,17.6,0.31,10.0,0.32,11.9,0.69,10.0,0.68,11.9,0.81,10.0,0.82,17.6,0.12,0.12,617.873685,1776217640000
1776217642.623,142.623,0.19,10.0,0.18,17.6,0.31,10.0,0.32,11.9,0.69,10.0,0.68,11.9,0.81,10.0,0.82,17.6,0.12,0.12,617.873708,1776217641000
1776217643.242,143.242,0.19,10.0,0.18,17.6,0.31,10.0,0.32,11.9,0.69,10.0,0.68,11.9,0.81,10.0,0.82,17.6,0.12,0.12,617.877036,1776217642000
1776217644.433,144.433,0.19,10.0,0.18,17.6,0.31,10.0,0.32,11.9,0.69,10.0,0.68,11.9,0.81,10.0,0.82,17.6,0.12,0.12,617.876662,1776217643000
1776217644.99,144.99,0.19,10.0,0.18,17.6,0.31,10.0,0.32,11.9,0.69,10.0,0.68,11.9,0.81,10.0,0.82,17.6,0.12,0.12,617.875645,1776217644000
1776217646.166,146.166,0.19,10.0,0.18,17.6,0.31,10.0,0.32,11.9,0.69,10.0,0.68,11.9,0.81,10.0,0.82,17.6,0.12,0.12,617.875641,1776217645000
1776217647.393,147.393,0.19,10.0,0.18,17.6,0.31,10.0,0.32,11.9,0.69,10.0,0.68,11.9,0.81,10.0,0.82,17.6,0.12,0.12,617.875803,1776217646000
1776217648.5,148.5,0.19,10.0,0.18,17.6,0.31,10.0,0.32,11.9,0.69,10.0,0.68,11.9,0.81,10.0,0.82,17.6,0.12,0.12,617.875697,1776217647000
1776217649.1,149.1,0.19,10.0,0.18,17.6,0.31,10.0,0.32,11.9,0.69,10.0,0.68,11.9,0.81,10.0,0.82,17.6,0.12,0.12,617.875697,1776217648000
1776217650.634,150.634,0.19,10.0,0.18,17.6,0.31,10.0,0.32,11.9,0.69,10.0,0.68,11.9,0.81,10.0,0.82,17.6,0.12,0.12,617.877032,1776217649000
1776217651.101,151.101,0.18,10.0,0.17,18.39,0.31,62.2,0.32,16.9,0.69,10.0,0.68,11.9,0.81,10.0,0.82,17.6,0.13,0.12,617.877032,1776217649000
1776217652.43,152.43,0.26,5.0,0.25,5.0,0.41,44.89,0.43,5.0,0.69,62.2,0.68,16.9,0.82,10.0,0.83,18.39,0.15,0.13,617.877061,1776217650000
1776217652.987,152.987,0.26,5.0,0.25,5.0,0.41,29.27,0.43,5.0,0.59,29.27,0.57,5.0,0.74,5.0,0.75,5.0,0.15,0.15,617.877164,1776217652000
1776217654.133,154.133,0.26,5.0,0.25,5.0,0.41,29.27,0.43,5.0,0.59,29.27,0.57,5.0,0.74,5.0,0.75,5.0,0.15,0.15,617.937988,1776217653000
1776217655.176,155.176,0.26,5.0,0.25,5.0,0.41,29.27,0.43,5.0,0.59,29.27,0.57,5.0,0.74,5.0,0.75,5.0,0.15,0.15,617.953111,1776217654000
1776217656.209,156.209,0.32,10.0,0.31,50.0,0.41,19.27,0.43,5.0,0.59,19.27,0.57,5.0,0.68,10.0,0.69,50.0,0.09,0.09,617.962072,1776217655000
1776217656.861,156.861,0.4,5.0,0.32,20.0,0.41,14.27,0.54,5.1,0.59,19.27,0.57,5.0,0.68,10.0,0.69,50.0,0.01,0.09,617.962072,1776217655000
1776217657.225,157.225,0.4,5.0,0.32,10.0,0.41,9.27,0.54,5.1,0.59,9.27,0.46,5.1,0.6,5.0,0.68,10.0,0.01,0.01,618.002,1776217656000
1776217658.117,158.117,0.4,15.0,0.31,60.0,0.41,4.27,0.54,5.1,0.59,9.27,0.46,5.1,0.6,5.0,0.68,10.0,0.01,0.01,618.002,1776217656000
1776217659.204,159.204,0.4,15.0,0.31,60.0,0.41,4.27,0.54,5.1,0.59,4.27,0.46,5.1,0.6,15.0,0.69,60.0,0.01,0.01,618.086171,1776217658000
1776217659.789,159.789,0.4,30.0,0.36,10.0,0.54,5.1,0.58,10.0,0.59,4.27,0.46,5.1,0.6,15.0,0.69,60.0,0.14,0.01,618.086171,1776217658000
1776217660.23,160.23,0.41,50.0,0.4,30.0,0.54,1.58,0.58,10.0,0.46,5.1,0.42,10.0,0.6,30.0,0.64,10.0,0.13,0.14,618.086171,1776217658000
1776217661.419,161.419,0.41,50.0,0.4,30.0,0.54,1.58,0.58,10.0,0.46,1.58,0.42,10.0,0.59,50.0,0.6,30.0,0.13,0.13,618.091953,1776217660000
1776217661.946,161.946,0.41,50.0,0.4,30.0,0.54,1.58,0.58,10.0,0.46,1.58,0.42,10.0,0.59,50.0,0.6,30.0,0.13,0.13,618.091953,1776217661000
1776217663.008,163.008,0.41,50.0,0.4,30.0,0.54,1.58,0.58,10.0,0.46,1.58,0.42,10.0,0.59,50.0,0.6,30.0,0.13,0.13,618.090712,1776217662000
1776217664.211,164.211,0.41,50.0,0.4,30.0,0.54,1.58,0.58,10.0,0.46,1.58,0.42,10.0,0.59,50.0,0.6,30.0,0.13,0.13,618.09114,1776217663000
1776217665.373,165.373,0.41,50.0,0.4,30.0,0.54,1.58,0.58,10.0,0.46,1.58,0.42,10.0,0.59,50.0,0.6,30.0,0.13,0.13,618.093,1776217664000
1776217666.424,166.424,0.41,50.0,0.4,30.0,0.54,1.58,0.58,10.0,0.46,1.58,0.42,10.0,0.59,50.0,0.6,30.0,0.13,0.13,618.090424,1776217665000
1776217666.88,166.88,0.41,50.0,0.4,30.0,0.54,1.58,0.58,10.0,0.46,1.58,0.42,10.0,0.59,50.0,0.6,30.0,0.13,0.13,618.090424,1776217666000
1776217668.498,168.498,0.41,50.0,0.4,30.0,0.54,1.58,0.58,10.0,0.46,1.58,0.42,10.0,0.59,50.0,0.6,30.0,0.13,0.13,618.090424,1776217667000
1776217669.156,169.156,0.41,50.0,0.4,30.0,0.54,1.58,0.58,10.0,0.46,1.58,0.42,10.0,0.59,50.0,0.6,30.0,0.13,0.13,618.090424,1776217668000
1776217670.117,170.117,0.41,50.0,0.4,30.0,0.54,1.58,0.58,10.0,0.46,1.58,0.42,10.0,0.59,50.0,0.6,30.0,0.13,0.13,618.090881,1776217669000
1776217671.199,171.199,0.41,50.0,0.4,30.0,0.54,1.58,0.58,10.0,0.46,1.58,0.42,10.0,0.59,50.0,0.6,30.0,0.13,0.13,618.094952,1776217670000
1776217672.215,172.215,0.41,50.0,0.4,30.0,0.54,1.58,0.58,10.0,0.46,1.58,0.42,10.0,0.59,50.0,0.6,30.0,0.13,0.13,618.095047,1776217671000
1776217673.26,173.26,0.41,50.0,0.4,30.0,0.54,1.58,0.58,10.0,0.46,1.58,0.42,10.0,0.59,50.0,0.6,30.0,0.13,0.13,618.095047,1776217672000
1776217674.346,174.346,0.41,50.0,0.4,30.0,0.54,1.58,0.58,10.0,0.46,1.58,0.42,10.0,0.59,50.0,0.6,30.0,0.13,0.13,618.094482,1776217673000
1776217674.935,174.935,0.41,50.0,0.4,30.0,0.54,1.58,0.58,10.0,0.46,1.58,0.42,10.0,0.59,50.0,0.6,30.0,0.13,0.13,618.094482,1776217674000
1776217676.075,176.075,0.41,50.0,0.4,30.0,0.54,1.58,0.58,10.0,0.46,1.58,0.42,10.0,0.59,50.0,0.6,30.0,0.13,0.13,618.093381,1776217675000
1776217677.089,177.089,0.41,50.0,0.4,30.0,0.54,1.58,0.58,10.0,0.46,1.58,0.42,10.0,0.59,50.0,0.6,30.0,0.13,0.13,618.09338,1776217676000
1776217678.163,178.163,0.41,50.0,0.4,30.0,0.54,1.58,0.58,10.0,0.46,1.58,0.42,10.0,0.59,50.0,0.6,30.0,0.13,0.13,618.093853,1776217677000
1776217679.34,179.34,0.41,50.0,0.4,30.0,0.54,1.58,0.58,10.0,0.46,1.58,0.42,10.0,0.59,50.0,0.6,30.0,0.13,0.13,618.093853,1776217678000
1776217680.397,180.397,0.41,50.0,0.4,30.0,0.54,1.58,0.58,10.0,0.46,1.58,0.42,10.0,0.59,50.0,0.6,30.0,0.13,0.13,618.097099,1776217679000
1776217680.88,180.88,0.41,50.0,0.4,30.0,0.54,1.58,0.58,10.0,0.46,1.58,0.42,10.0,0.59,50.0,0.6,30.0,0.13,0.13,618.097099,1776217680000
1776217682.508,182.508,0.41,50.0,0.4,30.0,0.54,1.58,0.58,10.0,0.46,1.58,0.42,10.0,0.59,50.0,0.6,30.0,0.13,0.13,618.098198,1776217681000
1776217683.195,183.195,0.41,50.0,0.4,30.0,0.54,1.58,0.58,10.0,0.46,1.58,0.42,10.0,0.59,50.0,0.6,30.0,0.13,0.13,618.097944,1776217682000
1776217684.313,184.313,0.41,50.0,0.4,30.0,0.54,1.58,0.58,10.0,0.46,1.58,0.42,10.0,0.59,50.0,0.6,30.0,0.13,0.13,618.094252,1776217683000
1776217685.432,185.432,0.41,50.0,0.4,30.0,0.54,1.58,0.58,10.0,0.46,1.58,0.42,10.0,0.59,50.0,0.6,30.0,0.13,0.13,618.094429,1776217684000
1776217685.98,185.98,0.41,50.0,0.4,30.0,0.54,1.58,0.58,10.0,0.46,1.58,0.42,10.0,0.59,50.0,0.6,30.0,0.13,0.13,618.094428,1776217685000
1776217687.237,187.237,0.41,50.0,0.4,30.0,0.54,1.58,0.58,10.0,0.46,1.58,0.42,10.0,0.59,50.0,0.6,30.0,0.13,0.13,618.091347,1776217686000
1776217688.511,188.511,0.41,50.0,0.4,30.0,0.54,1.58,0.58,10.0,0.46,1.58,0.42,10.0,0.59,50.0,0.6,30.0,0.13,0.13,618.090833,1776217687000
1776217689.073,189.073,0.41,50.0,0.4,30.0,0.54,1.58,0.58,10.0,0.46,1.58,0.42,10.0,0.59,50.0,0.6,30.0,0.13,0.13,618.094984,1776217688000
1776217690.394,190.394,0.41,50.0,0.4,30.0,0.54,1.58,0.58,10.0,0.46,1.58,0.42,10.0,0.59,50.0,0.6,30.0,0.13,0.13,618.12,1776217689000
1776217690.829,190.829,0.42,10.7,0.41,60.7,0.53,8.09,0.54,1.58,0.46,1.58,0.42,10.0,0.59,50.0,0.6,30.0,0.11,0.13,618.12,1776217689000
1776217691.112,191.112,0.42,10.7,0.41,60.7,0.53,8.09,0.54,1.58,0.47,8.09,0.46,1.58,0.58,10.7,0.59,60.7,0.11,0.11,618.12,1776217690000
1776217692.199,192.199,0.42,10.7,0.41,60.7,0.54,1.58,0.58,5.0,0.46,1.58,0.42,5.0,0.58,10.7,0.59,60.7,0.12,0.12,618.114,1776217691000
1776217693.35,193.35,0.42,10.7,0.41,60.7,0.54,1.58,0.58,5.0,0.46,1.58,0.42,5.0,0.58,10.7,0.59,60.7,0.12,0.12,618.114,1776217692000
1776217693.578,193.578,0.45,10.5,0.44,10.6,0.54,1.58,0.59,5.0,0.46,1.58,0.42,5.0,0.58,10.7,0.59,60.7,0.09,0.12,618.114,1776217692000
1776217693.961,193.961,0.45,10.5,0.44,10.6,0.54,1.58,0.59,5.0,0.46,1.58,0.41,5.0,0.55,10.5,0.56,10.6,0.09,0.09,618.114,1776217693000
1776217695.048,195.048,0.45,10.5,0.44,10.6,0.54,1.58,0.59,5.0,0.46,1.58,0.41,5.0,0.55,10.5,0.56,10.6,0.09,0.09,618.114,1776217694000
1776217695.503,195.503,0.46,10.5,0.45,10.5,0.54,1.58,0.59,5.0,0.46,1.58,0.41,5.0,0.55,10.5,0.56,10.6,0.08,0.09,618.114,1776217694000
1776217696.201,196.201,0.46,10.5,0.45,10.5,0.54,1.58,0.59,5.0,0.46,1.58,0.41,5.0,0.54,10.5,0.55,10.5,0.08,0.08,618.141,1776217695000
1776217697.481,197.481,0.46,10.5,0.45,10.5,0.54,1.58,0.59,5.0,0.46,1.58,0.41,5.0,0.54,10.5,0.55,10.5,0.08,0.08,618.159,1776217696000
1776217697.817,197.817,0.45,10.5,0.44,10.6,0.59,0.34,0.6,5.0,0.46,1.58,0.41,5.0,0.54,10.5,0.55,10.5,0.14,0.08,618.159,1776217696000
1776217698.311,198.311,0.45,10.5,0.44,10.6,0.59,0.34,0.6,5.0,0.41,0.34,0.4,5.0,0.55,10.5,0.56,10.6,0.14,0.14,618.150576,1776217697000
1776217698.831,198.831,0.46,16.98,0.45,10.5,0.59,5.0,0.6,5.0,0.41,0.34,0.4,5.0,0.55,10.5,0.56,10.6,0.13,0.14,618.150576,1776217697000
1776217699.38,199.38,0.46,16.98,0.45,10.5,0.59,5.0,0.6,5.0,0.41,5.0,0.4,5.0,0.54,16.98,0.55,10.5,0.13,0.13,618.144623,1776217698000
1776217700.002,200.002,0.46,16.98,0.45,10.5,0.59,5.0,0.6,5.0,0.41,5.0,0.4,5.0,0.54,16.98,0.55,10.5,0.13,0.13,618.148712,1776217699000
1776217700.292,200.292,0.46,16.98,0.45,10.5,0.6,5.0,0.63,11.2,0.41,5.0,0.4,5.0,0.54,16.98,0.55,10.5,0.14,0.13,618.148712,1776217699000
1776217701.531,201.531,0.46,16.98,0.45,10.5,0.6,5.0,0.63,11.2,0.4,5.0,0.37,11.2,0.54,16.98,0.55,10.5,0.14,0.14,618.125563,1776217700000
1776217702.218,202.218,0.47,6.53,0.46,16.98,0.59,5.0,0.6,5.0,0.41,5.0,0.4,5.0,0.53,6.53,0.54,16.98,0.12,0.12,618.165,1776217701000
1776217702.448,202.448,0.51,50.0,0.49,10.4,0.6,5.0,0.7,12.4,0.41,5.0,0.4,5.0,0.53,6.53,0.54,16.98,0.09,0.12,618.165,1776217701000
1776217703.402,203.402,0.51,45.81,0.5,10.4,0.6,5.0,0.62,5.0,0.4,5.0,0.3,12.4,0.49,50.0,0.51,10.4,0.09,0.09,618.165,1776217701000
1776217704.271,204.271,0.51,45.81,0.5,10.4,0.6,5.0,0.62,5.0,0.4,5.0,0.38,5.0,0.49,45.81,0.5,10.4,0.09,0.09,618.159606,1776217703000
1776217704.541,204.541,0.52,10.4,0.51,56.21,0.62,5.0,0.69,12.2,0.4,5.0,0.38,5.0,0.49,45.81,0.5,10.4,0.1,0.09,618.159606,1776217703000
1776217705.636,205.636,0.52,10.4,0.51,56.21,0.62,5.0,0.69,12.2,0.38,5.0,0.31,12.2,0.48,10.4,0.49,56.21,0.1,0.1,618.16059,1776217704000
1776217706.3,206.3,0.52,10.4,0.51,56.21,0.62,5.0,0.69,12.2,0.38,5.0,0.31,12.2,0.48,10.4,0.49,56.21,0.1,0.1,618.15703,1776217705000
1776217706.515,206.515,0.53,10.0,0.51,56.21,0.61,5.0,0.62,5.0,0.38,5.0,0.31,12.2,0.48,10.4,0.49,56.21,0.08,0.1,618.15703,1776217705000
1776217707.066,207.066,0.53,10.0,0.51,56.21,0.61,5.0,0.62,5.0,0.39,5.0,0.38,5.0,0.47,10.0,0.49,56.21,0.08,0.08,618.15638,1776217706000
1776217708.377,208.377,0.53,10.0,0.51,56.21,0.61,5.0,0.62,5.0,0.39,5.0,0.38,5.0,0.47,10.0,0.49,56.21,0.08,0.08,618.15596,1776217707000
1776217709.067,209.067,0.53,10.0,0.52,10.4,0.61,5.0,0.63,5.0,0.39,5.0,0.37,5.0,0.47,10.0,0.48,10.4,0.08,0.08,618.15584,1776217708000
1776217710.35,210.35,0.53,10.0,0.52,10.4,0.61,5.0,0.63,5.0,0.39,5.0,0.37,5.0,0.47,10.0,0.48,10.4,0.08,0.08,618.13722,1776217709000
1776217711.038,211.038,0.53,10.0,0.52,10.4,0.61,5.0,0.63,5.0,0.39,5.0,0.37,5.0,0.47,10.0,0.48,10.4,0.08,0.08,618.13555,1776217710000
1776217712.672,212.672,0.53,10.0,0.52,10.4,0.61,5.0,0.63,5.0,0.39,5.0,0.37,5.0,0.47,10.0,0.48,10.4,0.08,0.08,618.124,1776217711000
1776217713.249,213.249,0.53,10.0,0.52,10.4,0.61,5.0,0.63,5.0,0.39,5.0,0.37,5.0,0.47,10.0,0.48,10.4,0.08,0.08,618.135,1776217712000
1776217714.621,214.621,0.53,10.0,0.52,10.4,0.61,5.0,0.63,5.0,0.39,5.0,0.37,5.0,0.47,10.0,0.48,10.4,0.08,0.08,618.139,1776217713000
1776217715.663,215.663,0.53,10.0,0.52,10.4,0.61,5.0,0.63,5.0,0.39,5.0,0.37,5.0,0.47,10.0,0.48,10.4,0.08,0.08,618.14022,1776217714000
1776217716.187,216.187,0.53,10.0,0.52,10.4,0.61,5.0,0.63,5.0,0.39,5.0,0.37,5.0,0.47,10.0,0.48,10.4,0.08,0.08,618.14022,1776217715000
1776217717.289,217.289,0.53,10.0,0.52,10.4,0.61,5.0,0.63,5.0,0.39,5.0,0.37,5.0,0.47,10.0,0.48,10.4,0.08,0.08,618.13962,1776217716000
1776217718.602,218.602,0.53,10.0,0.52,10.4,0.61,5.0,0.63,5.0,0.39,5.0,0.37,5.0,0.47,10.0,0.48,10.4,0.08,0.08,618.131,1776217717000
1776217719.226,219.226,0.53,10.0,0.52,10.4,0.61,5.0,0.63,5.0,0.39,5.0,0.37,5.0,0.47,10.0,0.48,10.4,0.08,0.08,618.132005,1776217718000
1776217720.427,220.427,0.53,10.0,0.52,10.4,0.61,5.0,0.63,5.0,0.39,5.0,0.37,5.0,0.47,10.0,0.48,10.4,0.08,0.08,618.131,1776217719000
1776217721.441,221.441,0.53,10.0,0.52,10.4,0.61,5.0,0.63,5.0,0.39,5.0,0.37,5.0,0.47,10.0,0.48,10.4,0.08,0.08,618.131,1776217720000
1776217722.002,222.002,0.53,10.0,0.52,10.4,0.61,5.0,0.63,5.0,0.39,5.0,0.37,5.0,0.47,10.0,0.48,10.4,0.08,0.08,618.132,1776217721000
1776217723.42,223.42,0.53,10.0,0.52,10.4,0.61,5.0,0.63,5.0,0.39,5.0,0.37,5.0,0.47,10.0,0.48,10.4,0.08,0.08,618.117665,1776217722000
1776217724.185,224.185,0.53,10.0,0.52,10.4,0.61,5.0,0.63,5.0,0.39,5.0,0.37,5.0,0.47,10.0,0.48,10.4,0.08,0.08,618.109,1776217723000
1776217725.581,225.581,0.53,10.0,0.52,10.4,0.61,5.0,0.63,5.0,0.39,5.0,0.37,5.0,0.47,10.0,0.48,10.4,0.08,0.08,618.115,1776217724000
1776217726.172,226.172,0.53,10.0,0.52,10.4,0.61,5.0,0.63,5.0,0.39,5.0,0.37,5.0,0.47,10.0,0.48,10.4,0.08,0.08,618.115,1776217725000
1776217727.522,227.522,0.53,10.0,0.52,10.4,0.61,5.0,0.63,5.0,0.39,5.0,0.37,5.0,0.47,10.0,0.48,10.4,0.08,0.08,618.117,1776217726000
1776217728.207,228.207,0.53,10.0,0.52,10.4,0.61,5.0,0.63,5.0,0.39,5.0,0.37,5.0,0.47,10.0,0.48,10.4,0.08,0.08,618.117,1776217727000
1776217729.707,229.707,0.53,10.0,0.52,10.4,0.61,5.0,0.63,5.0,0.39,5.0,0.37,5.0,0.47,10.0,0.48,10.4,0.08,0.08,618.12,1776217728000
1776217730.477,230.477,0.53,10.0,0.52,10.4,0.61,5.0,0.63,5.0,0.39,5.0,0.37,5.0,0.47,10.0,0.48,10.4,0.08,0.08,618.141,1776217729000
1776217731.216,231.216,0.53,10.0,0.52,10.4,0.61,5.0,0.63,5.0,0.39,5.0,0.37,5.0,0.47,10.0,0.48,10.4,0.08,0.08,618.141,1776217730000
1776217732.914,232.914,0.53,10.0,0.52,10.4,0.61,5.0,0.63,5.0,0.39,5.0,0.37,5.0,0.47,10.0,0.48,10.4,0.08,0.08,618.152,1776217731000
1776217733.51,233.51,0.53,10.0,0.52,10.4,0.61,5.0,0.63,5.0,0.39,5.0,0.37,5.0,0.47,10.0,0.48,10.4,0.08,0.08,618.152,1776217732000
1776217734.217,234.217,0.53,10.0,0.52,10.4,0.61,5.0,0.63,5.0,0.39,5.0,0.37,5.0,0.47,10.0,0.48,10.4,0.08,0.08,618.152,1776217733000
1776217734.637,234.637,0.6,10.8,0.59,20.7,0.77,14.7,0.78,15.2,0.39,5.0,0.37,5.0,0.47,10.0,0.48,10.4,0.17,0.08,618.152,1776217733000
1776217735.346,235.346,0.6,10.8,0.59,20.7,0.77,14.7,0.78,15.2,0.23,14.7,0.22,15.2,0.4,10.8,0.41,20.7,0.17,0.17,618.156,1776217734000
1776217736.0,236.0,0.6,10.8,0.59,20.7,0.77,14.7,0.78,15.2,0.23,14.7,0.22,15.2,0.4,10.8,0.41,20.7,0.17,0.17,618.156,1776217735000
1776217736.451,236.451,0.62,11.0,0.61,10.9,0.77,14.7,0.78,15.2,0.23,14.7,0.22,15.2,0.4,10.8,0.41,20.7,0.15,0.17,618.156,1776217735000
1776217737.154,237.154,0.62,11.0,0.61,10.9,0.77,14.7,0.78,15.2,0.23,14.7,0.22,15.2,0.38,11.0,0.39,10.9,0.15,0.15,618.162,1776217736000
1776217737.996,237.996,0.63,16.2,0.62,11.0,0.78,15.2,0.79,15.7,0.23,14.7,0.22,15.2,0.38,11.0,0.39,10.9,0.15,0.15,618.162,1776217736000
1776217738.28,238.28,0.63,11.2,0.62,11.0,0.78,15.2,0.79,15.7,0.22,15.2,0.21,15.7,0.37,16.2,0.38,11.0,0.15,0.15,618.162,1776217736000
1776217738.919,238.919,0.63,11.2,0.62,11.0,0.78,15.2,0.79,15.7,0.22,15.2,0.21,15.7,0.37,11.2,0.38,11.0,0.15,0.15,618.159934,1776217738000
1776217739.261,239.261,0.62,11.0,0.61,60.9,0.78,20.2,0.79,15.7,0.22,15.2,0.21,15.7,0.37,11.2,0.38,11.0,0.16,0.15,618.159934,1776217738000
1776217740.094,240.094,0.62,11.0,0.61,60.9,0.78,20.2,0.79,15.7,0.22,20.2,0.21,15.7,0.38,11.0,0.39,60.9,0.16,0.16,618.156,1776217739000
1776217740.644,240.644,0.63,21.2,0.62,11.0,0.78,20.2,0.79,15.7,0.22,20.2,0.21,15.7,0.38,11.0,0.39,60.9,0.15,0.16,618.156,1776217739000
1776217741.186,241.186,0.63,21.2,0.62,11.0,0.78,20.2,0.79,15.7,0.22,20.2,0.21,15.7,0.37,21.2,0.38,11.0,0.15,0.15,618.156,1776217740000
1776217742.247,242.247,0.65,11.4,0.64,11.3,0.78,1.19,0.86,21.6,0.22,20.2,0.21,15.7,0.37,21.2,0.38,11.0,0.13,0.15,618.156,1776217740000
1776217742.944,242.944,0.65,11.4,0.64,11.3,0.86,19.22,0.87,23.0,0.14,19.22,0.13,23.0,0.35,11.4,0.36,11.3,0.21,0.21,618.161,1776217742000
1776217744.152,244.152,0.65,11.4,0.64,11.3,0.86,19.22,0.87,23.0,0.14,19.22,0.13,23.0,0.35,11.4,0.36,11.3,0.21,0.21,618.190157,1776217743000
1776217745.43,245.43,0.65,11.4,0.64,11.3,0.86,19.22,0.87,23.0,0.14,19.22,0.13,23.0,0.35,11.4,0.36,11.3,0.21,0.21,618.224,1776217744000
1776217745.956,245.956,0.65,11.4,0.64,11.3,0.86,19.22,0.87,23.0,0.14,19.22,0.13,23.0,0.35,11.4,0.36,11.3,0.21,0.21,618.224,1776217745000
1776217747.155,247.155,0.65,11.4,0.64,11.3,0.86,19.22,0.87,23.0,0.14,19.22,0.13,23.0,0.35,11.4,0.36,11.3,0.21,0.21,618.246,1776217746000
1776217748.334,248.334,0.65,11.4,0.64,11.3,0.86,19.22,0.87,23.0,0.14,19.22,0.13,23.0,0.35,11.4,0.36,11.3,0.21,0.21,618.24,1776217747000
1776217748.958,248.958,0.65,11.4,0.64,11.3,0.86,19.22,0.87,23.0,0.14,19.22,0.13,23.0,0.35,11.4,0.36,11.3,0.21,0.21,618.255541,1776217748000
1776217750.382,250.382,0.65,11.4,0.64,11.3,0.86,19.22,0.87,23.0,0.14,19.22,0.13,23.0,0.35,11.4,0.36,11.3,0.21,0.21,618.275,1776217749000
1776217751.114,251.114,0.65,11.4,0.64,11.3,0.86,19.22,0.87,23.0,0.14,19.22,0.13,23.0,0.35,11.4,0.36,11.3,0.21,0.21,618.275,1776217750000
1776217752.338,252.338,0.65,11.4,0.64,11.3,0.86,19.22,0.87,23.0,0.14,19.22,0.13,23.0,0.35,11.4,0.36,11.3,0.21,0.21,618.272,1776217751000
1776217753.417,253.417,0.84,43.3,0.83,18.39,0.97,189.3,0.98,142.69,0.14,19.22,0.13,23.0,0.35,11.4,0.36,11.3,0.13,0.21,618.272,1776217751000
1776217753.689,253.689,0.84,43.3,0.83,18.39,0.97,189.3,0.98,142.69,0.03,189.3,0.02,142.69,0.16,43.3,0.17,18.39,0.13,0.13,618.273,1776217752000
1776217754.504,254.504,0.84,43.3,0.83,18.39,0.97,189.3,0.98,142.69,0.03,189.3,0.02,142.69,0.16,43.3,0.17,18.39,0.13,0.13,618.290188,1776217753000
1776217755.09,255.09,0.84,43.3,0.83,18.39,0.97,189.3,0.98,142.69,0.03,189.3,0.02,142.69,0.16,43.3,0.17,18.39,0.13,0.13,618.339,1776217754000
1776217756.457,256.457,0.84,43.3,0.83,18.39,0.97,189.3,0.98,142.69,0.03,189.3,0.02,142.69,0.16,43.3,0.17,18.39,0.13,0.13,618.324889,1776217755000
1776217757.201,257.201,0.84,43.3,0.83,18.39,0.97,189.3,0.98,142.69,0.03,189.3,0.02,142.69,0.16,43.3,0.17,18.39,0.13,0.13,618.322235,1776217756000
1776217757.582,257.582,0.92,35.29,0.91,31.7,0.97,168.68,0.98,142.69,0.03,189.3,0.02,142.69,0.16,43.3,0.17,18.39,0.05,0.13,618.322235,1776217756000
1776217758.159,258.159,0.93,39.9,0.92,35.29,0.97,163.68,0.98,142.69,0.03,168.68,0.02,142.69,0.08,35.29,0.09,31.7,0.04,0.05,618.322235,1776217756000
1776217758.447,258.447,0.93,39.9,0.92,35.29,0.97,163.68,0.98,142.69,0.03,163.68,0.02,142.69,0.07,39.9,0.08,35.29,0.04,0.04,618.320833,1776217757000
1776217759.263,259.263,0.93,39.9,0.92,35.29,0.97,163.68,0.98,142.69,0.03,163.68,0.02,142.69,0.07,39.9,0.08,35.29,0.04,0.04,618.320833,1776217758000
1776217760.564,260.564,0.93,39.9,0.92,35.29,0.97,163.68,0.98,142.69,0.03,163.68,0.02,142.69,0.07,39.9,0.08,35.29,0.04,0.04,618.317515,1776217759000
1776217761.186,261.186,0.93,39.9,0.92,35.29,0.97,163.68,0.98,142.69,0.03,163.68,0.02,142.69,0.07,39.9,0.08,35.29,0.04,0.04,618.317511,1776217760000
1776217762.526,262.526,0.93,39.9,0.92,35.29,0.97,163.68,0.98,142.69,0.03,163.68,0.02,142.69,0.07,39.9,0.08,35.29,0.04,0.04,618.317941,1776217761000
1776217763.225,263.225,0.93,39.9,0.92,35.29,0.97,163.68,0.98,142.69,0.03,163.68,0.02,142.69,0.07,39.9,0.08,35.29,0.04,0.04,618.317991,1776217762000
1776217764.526,264.526,0.93,39.9,0.92,35.29,0.97,163.68,0.98,142.69,0.03,163.68,0.02,142.69,0.07,39.9,0.08,35.29,0.04,0.04,618.321768,1776217763000
1776217765.82,265.82,0.93,39.9,0.92,35.29,0.97,163.68,0.98,142.69,0.03,163.68,0.02,142.69,0.07,39.9,0.08,35.29,0.04,0.04,618.321766,1776217764000
1776217766.392,266.392,0.93,39.9,0.92,35.29,0.97,163.68,0.98,142.69,0.03,163.68,0.02,142.69,0.07,39.9,0.08,35.29,0.04,0.04,618.32131,1776217765000
1776217767.412,267.412,0.93,39.9,0.92,35.29,0.97,163.68,0.98,142.69,0.03,163.68,0.02,142.69,0.07,39.9,0.08,35.29,0.04,0.04,618.319235,1776217766000
1776217767.836,267.836,0.93,39.9,0.92,35.29,0.97,163.68,0.98,142.69,0.03,163.68,0.02,142.69,0.07,39.9,0.08,35.29,0.04,0.04,618.319235,1776217767000
1776217768.811,268.811,0.93,39.9,0.92,35.29,0.97,163.68,0.98,142.69,0.03,163.68,0.02,142.69,0.07,39.9,0.08,35.29,0.04,0.04,618.331,1776217768000
1776217769.953,269.953,0.93,39.9,0.92,35.29,0.97,163.68,0.98,142.69,0.03,163.68,0.02,142.69,0.07,39.9,0.08,35.29,0.04,0.04,618.323,1776217769000
1776217770.818,270.818,0.93,39.9,0.92,35.29,0.97,163.68,0.98,142.69,0.03,163.68,0.02,142.69,0.07,39.9,0.08,35.29,0.04,0.04,618.320006,1776217770000
1776217771.78,271.78,0.93,39.9,0.92,35.29,0.97,163.68,0.98,142.69,0.03,163.68,0.02,142.69,0.07,39.9,0.08,35.29,0.04,0.04,618.320006,1776217771000
1776217772.491,272.491,0.95,59.7,0.94,46.1,0.97,92.0,0.98,142.69,0.03,163.68,0.02,142.69,0.07,39.9,0.08,35.29,0.02,0.04,618.320006,1776217771000
1776217773.062,273.062,0.95,59.7,0.94,46.1,0.97,86.0,0.98,142.69,0.03,92.0,0.02,142.69,0.05,59.7,0.06,46.1,0.02,0.02,618.320006,1776217771000
1776217774.379,274.379,0.95,59.7,0.94,46.1,0.97,86.0,0.98,142.69,0.03,86.0,0.02,142.69,0.05,59.7,0.06,46.1,0.02,0.02,618.322019,1776217773000
1776217774.98,274.98,0.95,59.7,0.94,46.1,0.97,86.0,0.98,142.69,0.03,86.0,0.02,142.69,0.05,59.7,0.06,46.1,0.02,0.02,618.322137,1776217774000
1776217775.49,275.49,0.96,5.0,0.95,5.0,0.97,66.0,0.98,10.0,0.03,86.0,0.02,142.69,0.05,59.7,0.06,46.1,0.01,0.02,618.322137,1776217774000
1776217775.914,275.914,0.96,5.0,0.95,5.0,0.97,66.0,0.98,10.0,0.03,66.0,0.02,10.0,0.04,5.0,0.05,5.0,0.01,0.01,618.328,1776217775000
1776217776.99,276.99,0.96,5.0,0.95,5.0,0.97,51.77,0.98,10.0,0.03,51.77,0.02,10.0,0.04,5.0,0.05,5.0,0.01,0.01,618.328,1776217776000
1776217777.481,277.481,0.96,5.0,0.95,5.0,0.97,30.69,0.98,10.0,0.03,51.77,0.02,10.0,0.04,5.0,0.05,5.0,0.01,0.01,618.328,1776217776000
1776217778.013,278.013,0.96,5.0,0.95,5.0,0.97,30.69,0.98,10.0,0.03,30.69,0.02,10.0,0.04,5.0,0.05,5.0,0.01,0.01,618.35,1776217777000
1776217779.122,279.122,0.96,5.0,0.95,5.0,0.97,30.69,0.98,10.0,0.03,30.69,0.02,10.0,0.04,5.0,0.05,5.0,0.01,0.01,618.352,1776217778000
1776217779.403,279.403,0.96,5.0,0.81,50.0,0.98,10.0,0.99,165.0,0.03,30.69,0.02,10.0,0.04,5.0,0.05,5.0,0.02,0.01,618.352,1776217778000
1776217780.401,280.401,0.96,5.0,0.81,50.0,0.98,10.0,0.99,165.0,0.02,10.0,0.01,165.0,0.04,5.0,0.19,50.0,0.02,0.02,618.336,1776217779000
1776217780.995,280.995,0.96,5.0,0.81,50.0,0.98,10.0,0.99,165.0,0.02,10.0,0.01,165.0,0.04,5.0,0.19,50.0,0.02,0.02,618.326,1776217780000
1776217782.082,282.082,0.96,5.0,0.81,50.0,0.98,10.0,0.99,165.0,0.02,10.0,0.01,165.0,0.04,5.0,0.19,50.0,0.02,0.02,618.327,1776217781000
1776217783.265,283.265,0.96,5.0,0.81,50.0,0.98,10.0,0.99,165.0,0.02,10.0,0.01,165.0,0.04,5.0,0.19,50.0,0.02,0.02,618.329,1776217782000
1776217783.885,283.885,0.96,5.0,0.81,50.0,0.99,165.0,,,0.02,10.0,0.01,165.0,0.04,5.0,0.19,50.0,0.03,0.02,618.329,1776217782000
1776217784.33,284.33,0.96,5.0,0.81,50.0,0.99,165.0,,,0.01,165.0,,,0.04,5.0,0.19,50.0,0.03,0.03,618.325092,1776217783000
1776217784.868,284.868,0.96,5.0,0.81,50.0,0.99,165.0,,,0.01,165.0,,,0.04,5.0,0.19,50.0,0.03,0.03,618.325092,1776217784000
1776217785.889,285.889,0.96,5.0,0.81,50.0,0.99,165.0,,,0.01,165.0,,,0.04,5.0,0.19,50.0,0.03,0.03,618.325275,1776217785000
1776217787.118,287.118,0.96,5.0,0.81,50.0,0.99,165.0,,,0.01,165.0,,,0.04,5.0,0.19,50.0,0.03,0.03,618.329,1776217786000
1776217787.68,287.68,0.97,6.0,0.96,5.0,0.99,163.98,,,0.01,165.0,,,0.04,5.0,0.19,50.0,0.02,0.03,618.329,1776217786000
1776217788.17,288.17,0.97,6.0,0.96,5.0,0.99,163.98,,,0.01,163.98,,,0.03,6.0,0.04,5.0,0.02,0.02,618.332,1776217787000
1776217789.303,289.303,0.97,6.0,0.96,5.0,0.99,163.98,,,0.01,163.98,,,0.03,6.0,0.04,5.0,0.02,0.02,618.331,1776217788000
1776217790.26,290.26,0.97,6.0,0.96,5.0,0.99,163.98,,,0.01,163.98,,,0.03,6.0,0.04,5.0,0.02,0.02,618.337,1776217789000
1776217791.314,291.314,0.97,6.0,0.96,5.0,0.99,163.98,,,0.01,163.98,,,0.03,6.0,0.04,5.0,0.02,0.02,618.337,1776217790000
1776217792.469,292.469,0.97,6.0,0.96,5.0,0.99,163.98,,,0.01,163.98,,,0.03,6.0,0.04,5.0,0.02,0.02,618.353,1776217791000
1776217793.428,293.428,0.99,876.02,0.97,11.0,,,,,0.01,163.98,,,0.03,6.0,0.04,5.0,,0.02,618.353,1776217791000
1776217794.071,294.071,0.99,876.02,0.97,11.0,,,,,,,,,0.01,876.02,0.03,11.0,,,618.334,1776217793000
1776217795.198,295.198,0.99,781.02,0.97,11.0,,,,,,,,,0.01,781.02,0.03,11.0,,,618.338174,1776217794000
1776217796.393,296.393,0.99,781.02,0.97,11.0,,,,,,,,,0.01,781.02,0.03,11.0,,,618.37469,1776217795000
1776217797.074,297.074,0.99,781.02,0.97,11.0,,,,,,,,,0.01,781.02,0.03,11.0,,,618.37503,1776217796000
1776217798.027,298.027,0.99,781.02,0.97,11.0,,,,,,,,,0.01,781.02,0.03,11.0,,,618.4301,1776217797000
1776217799.24,299.24,0.99,781.02,0.97,11.0,,,,,,,,,0.01,781.02,0.03,11.0,,,618.44274,1776217798000
1776217800.406,300.406,0.99,781.02,0.97,11.0,,,,,,,,,0.01,781.02,0.03,11.0,,,618.44331,1776217799000
1776217801.041,301.041,0.99,781.02,0.97,11.0,,,,,,,,,0.01,781.02,0.03,11.0,,,618.429126,1776217800000
1776217802.177,302.177,0.99,781.02,0.97,11.0,,,,,,,,,0.01,781.02,0.03,11.0,,,618.422324,1776217801000

# RESULT,winner=Up,slug=bnb-updown-5m-1776217500,ticks=337
