timestamp,elapsed_sec,up_bid_p1,up_bid_s1,up_bid_p2,up_bid_s2,up_ask_p1,up_ask_s1,up_ask_p2,up_ask_s2,down_bid_p1,down_bid_s1,down_bid_p2,down_bid_s2,down_ask_p1,down_ask_s1,down_ask_p2,down_ask_s2,up_spread,down_spread,bnb_price,bnb_oracle_ts
1776191111.454,11.454,0.36,10.0,0.35,11.26,0.43,5.0,0.44,5.0,0.57,5.0,0.56,5.0,0.64,10.0,0.65,11.26,0.07,0.07,616.950669,1776191110000
1776191111.885,11.885,0.36,10.0,0.35,11.26,0.43,5.0,0.44,5.0,0.57,5.0,0.56,5.0,0.64,10.0,0.65,11.26,0.07,0.07,616.950669,1776191110000
1776191112.928,12.928,0.36,10.0,0.35,11.26,0.43,5.0,0.44,5.0,0.57,5.0,0.56,5.0,0.64,10.0,0.65,11.26,0.07,0.07,616.939227,1776191112000
1776191113.866,13.866,0.36,10.0,0.35,11.26,0.43,5.0,0.44,5.0,0.57,5.0,0.56,5.0,0.64,10.0,0.65,11.26,0.07,0.07,616.939212,1776191113000
1776191114.842,14.842,0.36,10.0,0.35,11.26,0.43,5.0,0.44,5.0,0.57,5.0,0.56,5.0,0.64,10.0,0.65,11.26,0.07,0.07,616.942049,1776191114000
1776191116.279,16.279,0.36,10.0,0.35,11.26,0.43,5.0,0.44,5.0,0.57,5.0,0.56,5.0,0.64,10.0,0.65,11.26,0.07,0.07,616.942174,1776191115000
1776191117.275,17.275,0.36,10.0,0.35,11.26,0.43,5.0,0.44,5.0,0.57,5.0,0.56,5.0,0.64,10.0,0.65,11.26,0.07,0.07,616.942649,1776191116000
1776191118.216,18.216,0.36,10.0,0.35,11.26,0.43,5.0,0.44,5.0,0.57,5.0,0.56,5.0,0.64,10.0,0.65,11.26,0.07,0.07,616.942442,1776191117000
1776191119.168,19.168,0.36,10.0,0.35,11.26,0.43,5.0,0.44,5.0,0.57,5.0,0.56,5.0,0.64,10.0,0.65,11.26,0.07,0.07,616.942442,1776191118000
1776191120.207,20.207,0.36,10.0,0.35,11.26,0.43,5.0,0.44,5.0,0.57,5.0,0.56,5.0,0.64,10.0,0.65,11.26,0.07,0.07,616.942322,1776191119000
1776191121.175,21.175,0.36,10.0,0.35,11.26,0.43,5.0,0.44,5.0,0.57,5.0,0.56,5.0,0.64,10.0,0.65,11.26,0.07,0.07,616.94179,1776191120000
1776191122.462,22.462,0.36,10.0,0.35,11.26,0.43,5.0,0.44,5.0,0.57,5.0,0.56,5.0,0.64,10.0,0.65,11.26,0.07,0.07,616.94179,1776191121000
1776191123.031,23.031,0.36,10.0,0.35,11.26,0.43,5.0,0.44,5.0,0.57,5.0,0.56,5.0,0.64,10.0,0.65,11.26,0.07,0.07,616.941989,1776191122000
1776191124.34,24.34,0.36,10.0,0.35,11.26,0.43,5.0,0.44,5.0,0.57,5.0,0.56,5.0,0.64,10.0,0.65,11.26,0.07,0.07,616.940293,1776191123000
1776191124.9,24.9,0.36,10.0,0.35,11.26,0.43,5.0,0.44,5.0,0.57,5.0,0.56,5.0,0.64,10.0,0.65,11.26,0.07,0.07,616.940336,1776191124000
1776191126.718,26.718,0.36,10.0,0.35,11.26,0.43,5.0,0.44,5.0,0.57,5.0,0.56,5.0,0.64,10.0,0.65,11.26,0.07,0.07,616.938558,1776191125000
1776191127.33,27.33,0.36,10.0,0.35,11.26,0.43,5.0,0.44,5.0,0.57,5.0,0.56,5.0,0.64,10.0,0.65,11.26,0.07,0.07,616.938603,1776191126000
1776191129.012,29.012,0.36,10.0,0.35,11.26,0.43,5.0,0.44,5.0,0.57,5.0,0.56,5.0,0.64,10.0,0.65,11.26,0.07,0.07,616.941527,1776191127000
1776191129.971,29.971,0.36,10.0,0.35,11.26,0.43,5.0,0.44,5.0,0.57,5.0,0.56,5.0,0.64,10.0,0.65,11.26,0.07,0.07,616.941503,1776191128000
1776191130.484,30.484,0.36,10.0,0.35,11.26,0.43,5.0,0.44,5.0,0.57,5.0,0.56,5.0,0.64,10.0,0.65,11.26,0.07,0.07,616.925681,1776191129000
1776191131.083,31.083,0.36,10.0,0.35,11.26,0.43,5.0,0.44,5.0,0.57,5.0,0.56,5.0,0.64,10.0,0.65,11.26,0.07,0.07,616.925681,1776191130000
1776191132.325,32.325,0.36,10.0,0.35,11.26,0.43,5.0,0.44,5.0,0.57,5.0,0.56,5.0,0.64,10.0,0.65,11.26,0.07,0.07,616.928212,1776191131000
1776191132.988,32.988,0.36,10.0,0.35,11.26,0.43,5.0,0.44,5.0,0.57,5.0,0.56,5.0,0.64,10.0,0.65,11.26,0.07,0.07,616.92821,1776191132000
1776191134.232,34.232,0.36,10.0,0.35,11.26,0.43,5.0,0.44,5.0,0.57,5.0,0.56,5.0,0.64,10.0,0.65,11.26,0.07,0.07,616.928207,1776191133000
1776191135.249,35.249,0.36,10.0,0.35,11.26,0.43,5.0,0.44,5.0,0.57,5.0,0.56,5.0,0.64,10.0,0.65,11.26,0.07,0.07,616.930174,1776191134000
1776191136.648,36.648,0.36,10.0,0.35,11.26,0.43,5.0,0.44,5.0,0.57,5.0,0.56,5.0,0.64,10.0,0.65,11.26,0.07,0.07,616.927517,1776191135000
1776191137.162,37.162,0.36,10.0,0.35,11.26,0.43,5.0,0.44,5.0,0.57,5.0,0.56,5.0,0.64,10.0,0.65,11.26,0.07,0.07,616.928948,1776191136000
1776191138.431,38.431,0.36,10.0,0.35,11.26,0.43,5.0,0.44,5.0,0.57,5.0,0.56,5.0,0.64,10.0,0.65,11.26,0.07,0.07,616.923065,1776191137000
1776191139.778,39.778,0.36,10.0,0.35,11.26,0.43,5.0,0.44,5.0,0.57,5.0,0.56,5.0,0.64,10.0,0.65,11.26,0.07,0.07,616.958064,1776191138000
1776191140.899,40.899,0.36,10.0,0.35,11.26,0.43,5.0,0.44,5.0,0.57,5.0,0.56,5.0,0.64,10.0,0.65,11.26,0.07,0.07,616.977711,1776191139000
1776191141.721,41.721,0.36,10.0,0.35,11.26,0.43,5.0,0.44,5.0,0.57,5.0,0.56,5.0,0.64,10.0,0.65,11.26,0.07,0.07,617.139027,1776191140000
1776191142.427,42.427,0.36,10.0,0.35,11.26,0.43,5.0,0.44,5.0,0.57,5.0,0.56,5.0,0.64,10.0,0.65,11.26,0.07,0.07,617.172863,1776191141000
1776191143.272,43.272,0.36,10.0,0.35,11.26,0.43,5.0,0.44,5.0,0.57,5.0,0.56,5.0,0.64,10.0,0.65,11.26,0.07,0.07,617.172863,1776191142000
1776191144.764,44.764,0.36,10.0,0.35,11.26,0.43,5.0,0.44,5.0,0.57,5.0,0.56,5.0,0.64,10.0,0.65,11.26,0.07,0.07,617.172863,1776191143000
1776191145.495,45.495,0.36,10.0,0.35,11.26,0.43,5.0,0.44,5.0,0.57,5.0,0.56,5.0,0.64,10.0,0.65,11.26,0.07,0.07,617.252279,1776191144000
1776191146.334,46.334,0.36,10.0,0.35,11.26,0.43,5.0,0.44,5.0,0.57,5.0,0.56,5.0,0.64,10.0,0.65,11.26,0.07,0.07,617.254592,1776191145000
1776191147.817,47.817,0.36,10.0,0.35,11.26,0.43,5.0,0.44,5.0,0.57,5.0,0.56,5.0,0.64,10.0,0.65,11.26,0.07,0.07,617.256755,1776191146000
1776191148.561,48.561,0.36,10.0,0.35,11.26,0.43,5.0,0.44,5.0,0.57,5.0,0.56,5.0,0.64,10.0,0.65,11.26,0.07,0.07,617.260114,1776191147000
1776191149.29,49.29,0.36,10.0,0.35,11.26,0.43,5.0,0.44,5.0,0.57,5.0,0.56,5.0,0.64,10.0,0.65,11.26,0.07,0.07,617.26189,1776191148000
1776191149.668,49.668,0.61,10.0,0.52,5.0,0.66,6.59,0.7,5.0,0.57,5.0,0.56,5.0,0.64,10.0,0.65,11.26,0.05,0.07,617.26189,1776191148000
1776191150.118,50.118,0.61,10.0,0.52,5.0,0.66,6.59,0.7,5.0,0.34,6.59,0.3,5.0,0.39,10.0,0.48,5.0,0.05,0.05,617.318853,1776191149000
1776191151.606,51.606,0.61,10.0,0.52,5.0,0.66,6.59,0.7,5.0,0.34,6.59,0.3,5.0,0.39,10.0,0.48,5.0,0.05,0.05,617.352568,1776191150000
1776191152.217,52.217,0.54,14.5,0.53,14.0,0.74,10.0,0.75,25.0,0.34,6.59,0.3,5.0,0.39,10.0,0.48,5.0,0.2,0.05,617.352568,1776191150000
1776191152.939,52.939,0.66,5.0,0.63,5.0,0.74,8.0,0.75,25.0,0.26,10.0,0.25,25.0,0.46,14.5,0.47,14.0,0.08,0.2,617.352568,1776191151000
1776191154.392,54.392,0.66,5.0,0.63,5.0,0.74,8.0,0.75,25.0,0.26,8.0,0.25,25.0,0.34,5.0,0.37,5.0,0.08,0.08,617.439168,1776191153000
1776191155.241,55.241,0.66,5.0,0.63,5.0,0.74,8.0,0.75,25.0,0.26,8.0,0.25,25.0,0.34,5.0,0.37,5.0,0.08,0.08,617.439168,1776191154000
1776191156.68,56.68,0.66,5.0,0.63,5.0,0.74,8.0,0.75,25.0,0.26,8.0,0.25,25.0,0.34,5.0,0.37,5.0,0.08,0.08,617.435708,1776191155000
1776191157.377,57.377,0.66,5.0,0.63,5.0,0.74,8.0,0.75,25.0,0.26,8.0,0.25,25.0,0.34,5.0,0.37,5.0,0.08,0.08,617.437388,1776191156000
1776191158.14,58.14,0.66,5.0,0.63,5.0,0.74,8.0,0.75,25.0,0.26,8.0,0.25,25.0,0.34,5.0,0.37,5.0,0.08,0.08,617.439069,1776191157000
1776191159.318,59.318,0.66,5.0,0.63,5.0,0.74,8.0,0.75,25.0,0.26,8.0,0.25,25.0,0.34,5.0,0.37,5.0,0.08,0.08,617.439069,1776191158000
1776191160.285,60.285,0.66,5.0,0.63,5.0,0.74,8.0,0.75,25.0,0.26,8.0,0.25,25.0,0.34,5.0,0.37,5.0,0.08,0.08,617.439069,1776191159000
1776191161.393,61.393,0.66,5.0,0.63,5.0,0.74,8.0,0.75,25.0,0.26,8.0,0.25,25.0,0.34,5.0,0.37,5.0,0.08,0.08,617.44253,1776191160000
1776191162.036,62.036,0.66,5.0,0.63,5.0,0.74,8.0,0.75,25.0,0.26,8.0,0.25,25.0,0.34,5.0,0.37,5.0,0.08,0.08,617.44253,1776191161000
1776191163.808,63.808,0.66,5.0,0.63,5.0,0.74,8.0,0.75,25.0,0.26,8.0,0.25,25.0,0.34,5.0,0.37,5.0,0.08,0.08,617.551026,1776191162000
1776191164.578,64.578,0.66,5.0,0.63,5.0,0.74,8.0,0.75,25.0,0.26,8.0,0.25,25.0,0.34,5.0,0.37,5.0,0.08,0.08,617.551026,1776191163000
1776191165.246,65.246,0.66,5.0,0.63,5.0,0.74,8.0,0.75,25.0,0.26,8.0,0.25,25.0,0.34,5.0,0.37,5.0,0.08,0.08,617.573916,1776191164000
1776191166.455,66.455,0.66,5.0,0.63,5.0,0.74,8.0,0.75,25.0,0.26,8.0,0.25,25.0,0.34,5.0,0.37,5.0,0.08,0.08,617.585,1776191165000
1776191167.076,67.076,0.66,5.0,0.63,5.0,0.74,8.0,0.75,25.0,0.26,8.0,0.25,25.0,0.34,5.0,0.37,5.0,0.08,0.08,617.585,1776191166000
1776191168.284,68.284,0.66,5.0,0.63,5.0,0.74,8.0,0.75,25.0,0.26,8.0,0.25,25.0,0.34,5.0,0.37,5.0,0.08,0.08,617.604599,1776191167000
1776191169.04,69.04,0.66,5.0,0.63,5.0,0.74,8.0,0.75,25.0,0.26,8.0,0.25,25.0,0.34,5.0,0.37,5.0,0.08,0.08,617.621503,1776191168000
1776191170.287,70.287,0.66,5.0,0.63,5.0,0.74,8.0,0.75,25.0,0.26,8.0,0.25,25.0,0.34,5.0,0.37,5.0,0.08,0.08,617.65531,1776191169000
1776191171.592,71.592,0.66,5.0,0.63,5.0,0.74,8.0,0.75,25.0,0.26,8.0,0.25,25.0,0.34,5.0,0.37,5.0,0.08,0.08,617.661886,1776191170000
1776191172.124,72.124,0.66,5.0,0.63,5.0,0.74,8.0,0.75,25.0,0.26,8.0,0.25,25.0,0.34,5.0,0.37,5.0,0.08,0.08,617.661887,1776191171000
1776191173.384,73.384,0.66,5.0,0.63,5.0,0.74,8.0,0.75,25.0,0.26,8.0,0.25,25.0,0.34,5.0,0.37,5.0,0.08,0.08,617.661809,1776191172000
1776191174.173,74.173,0.66,5.0,0.63,5.0,0.74,8.0,0.75,25.0,0.26,8.0,0.25,25.0,0.34,5.0,0.37,5.0,0.08,0.08,617.66181,1776191173000
1776191175.759,75.759,0.66,5.0,0.63,5.0,0.74,8.0,0.75,25.0,0.26,8.0,0.25,25.0,0.34,5.0,0.37,5.0,0.08,0.08,617.659713,1776191174000
1776191176.324,76.324,0.66,5.0,0.63,5.0,0.74,8.0,0.75,25.0,0.26,8.0,0.25,25.0,0.34,5.0,0.37,5.0,0.08,0.08,617.659713,1776191175000
1776191177.321,77.321,0.66,5.0,0.63,5.0,0.74,8.0,0.75,25.0,0.26,8.0,0.25,25.0,0.34,5.0,0.37,5.0,0.08,0.08,617.659799,1776191176000
1776191177.876,77.876,0.66,5.0,0.63,5.0,0.74,8.0,0.75,25.0,0.26,8.0,0.25,25.0,0.34,5.0,0.37,5.0,0.08,0.08,617.659799,1776191177000
1776191179.797,79.797,0.66,5.0,0.63,5.0,0.74,8.0,0.75,25.0,0.26,8.0,0.25,25.0,0.34,5.0,0.37,5.0,0.08,0.08,617.6597,1776191178000
1776191180.476,80.476,0.66,5.0,0.63,5.0,0.74,8.0,0.75,25.0,0.26,8.0,0.25,25.0,0.34,5.0,0.37,5.0,0.08,0.08,617.6597,1776191179000
1776191180.993,80.993,0.66,5.0,0.63,5.0,0.74,8.0,0.75,25.0,0.26,8.0,0.25,25.0,0.34,5.0,0.37,5.0,0.08,0.08,617.659825,1776191180000
1776191182.043,82.043,0.66,5.0,0.63,5.0,0.74,8.0,0.75,25.0,0.26,8.0,0.25,25.0,0.34,5.0,0.37,5.0,0.08,0.08,617.672964,1776191181000
1776191183.143,83.143,0.66,5.0,0.63,5.0,0.74,8.0,0.75,25.0,0.26,8.0,0.25,25.0,0.34,5.0,0.37,5.0,0.08,0.08,617.673935,1776191182000
1776191184.693,84.693,0.66,5.0,0.63,5.0,0.74,8.0,0.75,25.0,0.26,8.0,0.25,25.0,0.34,5.0,0.37,5.0,0.08,0.08,617.717933,1776191183000
1776191185.175,85.175,0.66,5.0,0.63,5.0,0.74,8.0,0.75,25.0,0.26,8.0,0.25,25.0,0.34,5.0,0.37,5.0,0.08,0.08,617.729374,1776191184000
1776191186.373,86.373,0.66,5.0,0.63,5.0,0.74,8.0,0.75,25.0,0.26,8.0,0.25,25.0,0.34,5.0,0.37,5.0,0.08,0.08,617.731138,1776191185000
1776191187.462,87.462,0.66,5.0,0.63,5.0,0.74,8.0,0.75,25.0,0.26,8.0,0.25,25.0,0.34,5.0,0.37,5.0,0.08,0.08,617.731186,1776191186000
1776191187.883,87.883,0.81,26.89,0.8,21.3,0.84,10.0,0.85,18.2,0.26,8.0,0.25,25.0,0.34,5.0,0.37,5.0,0.03,0.08,617.731186,1776191186000
1776191189.291,89.291,0.81,26.89,0.8,21.3,0.84,10.0,0.85,18.2,0.16,10.0,0.15,18.2,0.19,26.89,0.2,21.3,0.03,0.03,617.729442,1776191188000
1776191190.585,90.585,0.81,26.89,0.8,21.3,0.84,10.0,0.85,18.2,0.16,10.0,0.15,18.2,0.19,26.89,0.2,21.3,0.03,0.03,617.677041,1776191189000
1776191191.136,91.136,0.81,26.89,0.8,21.3,0.84,10.0,0.85,18.2,0.16,10.0,0.15,18.2,0.19,26.89,0.2,21.3,0.03,0.03,617.677025,1776191190000
1776191192.285,92.285,0.81,26.89,0.8,21.3,0.84,10.0,0.85,18.2,0.16,10.0,0.15,18.2,0.19,26.89,0.2,21.3,0.03,0.03,617.675944,1776191191000
1776191193.305,93.305,0.81,26.89,0.8,21.3,0.84,10.0,0.85,18.2,0.16,10.0,0.15,18.2,0.19,26.89,0.2,21.3,0.03,0.03,617.67354,1776191192000
1776191194.579,94.579,0.81,26.89,0.8,21.3,0.84,10.0,0.85,18.2,0.16,10.0,0.15,18.2,0.19,26.89,0.2,21.3,0.03,0.03,617.673597,1776191193000
1776191195.125,95.125,0.81,26.89,0.8,21.3,0.84,10.0,0.85,18.2,0.16,10.0,0.15,18.2,0.19,26.89,0.2,21.3,0.03,0.03,617.673637,1776191194000
1776191196.209,96.209,0.81,26.89,0.8,21.3,0.84,10.0,0.85,18.2,0.16,10.0,0.15,18.2,0.19,26.89,0.2,21.3,0.03,0.03,617.672584,1776191195000
1776191197.248,97.248,0.81,26.89,0.8,21.3,0.84,10.0,0.85,18.2,0.16,10.0,0.15,18.2,0.19,26.89,0.2,21.3,0.03,0.03,617.591682,1776191196000
1776191198.295,98.295,0.81,26.89,0.8,21.3,0.84,10.0,0.85,18.2,0.16,10.0,0.15,18.2,0.19,26.89,0.2,21.3,0.03,0.03,617.586773,1776191197000
1776191199.243,99.243,0.81,26.89,0.8,21.3,0.84,10.0,0.85,18.2,0.16,10.0,0.15,18.2,0.19,26.89,0.2,21.3,0.03,0.03,617.585721,1776191198000
1776191200.283,100.283,0.81,5.0,0.78,7.0,0.84,10.0,0.85,23.2,0.16,10.0,0.15,18.2,0.19,26.89,0.2,21.3,0.03,0.03,617.585721,1776191198000
1776191200.941,100.941,0.81,5.0,0.78,7.0,0.84,10.0,0.85,23.2,0.16,10.0,0.15,23.2,0.19,5.0,0.22,7.0,0.03,0.03,617.586579,1776191200000
1776191202.001,102.001,0.81,5.0,0.78,7.0,0.84,10.0,0.85,23.2,0.16,10.0,0.15,23.2,0.19,5.0,0.22,7.0,0.03,0.03,617.587992,1776191201000
1776191203.017,103.017,0.81,5.0,0.78,7.0,0.84,10.0,0.85,23.2,0.16,10.0,0.15,23.2,0.19,5.0,0.22,7.0,0.03,0.03,617.574978,1776191202000
1776191204.561,104.561,0.81,5.0,0.78,7.0,0.84,10.0,0.85,23.2,0.16,10.0,0.15,23.2,0.19,5.0,0.22,7.0,0.03,0.03,617.574978,1776191203000
1776191205.231,105.231,0.81,5.0,0.78,7.0,0.84,10.0,0.85,23.2,0.16,10.0,0.15,23.2,0.19,5.0,0.22,7.0,0.03,0.03,617.574978,1776191204000
1776191206.647,106.647,0.81,5.0,0.78,7.0,0.84,10.0,0.85,23.2,0.16,10.0,0.15,23.2,0.19,5.0,0.22,7.0,0.03,0.03,617.574978,1776191205000
1776191207.236,107.236,0.81,5.0,0.78,7.0,0.84,10.0,0.85,23.2,0.16,10.0,0.15,23.2,0.19,5.0,0.22,7.0,0.03,0.03,617.574978,1776191206000
1776191208.116,108.116,0.78,14.47,0.77,14.7,0.84,10.0,0.85,18.2,0.16,10.0,0.15,23.2,0.19,5.0,0.22,7.0,0.06,0.03,617.574978,1776191206000
1776191208.424,108.424,0.78,14.47,0.77,14.7,0.84,10.0,0.85,18.2,0.16,10.0,0.15,18.2,0.22,14.47,0.23,14.7,0.06,0.06,617.574978,1776191207000
1776191209.179,109.179,0.78,14.47,0.77,14.7,0.84,10.0,0.85,18.2,0.16,10.0,0.15,18.2,0.22,14.47,0.23,14.7,0.06,0.06,617.57422,1776191208000
1776191210.473,110.473,0.78,14.47,0.77,14.7,0.84,10.0,0.85,18.2,0.16,10.0,0.15,18.2,0.22,14.47,0.23,14.7,0.06,0.06,617.580481,1776191209000
1776191211.153,111.153,0.78,14.47,0.77,14.7,0.84,10.0,0.85,18.2,0.16,10.0,0.15,18.2,0.22,14.47,0.23,14.7,0.06,0.06,617.580587,1776191210000
1776191212.29,112.29,0.78,14.47,0.77,14.7,0.84,10.0,0.85,18.2,0.16,10.0,0.15,18.2,0.22,14.47,0.23,14.7,0.06,0.06,617.578991,1776191211000
1776191213.516,113.516,0.78,14.47,0.77,14.7,0.84,10.0,0.85,18.2,0.16,10.0,0.15,18.2,0.22,14.47,0.23,14.7,0.06,0.06,617.581322,1776191212000
1776191214.207,114.207,0.78,14.47,0.77,14.7,0.84,10.0,0.85,18.2,0.16,10.0,0.15,18.2,0.22,14.47,0.23,14.7,0.06,0.06,617.58149,1776191213000
1776191215.426,115.426,0.78,14.47,0.77,14.7,0.84,10.0,0.85,18.2,0.16,10.0,0.15,18.2,0.22,14.47,0.23,14.7,0.06,0.06,617.581576,1776191214000
1776191216.225,116.225,0.78,14.47,0.77,14.7,0.84,10.0,0.85,18.2,0.16,10.0,0.15,18.2,0.22,14.47,0.23,14.7,0.06,0.06,617.581724,1776191215000
1776191217.55,117.55,0.78,14.47,0.77,14.7,0.84,10.0,0.85,18.2,0.16,10.0,0.15,18.2,0.22,14.47,0.23,14.7,0.06,0.06,617.581709,1776191216000
1776191218.285,118.285,0.78,14.47,0.77,14.7,0.84,10.0,0.85,18.2,0.16,10.0,0.15,18.2,0.22,14.47,0.23,14.7,0.06,0.06,617.581709,1776191217000
1776191219.385,119.385,0.78,14.47,0.77,14.7,0.84,10.0,0.85,18.2,0.16,10.0,0.15,18.2,0.22,14.47,0.23,14.7,0.06,0.06,617.581647,1776191218000
1776191220.121,120.121,0.78,14.47,0.77,14.7,0.84,10.0,0.85,18.2,0.16,10.0,0.15,18.2,0.22,14.47,0.23,14.7,0.06,0.06,617.581629,1776191219000
1776191221.42,121.42,0.78,14.47,0.77,14.7,0.84,10.0,0.85,18.2,0.16,10.0,0.15,18.2,0.22,14.47,0.23,14.7,0.06,0.06,617.577592,1776191220000
1776191221.997,121.997,0.78,14.47,0.77,14.7,0.84,10.0,0.85,18.2,0.16,10.0,0.15,18.2,0.22,14.47,0.23,14.7,0.06,0.06,617.585444,1776191221000
1776191223.192,123.192,0.78,14.47,0.77,14.7,0.84,10.0,0.85,18.2,0.16,10.0,0.15,18.2,0.22,14.47,0.23,14.7,0.06,0.06,617.610181,1776191222000
1776191224.341,124.341,0.78,14.47,0.77,14.7,0.84,10.0,0.85,18.2,0.16,10.0,0.15,18.2,0.22,14.47,0.23,14.7,0.06,0.06,617.61843,1776191223000
1776191224.946,124.946,0.78,14.47,0.77,14.7,0.84,10.0,0.85,18.2,0.16,10.0,0.15,18.2,0.22,14.47,0.23,14.7,0.06,0.06,617.618616,1776191224000
1776191226.01,126.01,0.78,14.47,0.77,14.7,0.84,10.0,0.85,18.2,0.16,10.0,0.15,18.2,0.22,14.47,0.23,14.7,0.06,0.06,617.642727,1776191225000
1776191227.112,127.112,0.78,14.47,0.77,14.7,0.84,10.0,0.85,18.2,0.16,10.0,0.15,18.2,0.22,14.47,0.23,14.7,0.06,0.06,617.648662,1776191226000
1776191228.217,128.217,0.78,14.47,0.77,14.7,0.84,10.0,0.85,18.2,0.16,10.0,0.15,18.2,0.22,14.47,0.23,14.7,0.06,0.06,617.649031,1776191227000
1776191229.207,129.207,0.78,14.47,0.77,14.7,0.84,10.0,0.85,18.2,0.16,10.0,0.15,18.2,0.22,14.47,0.23,14.7,0.06,0.06,617.649183,1776191228000
1776191229.596,129.596,0.83,36.39,0.82,17.6,0.85,18.14,0.9,5.0,0.16,5.0,0.15,18.2,0.17,23.39,0.18,17.6,0.02,0.01,617.649183,1776191228000
1776191230.251,130.251,0.83,36.39,0.82,17.6,0.85,18.14,0.9,5.0,0.15,18.14,0.1,5.0,0.17,36.39,0.18,17.6,0.02,0.02,617.649183,1776191229000
1776191231.432,131.432,0.83,36.39,0.82,17.6,0.85,18.14,0.9,5.0,0.15,18.14,0.1,5.0,0.17,36.39,0.18,17.6,0.02,0.02,617.686756,1776191230000
1776191231.993,131.993,0.84,38.3,0.83,29.39,0.85,22.65,0.9,5.0,0.15,22.65,0.1,5.0,0.16,38.3,0.17,29.39,0.01,0.01,617.686756,1776191231000
1776191233.413,133.413,0.84,38.3,0.83,29.39,0.85,22.65,0.9,5.0,0.15,22.65,0.1,5.0,0.16,38.3,0.17,29.39,0.01,0.01,617.730167,1776191232000
1776191234.053,134.053,0.85,5.0,0.84,53.3,0.89,10.0,0.9,5.0,0.11,10.0,0.1,5.0,0.15,5.0,0.16,53.3,0.04,0.04,617.740571,1776191233000
1776191234.492,134.492,0.87,5.0,0.85,25.39,0.9,3.53,0.96,5.0,0.11,10.0,0.1,5.0,0.15,5.0,0.16,53.3,0.03,0.04,617.740571,1776191233000
1776191235.369,135.369,0.87,5.0,0.85,25.39,0.9,3.53,0.96,5.0,0.1,3.53,0.04,5.0,0.13,5.0,0.15,25.39,0.03,0.03,617.799635,1776191234000
1776191236.326,136.326,0.88,50.6,0.87,23.0,0.89,4.94,0.9,3.53,0.1,3.53,0.04,5.0,0.13,5.0,0.15,25.39,0.01,0.03,617.799635,1776191234000
1776191236.927,136.927,0.88,50.6,0.87,23.0,0.89,4.94,0.9,3.53,0.11,4.94,0.1,3.53,0.12,50.6,0.13,23.0,0.01,0.01,617.805316,1776191236000
1776191238.083,138.083,0.88,50.6,0.87,23.0,0.9,3.47,0.98,150.69,0.1,3.47,0.02,150.69,0.12,50.6,0.13,23.0,0.02,0.02,617.918196,1776191237000
1776191239.103,139.103,0.88,50.6,0.87,23.0,0.9,3.47,0.98,150.69,0.1,3.47,0.02,150.69,0.12,50.6,0.13,23.0,0.02,0.02,617.923,1776191238000
1776191240.117,140.117,0.88,50.6,0.87,23.0,0.9,3.47,0.98,150.69,0.1,3.47,0.02,150.69,0.12,50.6,0.13,23.0,0.02,0.02,617.865236,1776191239000
1776191241.108,141.108,0.88,50.6,0.87,23.0,0.9,3.47,0.98,150.69,0.1,3.47,0.02,150.69,0.12,50.6,0.13,23.0,0.02,0.02,617.865236,1776191240000
1776191242.211,142.211,0.88,50.6,0.87,23.0,0.9,3.47,0.98,150.69,0.1,3.47,0.02,150.69,0.12,50.6,0.13,23.0,0.02,0.02,617.865236,1776191241000
1776191243.157,143.157,0.88,50.6,0.87,23.0,0.9,3.47,0.98,150.69,0.1,3.47,0.02,150.69,0.12,50.6,0.13,23.0,0.02,0.02,617.865243,1776191242000
1776191244.18,144.18,0.88,50.6,0.87,23.0,0.9,3.47,0.98,150.69,0.1,3.47,0.02,150.69,0.12,50.6,0.13,23.0,0.02,0.02,617.886045,1776191243000
1776191245.211,145.211,0.88,50.6,0.87,23.0,0.9,3.47,0.98,150.69,0.1,3.47,0.02,150.69,0.12,50.6,0.13,23.0,0.02,0.02,617.886045,1776191244000
1776191246.249,146.249,0.88,50.6,0.87,23.0,0.9,3.47,0.98,150.69,0.1,3.47,0.02,150.69,0.12,50.6,0.13,23.0,0.02,0.02,617.891,1776191245000
1776191247.276,147.276,0.88,50.6,0.87,23.0,0.9,3.47,0.98,150.69,0.1,3.47,0.02,150.69,0.12,50.6,0.13,23.0,0.02,0.02,617.914,1776191246000
1776191248.325,148.325,0.88,50.6,0.87,23.0,0.9,3.47,0.98,150.69,0.1,3.47,0.02,150.69,0.12,50.6,0.13,23.0,0.02,0.02,617.914,1776191247000
1776191250.012,150.012,0.88,50.6,0.87,23.0,0.9,3.47,0.98,150.69,0.1,3.47,0.02,150.69,0.12,50.6,0.13,23.0,0.02,0.02,617.911,1776191248000
1776191250.613,150.613,0.88,50.6,0.87,23.0,0.9,3.47,0.98,150.69,0.1,3.47,0.02,150.69,0.12,50.6,0.13,23.0,0.02,0.02,617.942808,1776191249000
1776191251.237,151.237,0.88,50.6,0.87,23.0,0.9,3.47,0.98,150.69,0.1,3.47,0.02,150.69,0.12,50.6,0.13,23.0,0.02,0.02,617.943707,1776191250000
1776191253.143,153.143,0.88,50.6,0.87,23.0,0.9,3.47,0.98,150.69,0.1,3.47,0.02,150.69,0.12,50.6,0.13,23.0,0.02,0.02,617.944812,1776191252000
1776191254.739,154.739,0.88,50.6,0.87,23.0,0.9,3.47,0.98,150.69,0.1,3.47,0.02,150.69,0.12,50.6,0.13,23.0,0.02,0.02,617.948581,1776191253000
1776191255.608,155.608,0.88,50.6,0.87,23.0,0.9,3.47,0.98,150.69,0.1,3.47,0.02,150.69,0.12,50.6,0.13,23.0,0.02,0.02,617.952612,1776191254000
1776191256.339,156.339,0.88,50.6,0.87,23.0,0.9,3.47,0.98,150.69,0.1,3.47,0.02,150.69,0.12,50.6,0.13,23.0,0.02,0.02,617.952498,1776191255000
1776191257.749,157.749,0.89,36.6,0.88,45.6,0.98,2.15,0.99,5472.6,0.02,2.15,0.01,5472.6,0.11,36.6,0.12,45.6,0.09,0.09,617.95261,1776191256000
1776191258.496,158.496,0.89,36.6,0.88,45.6,0.98,2.15,0.99,5472.6,0.02,2.15,0.01,5472.6,0.11,36.6,0.12,45.6,0.09,0.09,617.94958,1776191257000
1776191258.843,158.843,0.93,39.9,0.92,35.29,0.98,1.12,0.99,5467.6,0.02,2.15,0.01,5472.6,0.11,36.6,0.12,45.6,0.05,0.09,617.94958,1776191257000
1776191259.167,159.167,0.93,39.9,0.92,35.29,0.98,1.12,0.99,5467.6,0.02,1.12,0.01,5467.6,0.07,39.9,0.08,35.29,0.05,0.05,617.949356,1776191258000
1776191260.585,160.585,0.93,39.9,0.92,35.29,0.98,1.12,0.99,5467.6,0.02,1.12,0.01,5467.6,0.07,39.9,0.08,35.29,0.05,0.05,617.94848,1776191259000
1776191261.359,161.359,0.93,39.9,0.92,35.29,0.98,1.12,0.99,5467.6,0.02,1.12,0.01,5467.6,0.07,39.9,0.08,35.29,0.05,0.05,617.947986,1776191260000
1776191262.754,162.754,0.93,39.9,0.92,35.29,0.98,1.12,0.99,5467.6,0.02,1.12,0.01,5467.6,0.07,39.9,0.08,35.29,0.05,0.05,617.951301,1776191261000
1776191263.495,163.495,0.93,39.9,0.92,35.29,0.98,1.12,0.99,5467.6,0.02,1.12,0.01,5467.6,0.07,39.9,0.08,35.29,0.05,0.05,617.951301,1776191262000
1776191264.296,164.296,0.93,39.9,0.92,35.29,0.98,1.12,0.99,5467.6,0.02,1.12,0.01,5467.6,0.07,39.9,0.08,35.29,0.05,0.05,617.95124,1776191263000
1776191265.716,165.716,0.93,39.9,0.92,35.29,0.98,1.12,0.99,5467.6,0.02,1.12,0.01,5467.6,0.07,39.9,0.08,35.29,0.05,0.05,617.951303,1776191264000
1776191266.467,166.467,0.93,39.9,0.92,35.29,0.98,1.12,0.99,5467.6,0.02,1.12,0.01,5467.6,0.07,39.9,0.08,35.29,0.05,0.05,617.946669,1776191265000
1776191267.185,167.185,0.93,39.9,0.92,35.29,0.98,1.12,0.99,5467.6,0.02,1.12,0.01,5467.6,0.07,39.9,0.08,35.29,0.05,0.05,617.946578,1776191266000
1776191269.225,169.225,0.93,39.9,0.92,35.29,0.98,1.12,0.99,5467.6,0.02,1.12,0.01,5467.6,0.07,39.9,0.08,35.29,0.05,0.05,617.945213,1776191268000
1776191270.124,170.124,0.93,39.9,0.92,35.29,0.98,1.12,0.99,5467.6,0.02,1.12,0.01,5467.6,0.07,39.9,0.08,35.29,0.05,0.05,617.944841,1776191269000
1776191271.262,171.262,0.93,39.9,0.92,35.29,0.98,1.12,0.99,5467.6,0.02,1.12,0.01,5467.6,0.07,39.9,0.08,35.29,0.05,0.05,617.898881,1776191270000
1776191272.265,172.265,0.93,39.9,0.92,35.29,0.98,1.12,0.99,5467.6,0.02,1.12,0.01,5467.6,0.07,39.9,0.08,35.29,0.05,0.05,617.849771,1776191271000
1776191272.977,172.977,0.93,39.9,0.92,35.29,0.98,1.12,0.99,5467.6,0.02,1.12,0.01,5467.6,0.07,39.9,0.08,35.29,0.05,0.05,617.849771,1776191272000
1776191274.6,174.6,0.93,39.9,0.92,35.29,0.98,1.12,0.99,5467.6,0.02,1.12,0.01,5467.6,0.07,39.9,0.08,35.29,0.05,0.05,617.850668,1776191273000
1776191275.163,175.163,0.93,39.9,0.92,35.29,0.98,1.12,0.99,5467.6,0.02,1.12,0.01,5467.6,0.07,39.9,0.08,35.29,0.05,0.05,617.850668,1776191274000
1776191276.372,176.372,0.93,39.9,0.92,35.29,0.98,1.12,0.99,5467.6,0.02,1.12,0.01,5467.6,0.07,39.9,0.08,35.29,0.05,0.05,617.850344,1776191275000
1776191276.953,176.953,0.93,39.9,0.92,35.29,0.98,1.12,0.99,5467.6,0.02,1.12,0.01,5467.6,0.07,39.9,0.08,35.29,0.05,0.05,617.84737,1776191276000
1776191278.358,178.358,0.93,39.9,0.92,35.29,0.98,1.12,0.99,5467.6,0.02,1.12,0.01,5467.6,0.07,39.9,0.08,35.29,0.05,0.05,617.847309,1776191277000
1776191278.881,178.881,0.93,39.9,0.92,35.29,0.98,1.12,0.99,5467.6,0.02,1.12,0.01,5467.6,0.07,39.9,0.08,35.29,0.05,0.05,617.847749,1776191278000
1776191280.114,180.114,0.93,39.9,0.92,35.29,0.98,1.12,0.99,5467.6,0.02,1.12,0.01,5467.6,0.07,39.9,0.08,35.29,0.05,0.05,617.846612,1776191279000
1776191280.624,180.624,0.96,72.7,0.95,54.7,0.99,5422.72,,,0.02,1.12,0.01,5467.6,0.07,39.9,0.08,35.29,0.03,0.05,617.846612,1776191279000
1776191281.353,181.353,0.96,72.7,0.95,54.7,0.99,5422.72,,,0.01,5422.72,,,0.04,72.7,0.05,54.7,0.03,0.03,617.849219,1776191280000
1776191281.957,181.957,0.96,72.7,0.95,54.7,0.99,5422.72,,,0.01,5422.72,,,0.04,72.7,0.05,54.7,0.03,0.03,617.8502,1776191281000
1776191283.11,183.11,0.96,72.7,0.95,54.7,0.99,5422.72,,,0.01,5422.72,,,0.04,72.7,0.05,54.7,0.03,0.03,617.904568,1776191282000
1776191283.317,183.317,0.98,137.69,0.97,94.3,0.99,5158.09,,,0.01,5422.72,,,0.04,72.7,0.05,54.7,0.01,0.03,617.904568,1776191282000
1776191284.235,184.235,0.98,137.69,0.97,94.3,0.99,5158.09,,,0.01,5158.09,,,0.02,137.69,0.03,94.3,0.01,0.01,617.925572,1776191283000
1776191286.01,186.01,0.98,137.69,0.97,94.3,0.99,5158.09,,,0.01,5158.09,,,0.02,137.69,0.03,94.3,0.01,0.01,617.933651,1776191284000
1776191286.557,186.557,0.98,137.69,0.97,94.3,0.99,5158.09,,,0.01,5158.09,,,0.02,137.69,0.03,94.3,0.01,0.01,617.93281,1776191285000
1776191287.1,187.1,0.98,137.69,0.97,94.3,0.99,5158.09,,,0.01,5158.09,,,0.02,137.69,0.03,94.3,0.01,0.01,617.934451,1776191286000
1776191288.254,188.254,0.98,137.69,0.97,94.3,0.99,5158.09,,,0.01,5158.09,,,0.02,137.69,0.03,94.3,0.01,0.01,617.934545,1776191287000
1776191289.276,189.276,0.98,137.69,0.97,94.3,0.99,5052.84,,,0.01,5158.09,,,0.02,137.69,0.03,94.3,0.01,0.01,617.934545,1776191287000
1776191290.351,190.351,0.98,137.69,0.97,94.3,0.99,5052.84,,,0.01,5052.84,,,0.02,137.69,0.03,94.3,0.01,0.01,617.962233,1776191289000
1776191291.361,191.361,0.98,137.69,0.97,94.3,0.99,5052.84,,,0.01,5052.84,,,0.02,137.69,0.03,94.3,0.01,0.01,617.953389,1776191290000
1776191292.41,192.41,0.98,137.69,0.97,94.3,0.99,5052.84,,,0.01,5052.84,,,0.02,137.69,0.03,94.3,0.01,0.01,617.954361,1776191291000
1776191292.861,192.861,0.98,137.69,0.97,94.3,0.99,5052.84,,,0.01,5052.84,,,0.02,137.69,0.03,94.3,0.01,0.01,617.954478,1776191292000
1776191293.895,193.895,0.98,137.69,0.97,94.3,0.99,5052.84,,,0.01,5052.84,,,0.02,137.69,0.03,94.3,0.01,0.01,617.954508,1776191293000
1776191294.9,194.9,0.98,137.69,0.97,94.3,0.99,5052.84,,,0.01,5052.84,,,0.02,137.69,0.03,94.3,0.01,0.01,617.954508,1776191294000
1776191295.878,195.878,0.98,137.69,0.97,94.3,0.99,5052.84,,,0.01,5052.84,,,0.02,137.69,0.03,94.3,0.01,0.01,617.954508,1776191295000
1776191296.963,196.963,0.98,137.69,0.97,94.3,0.99,5052.84,,,0.01,5052.84,,,0.02,137.69,0.03,94.3,0.01,0.01,617.951138,1776191296000
1776191297.978,197.978,0.98,137.69,0.97,94.3,0.99,5052.84,,,0.01,5052.84,,,0.02,137.69,0.03,94.3,0.01,0.01,617.950759,1776191297000
1776191299.45,199.45,0.98,137.69,0.97,94.3,0.99,5052.84,,,0.01,5052.84,,,0.02,137.69,0.03,94.3,0.01,0.01,617.855064,1776191298000
1776191299.966,199.966,0.98,0.06,0.97,89.3,0.99,5320.44,,,0.01,5320.44,,,0.02,0.06,0.03,89.3,0.01,0.01,617.855064,1776191299000
1776191301.043,201.043,0.98,0.06,0.97,89.3,0.99,5320.44,,,0.01,5320.44,,,0.02,0.06,0.03,89.3,0.01,0.01,617.854957,1776191300000
1776191302.068,202.068,0.98,0.06,0.97,89.3,0.99,5320.44,,,0.01,5320.44,,,0.02,0.06,0.03,89.3,0.01,0.01,617.853424,1776191301000
1776191304.017,204.017,0.98,0.06,0.97,89.3,0.99,5320.44,,,0.01,5320.44,,,0.02,0.06,0.03,89.3,0.01,0.01,617.85182,1776191303000
1776191304.99,204.99,0.98,0.06,0.97,89.3,0.99,5320.44,,,0.01,5320.44,,,0.02,0.06,0.03,89.3,0.01,0.01,617.853818,1776191304000
1776191306.092,206.092,0.98,0.06,0.97,89.3,0.99,5320.44,,,0.01,5320.44,,,0.02,0.06,0.03,89.3,0.01,0.01,617.855994,1776191305000
1776191307.04,207.04,0.98,0.06,0.97,89.3,0.99,5320.44,,,0.01,5320.44,,,0.02,0.06,0.03,89.3,0.01,0.01,617.85536,1776191306000
1776191308.041,208.041,0.98,0.06,0.97,89.3,0.99,5320.44,,,0.01,5320.44,,,0.02,0.06,0.03,89.3,0.01,0.01,617.855114,1776191307000
1776191309.025,209.025,0.98,0.06,0.97,89.3,0.99,5320.44,,,0.01,5320.44,,,0.02,0.06,0.03,89.3,0.01,0.01,617.826137,1776191308000
1776191310.023,210.023,0.98,0.06,0.97,89.3,0.99,5320.44,,,0.01,5320.44,,,0.02,0.06,0.03,89.3,0.01,0.01,617.822116,1776191309000
1776191310.944,210.944,0.98,0.06,0.97,89.3,0.99,5320.44,,,0.01,5320.44,,,0.02,0.06,0.03,89.3,0.01,0.01,617.818136,1776191310000
1776191312.606,212.606,0.98,0.06,0.97,89.3,0.99,5320.44,,,0.01,5320.44,,,0.02,0.06,0.03,89.3,0.01,0.01,617.7631,1776191311000
1776191313.395,213.395,0.98,0.06,0.97,89.3,0.99,5320.44,,,0.01,5320.44,,,0.02,0.06,0.03,89.3,0.01,0.01,617.7631,1776191312000
1776191314.586,214.586,0.98,0.06,0.97,89.3,0.99,5320.44,,,0.01,5320.44,,,0.02,0.06,0.03,89.3,0.01,0.01,617.761061,1776191313000
1776191315.116,215.116,0.98,0.06,0.97,89.3,0.99,5320.44,,,0.01,5320.44,,,0.02,0.06,0.03,89.3,0.01,0.01,617.761121,1776191314000
1776191316.369,216.369,0.98,0.06,0.97,89.3,0.99,5320.44,,,0.01,5320.44,,,0.02,0.06,0.03,89.3,0.01,0.01,617.760276,1776191315000
1776191317.579,217.579,0.98,0.06,0.97,89.3,0.99,5320.44,,,0.01,5320.44,,,0.02,0.06,0.03,89.3,0.01,0.01,617.760275,1776191316000
1776191318.648,218.648,0.98,0.06,0.97,89.3,0.99,5320.44,,,0.01,5320.44,,,0.02,0.06,0.03,89.3,0.01,0.01,617.76035,1776191317000
1776191319.266,219.266,0.98,0.06,0.97,89.3,0.99,5320.44,,,0.01,5320.44,,,0.02,0.06,0.03,89.3,0.01,0.01,617.760574,1776191318000
1776191320.485,220.485,0.98,0.06,0.97,89.3,0.99,5320.44,,,0.01,5320.44,,,0.02,0.06,0.03,89.3,0.01,0.01,617.764285,1776191319000
1776191321.181,221.181,0.98,0.06,0.97,89.3,0.99,5320.44,,,0.01,5320.44,,,0.02,0.06,0.03,89.3,0.01,0.01,617.764285,1776191320000
1776191322.489,222.489,0.98,0.06,0.97,89.3,0.99,5320.44,,,0.01,5320.44,,,0.02,0.06,0.03,89.3,0.01,0.01,617.75873,1776191321000
1776191322.726,222.726,0.96,67.7,0.95,54.7,0.99,5308.44,,,0.01,5320.44,,,0.02,0.06,0.03,89.3,0.03,0.01,617.75873,1776191321000
1776191322.999,222.999,0.96,67.7,0.95,54.7,0.99,5308.44,,,0.01,5308.44,,,0.04,67.7,0.05,54.7,0.03,0.03,617.75861,1776191322000
1776191324.307,224.307,0.96,67.7,0.95,54.7,0.99,5308.44,,,0.01,5308.44,,,0.04,67.7,0.05,54.7,0.03,0.03,617.716,1776191323000
1776191324.996,224.996,0.96,67.7,0.95,54.7,0.99,5308.44,,,0.01,5308.44,,,0.04,67.7,0.05,54.7,0.03,0.03,617.743889,1776191324000
1776191326.253,226.253,0.96,67.7,0.95,54.7,0.99,5308.44,,,0.01,5308.44,,,0.04,67.7,0.05,54.7,0.03,0.03,617.765,1776191325000
1776191327.431,227.431,0.96,67.7,0.95,54.7,0.99,5308.44,,,0.01,5308.44,,,0.04,67.7,0.05,54.7,0.03,0.03,617.743899,1776191326000
1776191328.214,228.214,0.96,67.7,0.95,54.7,0.99,5308.44,,,0.01,5308.44,,,0.04,67.7,0.05,54.7,0.03,0.03,617.7425,1776191327000
1776191329.172,229.172,0.96,67.7,0.95,54.7,0.99,5308.44,,,0.01,5308.44,,,0.04,67.7,0.05,54.7,0.03,0.03,617.7425,1776191328000
1776191330.208,230.208,0.96,67.7,0.95,54.7,0.99,5308.44,,,0.01,5308.44,,,0.04,67.7,0.05,54.7,0.03,0.03,617.742222,1776191329000
1776191331.304,231.304,0.96,67.7,0.95,54.7,0.99,5308.44,,,0.01,5308.44,,,0.04,67.7,0.05,54.7,0.03,0.03,617.741879,1776191330000
1776191332.546,232.546,0.96,67.7,0.95,54.7,0.99,5308.44,,,0.01,5308.44,,,0.04,67.7,0.05,54.7,0.03,0.03,617.739396,1776191331000
1776191333.196,233.196,0.96,67.7,0.95,54.7,0.99,5308.44,,,0.01,5308.44,,,0.04,67.7,0.05,54.7,0.03,0.03,617.707779,1776191332000
1776191334.463,234.463,0.96,67.7,0.95,54.7,0.99,5308.44,,,0.01,5308.44,,,0.04,67.7,0.05,54.7,0.03,0.03,617.701309,1776191333000
1776191335.056,235.056,0.96,67.7,0.95,54.7,0.99,5308.44,,,0.01,5308.44,,,0.04,67.7,0.05,54.7,0.03,0.03,617.701309,1776191334000
1776191336.242,236.242,0.96,67.7,0.95,54.7,0.99,5308.44,,,0.01,5308.44,,,0.04,67.7,0.05,54.7,0.03,0.03,617.701069,1776191335000
1776191337.447,237.447,0.96,67.7,0.95,54.7,0.99,5308.44,,,0.01,5308.44,,,0.04,67.7,0.05,54.7,0.03,0.03,617.702153,1776191336000
1776191338.008,238.008,0.96,67.7,0.95,54.7,0.99,5308.44,,,0.01,5308.44,,,0.04,67.7,0.05,54.7,0.03,0.03,617.701768,1776191337000
1776191339.16,239.16,0.96,67.7,0.95,54.7,0.99,5308.44,,,0.01,5308.44,,,0.04,67.7,0.05,54.7,0.03,0.03,617.702899,1776191338000
1776191340.362,240.362,0.96,67.7,0.95,54.7,0.99,5308.44,,,0.01,5308.44,,,0.04,67.7,0.05,54.7,0.03,0.03,617.703588,1776191339000
1776191341.504,241.504,0.96,67.7,0.95,54.7,0.99,5308.44,,,0.01,5308.44,,,0.04,67.7,0.05,54.7,0.03,0.03,617.704373,1776191340000
1776191342.08,242.08,0.96,67.7,0.95,54.7,0.99,5308.44,,,0.01,5308.44,,,0.04,67.7,0.05,54.7,0.03,0.03,617.704721,1776191341000
1776191343.374,243.374,0.96,67.7,0.95,54.7,0.99,5308.44,,,0.01,5308.44,,,0.04,67.7,0.05,54.7,0.03,0.03,617.705,1776191342000
1776191344.168,244.168,0.96,67.7,0.95,54.7,0.99,5308.44,,,0.01,5308.44,,,0.04,67.7,0.05,54.7,0.03,0.03,617.711,1776191343000
1776191345.212,245.212,0.96,67.7,0.95,54.7,0.99,5308.44,,,0.01,5308.44,,,0.04,67.7,0.05,54.7,0.03,0.03,617.699822,1776191344000
1776191346.228,246.228,0.96,67.7,0.95,54.7,0.99,5308.44,,,0.01,5308.44,,,0.04,67.7,0.05,54.7,0.03,0.03,617.697126,1776191345000
1776191347.428,247.428,0.96,67.7,0.95,54.7,0.99,5308.44,,,0.01,5308.44,,,0.04,67.7,0.05,54.7,0.03,0.03,617.697038,1776191346000
1776191348.239,248.239,0.96,67.7,0.95,54.7,0.99,5308.44,,,0.01,5308.44,,,0.04,67.7,0.05,54.7,0.03,0.03,617.697038,1776191347000
1776191349.274,249.274,0.96,67.7,0.95,54.7,0.99,5308.44,,,0.01,5308.44,,,0.04,67.7,0.05,54.7,0.03,0.03,617.696842,1776191348000
1776191350.263,250.263,0.96,67.7,0.95,54.7,0.99,5308.44,,,0.01,5308.44,,,0.04,67.7,0.05,54.7,0.03,0.03,617.696506,1776191349000
1776191350.547,250.547,0.98,85.19,0.97,89.3,0.99,5045.84,,,0.01,5308.44,,,0.04,67.7,0.05,54.7,0.01,0.03,617.696506,1776191349000
1776191351.216,251.216,0.98,85.19,0.97,89.3,0.99,5045.84,,,0.01,5045.84,,,0.02,85.19,0.03,89.3,0.01,0.01,617.698504,1776191350000
1776191352.192,252.192,0.98,85.19,0.97,89.3,0.99,5045.84,,,0.01,5045.84,,,0.02,85.19,0.03,89.3,0.01,0.01,617.698009,1776191351000
1776191353.29,253.29,0.98,85.19,0.97,89.3,0.99,5045.84,,,0.01,5045.84,,,0.02,85.19,0.03,89.3,0.01,0.01,617.699847,1776191352000
1776191354.221,254.221,0.98,85.19,0.97,89.3,0.99,5045.84,,,0.01,5045.84,,,0.02,85.19,0.03,89.3,0.01,0.01,617.706,1776191353000
1776191355.372,255.372,0.98,85.19,0.97,89.3,0.99,5045.84,,,0.01,5045.84,,,0.02,85.19,0.03,89.3,0.01,0.01,617.706,1776191354000
1776191355.93,255.93,0.98,85.19,0.97,89.3,0.99,5045.84,,,0.01,5045.84,,,0.02,85.19,0.03,89.3,0.01,0.01,617.703,1776191355000
1776191357.443,257.443,0.98,85.19,0.97,89.3,0.99,5045.84,,,0.01,5045.84,,,0.02,85.19,0.03,89.3,0.01,0.01,617.705,1776191356000
1776191358.117,258.117,0.98,85.19,0.97,89.3,0.99,5045.84,,,0.01,5045.84,,,0.02,85.19,0.03,89.3,0.01,0.01,617.71,1776191357000
1776191359.123,259.123,0.98,85.19,0.97,89.3,0.99,5045.84,,,0.01,5045.84,,,0.02,85.19,0.03,89.3,0.01,0.01,617.71,1776191358000
1776191360.244,260.244,0.98,85.19,0.97,89.3,0.99,5045.84,,,0.01,5045.84,,,0.02,85.19,0.03,89.3,0.01,0.01,617.708906,1776191359000
1776191361.437,261.437,0.98,85.19,0.97,89.3,0.99,5045.84,,,0.01,5045.84,,,0.02,85.19,0.03,89.3,0.01,0.01,617.729,1776191360000
1776191361.882,261.882,0.98,85.19,0.97,89.3,0.99,5045.84,,,0.01,5045.84,,,0.02,85.19,0.03,89.3,0.01,0.01,617.729,1776191361000
1776191363.069,263.069,0.98,85.19,0.97,89.3,0.99,5045.84,,,0.01,5045.84,,,0.02,85.19,0.03,89.3,0.01,0.01,617.727623,1776191362000
1776191364.162,264.162,0.98,85.19,0.97,89.3,0.99,5045.84,,,0.01,5045.84,,,0.02,85.19,0.03,89.3,0.01,0.01,617.728,1776191363000
1776191365.264,265.264,0.98,85.19,0.97,89.3,0.99,5045.84,,,0.01,5045.84,,,0.02,85.19,0.03,89.3,0.01,0.01,617.727596,1776191364000
1776191366.443,266.443,0.98,85.19,0.97,89.3,0.99,5045.84,,,0.01,5045.84,,,0.02,85.19,0.03,89.3,0.01,0.01,617.727408,1776191365000
1776191367.015,267.015,0.98,85.19,0.97,89.3,0.99,5045.84,,,0.01,5045.84,,,0.02,85.19,0.03,89.3,0.01,0.01,617.72637,1776191366000
1776191368.255,268.255,0.98,85.19,0.97,89.3,0.99,5045.84,,,0.01,5045.84,,,0.02,85.19,0.03,89.3,0.01,0.01,617.726995,1776191367000
1776191369.301,269.301,0.98,85.19,0.97,89.3,0.99,5045.84,,,0.01,5045.84,,,0.02,85.19,0.03,89.3,0.01,0.01,617.723723,1776191368000
1776191370.431,270.431,0.98,85.19,0.97,89.3,0.99,5045.84,,,0.01,5045.84,,,0.02,85.19,0.03,89.3,0.01,0.01,617.723572,1776191369000
1776191371.053,271.053,0.98,85.19,0.97,89.3,0.99,5045.84,,,0.01,5045.84,,,0.02,85.19,0.03,89.3,0.01,0.01,617.721553,1776191370000
1776191372.098,272.098,0.98,85.19,0.97,89.3,0.99,5045.84,,,0.01,5045.84,,,0.02,85.19,0.03,89.3,0.01,0.01,617.720348,1776191371000
1776191373.268,273.268,0.98,85.19,0.97,89.3,0.99,5045.84,,,0.01,5045.84,,,0.02,85.19,0.03,89.3,0.01,0.01,617.719672,1776191372000
1776191373.727,273.727,0.98,85.19,0.97,89.3,0.99,53.98,,,0.01,5045.84,,,0.02,85.19,0.03,89.3,0.01,0.01,617.719672,1776191372000
1776191374.46,274.46,0.98,85.19,0.97,89.3,0.99,53.98,,,0.01,53.98,,,0.02,85.19,0.03,89.3,0.01,0.01,617.719322,1776191373000
1776191374.96,274.96,0.98,85.19,0.97,89.3,0.99,53.98,,,0.01,53.98,,,0.02,85.19,0.03,89.3,0.01,0.01,617.719322,1776191374000
1776191376.165,276.165,0.98,85.19,0.97,89.3,0.99,53.98,,,0.01,53.98,,,0.02,85.19,0.03,89.3,0.01,0.01,617.720004,1776191375000
1776191377.248,277.248,0.98,85.19,0.97,89.3,0.99,53.98,,,0.01,53.98,,,0.02,85.19,0.03,89.3,0.01,0.01,617.721571,1776191376000
1776191378.342,278.342,0.98,85.19,0.97,89.3,0.99,53.98,,,0.01,53.98,,,0.02,85.19,0.03,89.3,0.01,0.01,617.72147,1776191377000
1776191378.937,278.937,0.98,85.19,0.97,89.3,0.99,53.98,,,0.01,53.98,,,0.02,85.19,0.03,89.3,0.01,0.01,617.72147,1776191378000
1776191380.138,280.138,0.98,85.19,0.97,89.3,0.99,53.98,,,0.01,53.98,,,0.02,85.19,0.03,89.3,0.01,0.01,617.721514,1776191379000
1776191381.184,281.184,0.98,85.19,0.97,89.3,0.99,53.98,,,0.01,53.98,,,0.02,85.19,0.03,89.3,0.01,0.01,617.721372,1776191380000
1776191382.137,282.137,0.98,5.0,0.89,5.0,0.99,52.96,,,0.01,53.98,,,0.02,85.19,0.03,89.3,0.01,0.01,617.721372,1776191380000
1776191382.349,282.349,0.98,5.0,0.89,5.0,0.99,52.96,,,0.01,52.96,,,0.02,5.0,0.11,5.0,0.01,0.01,617.721323,1776191381000
1776191383.439,283.439,0.98,5.0,0.89,5.0,0.99,2.46,,,0.01,2.46,,,0.02,5.0,0.11,5.0,0.01,0.01,617.721353,1776191382000
1776191383.947,283.947,0.99,17.74,0.98,5.0,,,,,,,,,0.01,17.74,0.02,5.0,,,617.724521,1776191383000
1776191385.12,285.12,0.99,17.74,0.98,5.0,,,,,,,,,0.01,17.74,0.02,5.0,,,617.725536,1776191384000
1776191386.655,286.655,0.99,17.74,0.98,5.0,,,,,,,,,0.01,17.74,0.02,5.0,,,617.725567,1776191385000
1776191387.217,287.217,0.99,17.74,0.98,5.0,,,,,,,,,0.01,17.74,0.02,5.0,,,617.725438,1776191386000
1776191388.309,288.309,0.99,17.74,0.98,5.0,,,,,,,,,0.01,17.74,0.02,5.0,,,617.724001,1776191387000
1776191388.922,288.922,0.99,17.74,0.98,5.0,,,,,,,,,0.01,17.74,0.02,5.0,,,617.724001,1776191388000
1776191390.04,290.04,0.99,17.74,0.98,5.0,,,,,,,,,0.01,17.74,0.02,5.0,,,617.720425,1776191389000
1776191391.175,291.175,0.99,17.74,0.98,5.0,,,,,,,,,0.01,17.74,0.02,5.0,,,617.720359,1776191390000
1776191392.258,292.258,0.99,17.74,0.98,5.0,,,,,,,,,0.01,17.74,0.02,5.0,,,617.718228,1776191391000
1776191393.479,293.479,0.99,17.74,0.98,5.0,,,,,,,,,0.01,17.74,0.02,5.0,,,617.623,1776191392000
1776191393.964,293.964,0.99,17.74,0.98,5.0,,,,,,,,,0.01,17.74,0.02,5.0,,,617.623,1776191393000
1776191395.12,295.12,0.99,17.74,0.98,5.0,,,,,,,,,0.01,17.74,0.02,5.0,,,617.636,1776191394000
1776191396.268,296.268,0.99,17.74,0.98,5.0,,,,,,,,,0.01,17.74,0.02,5.0,,,617.622,1776191395000
1776191397.282,297.282,0.99,17.74,0.98,5.0,,,,,,,,,0.01,17.74,0.02,5.0,,,617.609,1776191396000
1776191397.933,297.933,0.99,17.74,0.98,5.0,,,,,,,,,0.01,17.74,0.02,5.0,,,617.592511,1776191397000
1776191399.017,299.017,0.99,17.74,0.98,5.0,,,,,,,,,0.01,17.74,0.02,5.0,,,617.592511,1776191398000
1776191400.141,300.141,0.99,17.74,0.98,5.0,,,,,,,,,0.01,17.74,0.02,5.0,,,617.593,1776191399000

# RESULT,winner=Up,slug=bnb-updown-5m-1776191100,ticks=298
