timestamp,elapsed_sec,up_bid_p1,up_bid_s1,up_bid_p2,up_bid_s2,up_ask_p1,up_ask_s1,up_ask_p2,up_ask_s2,down_bid_p1,down_bid_s1,down_bid_p2,down_bid_s2,down_ask_p1,down_ask_s1,down_ask_p2,down_ask_s2,up_spread,down_spread,bnb_price,bnb_oracle_ts
1776205201.466,1.466,0.5,5.0,0.33,300.0,0.67,300.0,0.69,375.0,0.33,300.0,0.31,375.0,0.5,5.0,0.67,300.0,0.17,0.17,615.95772,1776205200000
1776205201.815,1.815,0.5,5.0,0.33,300.0,0.67,300.0,0.69,375.0,0.33,300.0,0.31,375.0,0.5,5.0,0.67,300.0,0.17,0.17,615.95772,1776205200000
1776205202.102,2.102,0.5,5.0,0.33,300.0,0.67,300.0,0.69,375.0,0.33,300.0,0.31,375.0,0.5,5.0,0.67,300.0,0.17,0.17,615.996742,1776205201000
1776205203.065,3.065,0.5,5.0,0.33,300.0,0.67,300.0,0.69,375.0,0.33,300.0,0.31,375.0,0.5,5.0,0.67,300.0,0.17,0.17,615.983,1776205202000
1776205204.049,4.049,0.5,5.0,0.33,300.0,0.67,300.0,0.69,375.0,0.33,300.0,0.31,375.0,0.5,5.0,0.67,300.0,0.17,0.17,615.983,1776205203000
1776205205.244,5.244,0.5,5.0,0.33,300.0,0.67,300.0,0.69,375.0,0.33,300.0,0.31,375.0,0.5,5.0,0.67,300.0,0.17,0.17,615.993,1776205204000
1776205207.296,7.296,0.5,5.0,0.33,300.0,0.67,300.0,0.69,375.0,0.33,300.0,0.31,375.0,0.5,5.0,0.67,300.0,0.17,0.17,615.968,1776205206000
1776205208.782,8.782,0.5,5.0,0.33,300.0,0.67,300.0,0.69,375.0,0.33,300.0,0.31,375.0,0.5,5.0,0.67,300.0,0.17,0.17,615.967,1776205207000
1776205209.84,9.84,0.5,5.0,0.33,300.0,0.67,300.0,0.69,375.0,0.33,300.0,0.31,375.0,0.5,5.0,0.67,300.0,0.17,0.17,615.969,1776205208000
1776205210.494,10.494,0.5,5.0,0.33,300.0,0.67,300.0,0.69,375.0,0.33,300.0,0.31,375.0,0.5,5.0,0.67,300.0,0.17,0.17,615.974,1776205209000
1776205211.223,11.223,0.5,5.0,0.33,300.0,0.67,300.0,0.69,375.0,0.33,300.0,0.31,375.0,0.5,5.0,0.67,300.0,0.17,0.17,615.974,1776205210000
1776205212.718,12.718,0.5,5.0,0.33,300.0,0.67,300.0,0.69,375.0,0.33,300.0,0.31,375.0,0.5,5.0,0.67,300.0,0.17,0.17,615.925492,1776205211000
1776205213.415,13.415,0.5,5.0,0.33,300.0,0.67,300.0,0.69,375.0,0.33,300.0,0.31,375.0,0.5,5.0,0.67,300.0,0.17,0.17,615.917165,1776205212000
1776205214.082,14.082,0.5,5.0,0.33,300.0,0.67,300.0,0.69,375.0,0.33,300.0,0.31,375.0,0.5,5.0,0.67,300.0,0.17,0.17,615.919444,1776205213000
1776205215.283,15.283,0.5,5.0,0.33,300.0,0.67,300.0,0.69,375.0,0.33,300.0,0.31,375.0,0.5,5.0,0.67,300.0,0.17,0.17,615.943,1776205214000
1776205216.049,16.049,0.5,5.0,0.33,300.0,0.67,300.0,0.69,375.0,0.33,300.0,0.31,375.0,0.5,5.0,0.67,300.0,0.17,0.17,615.943,1776205215000
1776205217.525,17.525,0.5,5.0,0.33,300.0,0.67,300.0,0.69,375.0,0.33,300.0,0.31,375.0,0.5,5.0,0.67,300.0,0.17,0.17,615.936,1776205216000
1776205218.202,18.202,0.5,5.0,0.33,300.0,0.67,300.0,0.69,375.0,0.33,300.0,0.31,375.0,0.5,5.0,0.67,300.0,0.17,0.17,615.931,1776205217000
1776205219.575,19.575,0.5,5.0,0.33,300.0,0.67,300.0,0.69,375.0,0.33,300.0,0.31,375.0,0.5,5.0,0.67,300.0,0.17,0.17,615.902,1776205218000
1776205220.363,20.363,0.5,5.0,0.33,300.0,0.67,300.0,0.69,375.0,0.33,300.0,0.31,375.0,0.5,5.0,0.67,300.0,0.17,0.17,615.902,1776205219000
1776205221.048,21.048,0.5,5.0,0.33,300.0,0.67,300.0,0.69,375.0,0.33,300.0,0.31,375.0,0.5,5.0,0.67,300.0,0.17,0.17,615.891,1776205220000
1776205221.561,21.561,0.34,5.0,0.33,5.0,0.4,23.0,0.42,5.0,0.33,300.0,0.31,375.0,0.5,5.0,0.67,300.0,0.06,0.17,615.891,1776205220000
1776205222.312,22.312,0.34,5.0,0.33,5.0,0.4,23.0,0.42,5.0,0.6,23.0,0.58,5.0,0.66,5.0,0.67,5.0,0.06,0.06,615.806353,1776205221000
1776205222.907,22.907,0.34,5.0,0.33,5.0,0.4,23.0,0.42,5.0,0.6,23.0,0.58,5.0,0.66,5.0,0.67,5.0,0.06,0.06,615.801,1776205222000
1776205224.015,24.015,0.34,5.0,0.33,5.0,0.4,23.0,0.42,5.0,0.6,23.0,0.58,5.0,0.66,5.0,0.67,5.0,0.06,0.06,615.719,1776205223000
1776205225.343,25.343,0.34,5.0,0.33,5.0,0.4,23.0,0.42,5.0,0.6,23.0,0.58,5.0,0.66,5.0,0.67,5.0,0.06,0.06,615.722,1776205224000
1776205226.424,26.424,0.34,5.0,0.33,5.0,0.4,23.0,0.42,5.0,0.6,23.0,0.58,5.0,0.66,5.0,0.67,5.0,0.06,0.06,615.72,1776205225000
1776205226.972,26.972,0.34,5.0,0.33,5.0,0.4,23.0,0.42,5.0,0.6,23.0,0.58,5.0,0.66,5.0,0.67,5.0,0.06,0.06,615.717,1776205226000
1776205227.723,27.723,0.23,3.57,0.22,5.0,0.25,5.0,0.31,35.0,0.6,23.0,0.58,5.0,0.66,5.0,0.67,5.0,0.02,0.06,615.717,1776205226000
1776205228.08,28.08,0.23,3.57,0.22,5.0,0.25,5.0,0.31,35.0,0.75,5.0,0.69,35.0,0.77,3.57,0.78,5.0,0.02,0.02,615.710598,1776205227000
1776205228.303,28.303,0.2,5.0,0.17,15.0,0.25,14.38,0.31,5.0,0.75,5.0,0.69,35.0,0.77,3.57,0.78,5.0,0.05,0.02,615.710598,1776205227000
1776205229.201,29.201,0.2,5.0,0.17,15.0,0.25,14.38,0.31,5.0,0.75,14.38,0.69,5.0,0.8,5.0,0.83,15.0,0.05,0.05,615.56399,1776205228000
1776205229.797,29.797,0.17,5.0,0.16,10.0,0.25,14.38,0.27,5.0,0.75,14.38,0.69,5.0,0.8,5.0,0.83,15.0,0.08,0.05,615.56399,1776205228000
1776205230.742,30.742,0.17,5.0,0.16,10.0,0.25,14.38,0.27,5.0,0.75,14.38,0.73,5.0,0.83,5.0,0.84,10.0,0.08,0.08,615.439718,1776205229000
1776205231.346,31.346,0.17,5.0,0.16,10.0,0.25,14.38,0.27,5.0,0.75,14.38,0.73,5.0,0.83,5.0,0.84,10.0,0.08,0.08,615.439552,1776205230000
1776205231.961,31.961,0.17,5.0,0.16,10.0,0.25,14.38,0.27,5.0,0.75,14.38,0.73,5.0,0.83,5.0,0.84,10.0,0.08,0.08,615.438814,1776205231000
1776205233.144,33.144,0.17,5.0,0.16,10.0,0.25,14.38,0.27,5.0,0.75,14.38,0.73,5.0,0.83,5.0,0.84,10.0,0.08,0.08,615.438934,1776205232000
1776205234.432,34.432,0.17,5.0,0.16,10.0,0.25,14.38,0.27,5.0,0.75,14.38,0.73,5.0,0.83,5.0,0.84,10.0,0.08,0.08,615.437885,1776205233000
1776205235.052,35.052,0.17,5.0,0.16,10.0,0.25,14.38,0.27,5.0,0.75,14.38,0.73,5.0,0.83,5.0,0.84,10.0,0.08,0.08,615.437709,1776205234000
1776205236.234,36.234,0.17,5.0,0.16,10.0,0.25,14.38,0.27,5.0,0.75,14.38,0.73,5.0,0.83,5.0,0.84,10.0,0.08,0.08,615.43818,1776205235000
1776205237.503,37.503,0.17,5.0,0.16,10.0,0.25,14.38,0.27,5.0,0.75,14.38,0.73,5.0,0.83,5.0,0.84,10.0,0.08,0.08,615.451,1776205236000
1776205237.982,37.982,0.17,5.0,0.16,10.0,0.25,14.38,0.27,5.0,0.75,14.38,0.73,5.0,0.83,5.0,0.84,10.0,0.08,0.08,615.451,1776205237000
1776205240.84,40.84,0.17,5.0,0.16,10.0,0.25,14.38,0.27,5.0,0.75,14.38,0.73,5.0,0.83,5.0,0.84,10.0,0.08,0.08,615.453,1776205239000
1776205241.343,41.343,0.17,5.0,0.16,10.0,0.25,14.38,0.27,5.0,0.75,14.38,0.73,5.0,0.83,5.0,0.84,10.0,0.08,0.08,615.451,1776205240000
1776205241.875,41.875,0.17,5.0,0.16,10.0,0.25,14.38,0.27,5.0,0.75,14.38,0.73,5.0,0.83,5.0,0.84,10.0,0.08,0.08,615.451,1776205241000
1776205243.141,43.141,0.17,5.0,0.16,10.0,0.25,14.38,0.27,5.0,0.75,14.38,0.73,5.0,0.83,5.0,0.84,10.0,0.08,0.08,615.448435,1776205242000
1776205244.527,44.527,0.17,5.0,0.16,10.0,0.25,14.38,0.27,5.0,0.75,14.38,0.73,5.0,0.83,5.0,0.84,10.0,0.08,0.08,615.450665,1776205243000
1776205245.367,45.367,0.17,5.0,0.16,10.0,0.25,14.38,0.27,5.0,0.75,14.38,0.73,5.0,0.83,5.0,0.84,10.0,0.08,0.08,615.476,1776205244000
1776205245.937,45.937,0.17,5.0,0.16,10.0,0.25,14.38,0.27,5.0,0.75,14.38,0.73,5.0,0.83,5.0,0.84,10.0,0.08,0.08,615.476,1776205245000
1776205247.385,47.385,0.17,5.0,0.16,10.0,0.25,14.38,0.27,5.0,0.75,14.38,0.73,5.0,0.83,5.0,0.84,10.0,0.08,0.08,615.466588,1776205246000
1776205248.767,48.767,0.17,5.0,0.16,10.0,0.25,14.38,0.27,5.0,0.75,14.38,0.73,5.0,0.83,5.0,0.84,10.0,0.08,0.08,615.47798,1776205247000
1776205249.363,49.363,0.17,5.0,0.16,10.0,0.25,14.38,0.27,5.0,0.75,14.38,0.73,5.0,0.83,5.0,0.84,10.0,0.08,0.08,615.481938,1776205248000
1776205249.925,49.925,0.17,5.0,0.16,10.0,0.25,14.38,0.27,5.0,0.75,14.38,0.73,5.0,0.83,5.0,0.84,10.0,0.08,0.08,615.389904,1776205249000
1776205250.939,50.939,0.17,5.0,0.16,10.0,0.25,14.38,0.27,5.0,0.75,14.38,0.73,5.0,0.83,5.0,0.84,10.0,0.08,0.08,615.34097,1776205250000
1776205252.042,52.042,0.17,5.0,0.16,10.0,0.25,14.38,0.27,5.0,0.75,14.38,0.73,5.0,0.83,5.0,0.84,10.0,0.08,0.08,615.395371,1776205251000
1776205253.344,53.344,0.17,5.0,0.16,10.0,0.25,14.38,0.27,5.0,0.75,14.38,0.73,5.0,0.83,5.0,0.84,10.0,0.08,0.08,615.411,1776205252000
1776205253.947,53.947,0.17,5.0,0.16,10.0,0.25,14.38,0.27,5.0,0.75,14.38,0.73,5.0,0.83,5.0,0.84,10.0,0.08,0.08,615.411,1776205253000
1776205255.035,55.035,0.17,5.0,0.16,10.0,0.25,14.38,0.27,5.0,0.75,14.38,0.73,5.0,0.83,5.0,0.84,10.0,0.08,0.08,615.439,1776205254000
1776205256.162,56.162,0.17,5.0,0.16,10.0,0.25,14.38,0.27,5.0,0.75,14.38,0.73,5.0,0.83,5.0,0.84,10.0,0.08,0.08,615.439,1776205255000
1776205257.292,57.292,0.17,5.0,0.16,10.0,0.25,14.38,0.27,5.0,0.75,14.38,0.73,5.0,0.83,5.0,0.84,10.0,0.08,0.08,615.428,1776205256000
1776205258.473,58.473,0.17,5.0,0.16,10.0,0.25,14.38,0.27,5.0,0.75,14.38,0.73,5.0,0.83,5.0,0.84,10.0,0.08,0.08,615.442,1776205257000
1776205259.083,59.083,0.17,5.0,0.16,10.0,0.25,14.38,0.27,5.0,0.75,14.38,0.73,5.0,0.83,5.0,0.84,10.0,0.08,0.08,615.442,1776205258000
1776205260.157,60.157,0.17,5.0,0.16,10.0,0.25,14.38,0.27,5.0,0.75,14.38,0.73,5.0,0.83,5.0,0.84,10.0,0.08,0.08,615.493,1776205259000
1776205261.249,61.249,0.17,5.0,0.16,10.0,0.25,14.38,0.27,5.0,0.75,14.38,0.73,5.0,0.83,5.0,0.84,10.0,0.08,0.08,615.506322,1776205260000
1776205262.384,62.384,0.17,5.0,0.16,10.0,0.25,14.38,0.27,5.0,0.75,14.38,0.73,5.0,0.83,5.0,0.84,10.0,0.08,0.08,615.507381,1776205261000
1776205262.989,62.989,0.17,5.0,0.16,10.0,0.25,14.38,0.27,5.0,0.75,14.38,0.73,5.0,0.83,5.0,0.84,10.0,0.08,0.08,615.508,1776205262000
1776205264.069,64.069,0.17,5.0,0.16,10.0,0.25,14.38,0.27,5.0,0.75,14.38,0.73,5.0,0.83,5.0,0.84,10.0,0.08,0.08,615.518,1776205263000
1776205265.212,65.212,0.17,5.0,0.16,10.0,0.25,14.38,0.27,5.0,0.75,14.38,0.73,5.0,0.83,5.0,0.84,10.0,0.08,0.08,615.52,1776205264000
1776205266.29,66.29,0.17,5.0,0.16,10.0,0.25,14.38,0.27,5.0,0.75,14.38,0.73,5.0,0.83,5.0,0.84,10.0,0.08,0.08,615.4884,1776205265000
1776205267.352,67.352,0.17,5.0,0.16,10.0,0.25,14.38,0.27,5.0,0.75,14.38,0.73,5.0,0.83,5.0,0.84,10.0,0.08,0.08,615.4884,1776205266000
1776205267.943,67.943,0.17,5.0,0.16,10.0,0.25,14.38,0.27,5.0,0.75,14.38,0.73,5.0,0.83,5.0,0.84,10.0,0.08,0.08,615.4884,1776205267000
1776205269.137,69.137,0.17,5.0,0.16,10.0,0.25,14.38,0.27,5.0,0.75,14.38,0.73,5.0,0.83,5.0,0.84,10.0,0.08,0.08,615.497971,1776205268000
1776205270.146,70.146,0.17,5.0,0.16,10.0,0.25,14.38,0.27,5.0,0.75,14.38,0.73,5.0,0.83,5.0,0.84,10.0,0.08,0.08,615.497483,1776205269000
1776205271.847,71.847,0.17,5.0,0.16,10.0,0.25,14.38,0.27,5.0,0.75,14.38,0.73,5.0,0.83,5.0,0.84,10.0,0.08,0.08,615.493838,1776205270000
1776205272.313,72.313,0.17,5.0,0.16,10.0,0.25,14.38,0.27,5.0,0.75,14.38,0.73,5.0,0.83,5.0,0.84,10.0,0.08,0.08,615.493999,1776205271000
1776205273.362,73.362,0.17,5.0,0.16,10.0,0.25,14.38,0.27,5.0,0.75,14.38,0.73,5.0,0.83,5.0,0.84,10.0,0.08,0.08,615.495601,1776205272000
1776205273.965,73.965,0.17,5.0,0.16,10.0,0.25,14.38,0.27,5.0,0.75,14.38,0.73,5.0,0.83,5.0,0.84,10.0,0.08,0.08,615.495565,1776205273000
1776205275.031,75.031,0.17,5.0,0.16,10.0,0.25,14.38,0.27,5.0,0.75,14.38,0.73,5.0,0.83,5.0,0.84,10.0,0.08,0.08,615.495565,1776205274000
1776205275.811,75.811,0.15,15.39,0.14,26.6,0.26,13.5,0.27,13.2,0.75,14.38,0.73,5.0,0.83,5.0,0.84,10.0,0.11,0.08,615.495565,1776205274000
1776205276.087,76.087,0.15,15.39,0.14,26.6,0.26,13.5,0.27,13.2,0.74,13.5,0.73,13.2,0.85,15.39,0.86,26.6,0.11,0.11,615.498119,1776205275000
1776205276.335,76.335,0.19,3.65,0.15,15.39,0.26,22.5,0.27,13.2,0.74,13.5,0.73,13.2,0.85,15.39,0.86,26.6,0.07,0.11,615.498119,1776205275000
1776205277.188,77.188,0.19,3.65,0.15,15.39,0.26,22.5,0.27,13.2,0.74,22.5,0.73,13.2,0.81,3.65,0.85,15.39,0.07,0.07,615.498003,1776205276000
1776205278.205,78.205,0.19,3.65,0.15,15.39,0.26,22.5,0.27,13.2,0.74,22.5,0.73,13.2,0.81,3.65,0.85,15.39,0.07,0.07,615.497784,1776205277000
1776205279.153,79.153,0.19,3.65,0.15,15.39,0.26,22.5,0.27,13.2,0.74,22.5,0.73,13.2,0.81,3.65,0.85,15.39,0.07,0.07,615.497784,1776205278000
1776205280.194,80.194,0.19,3.65,0.15,15.39,0.26,22.5,0.27,13.2,0.74,22.5,0.73,13.2,0.81,3.65,0.85,15.39,0.07,0.07,615.497815,1776205279000
1776205281.382,81.382,0.19,3.65,0.15,15.39,0.26,22.5,0.27,13.2,0.74,22.5,0.73,13.2,0.81,3.65,0.85,15.39,0.07,0.07,615.498624,1776205280000
1776205282.205,82.205,0.19,3.65,0.15,15.39,0.26,22.5,0.27,13.2,0.74,22.5,0.73,13.2,0.81,3.65,0.85,15.39,0.07,0.07,615.49986,1776205281000
1776205283.293,83.293,0.19,3.65,0.15,15.39,0.26,22.5,0.27,13.2,0.74,22.5,0.73,13.2,0.81,3.65,0.85,15.39,0.07,0.07,615.503067,1776205282000
1776205284.337,84.337,0.19,3.65,0.15,15.39,0.26,22.5,0.27,13.2,0.74,22.5,0.73,13.2,0.81,3.65,0.85,15.39,0.07,0.07,615.50313,1776205283000
1776205286.536,86.536,0.19,3.65,0.15,15.39,0.26,22.5,0.27,13.2,0.74,22.5,0.73,13.2,0.81,3.65,0.85,15.39,0.07,0.07,615.498024,1776205285000
1776205287.119,87.119,0.19,3.65,0.15,15.39,0.26,22.5,0.27,13.2,0.74,22.5,0.73,13.2,0.81,3.65,0.85,15.39,0.07,0.07,615.496889,1776205286000
1776205288.228,88.228,0.19,3.65,0.15,15.39,0.26,22.5,0.27,13.2,0.74,22.5,0.73,13.2,0.81,3.65,0.85,15.39,0.07,0.07,615.496985,1776205287000
1776205289.168,89.168,0.19,3.65,0.15,15.39,0.26,22.5,0.27,13.2,0.74,22.5,0.73,13.2,0.81,3.65,0.85,15.39,0.07,0.07,615.498443,1776205288000
1776205290.243,90.243,0.19,3.65,0.15,15.39,0.26,22.5,0.27,13.2,0.74,22.5,0.73,13.2,0.81,3.65,0.85,15.39,0.07,0.07,615.499354,1776205289000
1776205291.285,91.285,0.19,3.65,0.15,15.39,0.26,22.5,0.27,13.2,0.74,22.5,0.73,13.2,0.81,3.65,0.85,15.39,0.07,0.07,615.497658,1776205290000
1776205292.279,92.279,0.19,3.65,0.15,15.39,0.26,22.5,0.27,13.2,0.74,22.5,0.73,13.2,0.81,3.65,0.85,15.39,0.07,0.07,615.497091,1776205291000
1776205293.221,93.221,0.19,3.65,0.15,15.39,0.26,22.5,0.27,13.2,0.74,22.5,0.73,13.2,0.81,3.65,0.85,15.39,0.07,0.07,615.494705,1776205292000
1776205294.171,94.171,0.19,3.65,0.15,15.39,0.26,22.5,0.27,13.2,0.74,22.5,0.73,13.2,0.81,3.65,0.85,15.39,0.07,0.07,615.494705,1776205293000
1776205295.131,95.131,0.19,3.65,0.15,15.39,0.26,22.5,0.27,13.2,0.74,22.5,0.73,13.2,0.81,3.65,0.85,15.39,0.07,0.07,615.494847,1776205294000
1776205296.062,96.062,0.19,3.65,0.15,15.39,0.26,22.5,0.27,13.2,0.74,22.5,0.73,13.2,0.81,3.65,0.85,15.39,0.07,0.07,615.494846,1776205295000
1776205297.077,97.077,0.19,3.65,0.15,15.39,0.26,22.5,0.27,13.2,0.74,22.5,0.73,13.2,0.81,3.65,0.85,15.39,0.07,0.07,615.494779,1776205296000
1776205298.089,98.089,0.19,3.65,0.15,15.39,0.26,22.5,0.27,13.2,0.74,22.5,0.73,13.2,0.81,3.65,0.85,15.39,0.07,0.07,615.494175,1776205297000
1776205299.887,99.887,0.19,3.65,0.15,15.39,0.26,22.5,0.27,13.2,0.74,22.5,0.73,13.2,0.81,3.65,0.85,15.39,0.07,0.07,615.461,1776205298000
1776205300.64,100.64,0.19,3.65,0.15,15.39,0.26,22.5,0.27,13.2,0.74,22.5,0.73,13.2,0.81,3.65,0.85,15.39,0.07,0.07,615.472,1776205299000
1776205301.238,101.238,0.19,3.65,0.15,15.39,0.26,22.5,0.27,13.2,0.74,22.5,0.73,13.2,0.81,3.65,0.85,15.39,0.07,0.07,615.472,1776205300000
1776205302.409,102.409,0.19,3.65,0.15,15.39,0.26,22.5,0.27,13.2,0.74,22.5,0.73,13.2,0.81,3.65,0.85,15.39,0.07,0.07,615.466,1776205301000
1776205303.019,103.019,0.19,3.65,0.15,15.39,0.26,22.5,0.27,13.2,0.74,22.5,0.73,13.2,0.81,3.65,0.85,15.39,0.07,0.07,615.466,1776205302000
1776205304.456,104.456,0.19,3.65,0.15,15.39,0.26,22.5,0.27,13.2,0.74,22.5,0.73,13.2,0.81,3.65,0.85,15.39,0.07,0.07,615.46,1776205303000
1776205305.073,105.073,0.19,3.65,0.15,15.39,0.26,22.5,0.27,13.2,0.74,22.5,0.73,13.2,0.81,3.65,0.85,15.39,0.07,0.07,615.46,1776205304000
1776205306.271,106.271,0.19,3.65,0.15,15.39,0.26,22.5,0.27,13.2,0.74,22.5,0.73,13.2,0.81,3.65,0.85,15.39,0.07,0.07,615.467,1776205305000
1776205307.486,107.486,0.19,3.65,0.15,15.39,0.26,22.5,0.27,13.2,0.74,22.5,0.73,13.2,0.81,3.65,0.85,15.39,0.07,0.07,615.47,1776205306000
1776205308.046,108.046,0.19,3.65,0.15,15.39,0.26,22.5,0.27,13.2,0.74,22.5,0.73,13.2,0.81,3.65,0.85,15.39,0.07,0.07,615.47,1776205307000
1776205309.317,109.317,0.19,3.65,0.15,15.39,0.26,22.5,0.27,13.2,0.74,22.5,0.73,13.2,0.81,3.65,0.85,15.39,0.07,0.07,615.423,1776205308000
1776205310.472,110.472,0.19,3.65,0.15,15.39,0.26,22.5,0.27,13.2,0.74,22.5,0.73,13.2,0.81,3.65,0.85,15.39,0.07,0.07,615.378773,1776205309000
1776205311.282,111.282,0.19,3.65,0.15,15.39,0.26,22.5,0.27,13.2,0.74,22.5,0.73,13.2,0.81,3.65,0.85,15.39,0.07,0.07,615.358062,1776205310000
1776205312.631,112.631,0.19,3.65,0.15,15.39,0.26,22.5,0.27,13.2,0.74,22.5,0.73,13.2,0.81,3.65,0.85,15.39,0.07,0.07,615.28,1776205311000
1776205313.245,113.245,0.05,49.7,0.04,102.7,0.09,31.7,0.1,28.9,0.91,31.7,0.9,28.9,0.95,49.7,0.96,102.7,0.04,0.04,615.28,1776205312000
1776205314.466,114.466,0.05,49.7,0.04,102.7,0.09,31.7,0.1,28.9,0.91,31.7,0.9,28.9,0.95,49.7,0.96,102.7,0.04,0.04,615.276,1776205313000
1776205315.099,115.099,0.05,49.7,0.04,102.7,0.09,31.7,0.1,28.9,0.91,31.7,0.9,28.9,0.95,49.7,0.96,102.7,0.04,0.04,615.28,1776205314000
1776205316.226,116.226,0.05,49.7,0.04,102.7,0.09,31.7,0.1,28.9,0.91,31.7,0.9,28.9,0.95,49.7,0.96,102.7,0.04,0.04,615.28,1776205315000
1776205316.906,116.906,0.05,49.7,0.04,102.7,0.09,31.7,0.1,28.9,0.91,31.7,0.9,28.9,0.95,49.7,0.96,102.7,0.04,0.04,615.249,1776205316000
1776205317.944,117.944,0.05,49.7,0.04,102.7,0.09,31.7,0.1,28.9,0.91,31.7,0.9,28.9,0.95,49.7,0.96,102.7,0.04,0.04,615.258,1776205317000
1776205319.027,119.027,0.05,49.7,0.04,102.7,0.09,31.7,0.1,28.9,0.91,31.7,0.9,28.9,0.95,49.7,0.96,102.7,0.04,0.04,615.295,1776205318000
1776205320.054,120.054,0.05,49.7,0.04,102.7,0.09,31.7,0.1,28.9,0.91,31.7,0.9,28.9,0.95,49.7,0.96,102.7,0.04,0.04,615.305,1776205319000
1776205321.16,121.16,0.05,49.7,0.04,102.7,0.09,31.7,0.1,28.9,0.91,31.7,0.9,28.9,0.95,49.7,0.96,102.7,0.04,0.04,615.307,1776205320000
1776205322.285,122.285,0.05,49.7,0.04,102.7,0.09,31.7,0.1,28.9,0.91,31.7,0.9,28.9,0.95,49.7,0.96,102.7,0.04,0.04,615.308,1776205321000
1776205323.475,123.475,0.05,49.7,0.04,102.7,0.09,31.7,0.1,28.9,0.91,31.7,0.9,28.9,0.95,49.7,0.96,102.7,0.04,0.04,615.315,1776205322000
1776205324.054,124.054,0.05,49.7,0.04,102.7,0.09,31.7,0.1,28.9,0.91,31.7,0.9,28.9,0.95,49.7,0.96,102.7,0.04,0.04,615.315,1776205323000
1776205325.126,125.126,0.05,49.7,0.04,102.7,0.09,31.7,0.1,28.9,0.91,31.7,0.9,28.9,0.95,49.7,0.96,102.7,0.04,0.04,615.302,1776205324000
1776205326.248,126.248,0.05,49.7,0.04,102.7,0.09,31.7,0.1,28.9,0.91,31.7,0.9,28.9,0.95,49.7,0.96,102.7,0.04,0.04,615.299,1776205325000
1776205327.219,127.219,0.05,49.7,0.04,102.7,0.09,31.7,0.1,28.9,0.91,31.7,0.9,28.9,0.95,49.7,0.96,102.7,0.04,0.04,615.298,1776205326000
1776205328.438,128.438,0.05,49.7,0.04,102.7,0.09,31.7,0.1,28.9,0.91,31.7,0.9,28.9,0.95,49.7,0.96,102.7,0.04,0.04,615.325,1776205327000
1776205329.05,129.05,0.05,49.7,0.04,102.7,0.09,31.7,0.1,28.9,0.91,31.7,0.9,28.9,0.95,49.7,0.96,102.7,0.04,0.04,615.32073,1776205328000
1776205330.897,130.897,0.05,49.7,0.04,102.7,0.09,31.7,0.1,28.9,0.91,31.7,0.9,28.9,0.95,49.7,0.96,102.7,0.04,0.04,615.299,1776205329000
1776205331.129,131.129,0.04,20.0,0.03,125.38,0.07,39.9,0.08,35.29,0.91,31.7,0.9,28.9,0.95,49.7,0.96,102.7,0.03,0.04,615.299,1776205329000
1776205331.571,131.571,0.04,20.0,0.03,125.38,0.07,39.9,0.08,35.29,0.93,39.9,0.92,35.29,0.96,20.0,0.97,125.38,0.03,0.03,615.306,1776205330000
1776205332.329,132.329,0.04,20.0,0.03,125.38,0.07,39.9,0.08,35.29,0.93,39.9,0.92,35.29,0.96,20.0,0.97,125.38,0.03,0.03,615.285,1776205331000
1776205332.865,132.865,0.04,20.0,0.03,125.38,0.07,39.9,0.08,35.29,0.93,39.9,0.92,35.29,0.96,20.0,0.97,125.38,0.03,0.03,615.270541,1776205332000
1776205334.115,134.115,0.04,20.0,0.03,125.38,0.07,39.9,0.08,35.29,0.93,39.9,0.92,35.29,0.96,20.0,0.97,125.38,0.03,0.03,615.216,1776205333000
1776205335.334,135.334,0.04,20.0,0.03,125.38,0.07,39.9,0.08,35.29,0.93,39.9,0.92,35.29,0.96,20.0,0.97,125.38,0.03,0.03,615.212,1776205334000
1776205336.406,136.406,0.04,20.0,0.03,125.38,0.07,39.9,0.08,35.29,0.93,39.9,0.92,35.29,0.96,20.0,0.97,125.38,0.03,0.03,615.209,1776205335000
1776205336.942,136.942,0.04,20.0,0.03,125.38,0.07,39.9,0.08,35.29,0.93,39.9,0.92,35.29,0.96,20.0,0.97,125.38,0.03,0.03,615.212,1776205336000
1776205338.06,138.06,0.04,20.0,0.03,125.38,0.07,39.9,0.08,35.29,0.93,39.9,0.92,35.29,0.96,20.0,0.97,125.38,0.03,0.03,615.211,1776205337000
1776205339.159,139.159,0.04,20.0,0.03,125.38,0.07,39.9,0.08,35.29,0.93,39.9,0.92,35.29,0.96,20.0,0.97,125.38,0.03,0.03,615.187,1776205338000
1776205340.276,140.276,0.04,20.0,0.03,125.38,0.07,39.9,0.08,35.29,0.93,39.9,0.92,35.29,0.96,20.0,0.97,125.38,0.03,0.03,615.221,1776205339000
1776205341.338,141.338,0.04,20.0,0.03,125.38,0.07,39.9,0.08,35.29,0.93,39.9,0.92,35.29,0.96,20.0,0.97,125.38,0.03,0.03,615.221,1776205340000
1776205341.558,141.558,0.04,9.79,0.03,125.38,0.06,46.1,0.07,45.28,0.93,39.9,0.92,35.29,0.96,20.0,0.97,125.38,0.02,0.03,615.221,1776205340000
1776205341.835,141.835,0.04,8.22,0.03,125.38,0.06,46.1,0.07,45.28,0.94,46.1,0.93,45.28,0.96,9.79,0.97,125.38,0.02,0.02,615.221,1776205340000
1776205343.019,143.019,0.04,8.22,0.03,125.38,0.06,46.1,0.07,45.28,0.94,46.1,0.93,45.28,0.96,8.22,0.97,125.38,0.02,0.02,615.227,1776205342000
1776205344.125,144.125,0.04,8.22,0.03,125.38,0.06,46.1,0.07,45.28,0.94,46.1,0.93,45.28,0.96,8.22,0.97,125.38,0.02,0.02,615.236,1776205343000
1776205345.998,145.998,0.04,8.22,0.03,125.38,0.06,46.1,0.07,45.28,0.94,46.1,0.93,45.28,0.96,8.22,0.97,125.38,0.02,0.02,615.248,1776205344000
1776205346.525,146.525,0.04,8.22,0.03,125.38,0.06,46.1,0.07,45.28,0.94,46.1,0.93,45.28,0.96,8.22,0.97,125.38,0.02,0.02,615.248,1776205345000
1776205346.965,146.965,0.04,8.22,0.03,125.38,0.06,46.1,0.07,45.28,0.94,46.1,0.93,45.28,0.96,8.22,0.97,125.38,0.02,0.02,615.248,1776205346000
1776205347.634,147.634,0.04,8.01,0.03,125.38,0.06,46.1,0.07,39.9,0.94,46.1,0.93,45.28,0.96,8.22,0.97,125.38,0.02,0.02,615.248,1776205346000
1776205347.969,147.969,0.04,8.01,0.03,125.38,0.06,46.1,0.07,39.9,0.94,46.1,0.93,39.9,0.96,8.01,0.97,125.38,0.02,0.02,615.238,1776205347000
1776205348.95,148.95,0.04,8.01,0.03,125.38,0.06,46.1,0.07,39.9,0.94,46.1,0.93,39.9,0.96,8.01,0.97,125.38,0.02,0.02,615.243,1776205348000
1776205349.914,149.914,0.04,8.01,0.03,125.38,0.06,46.1,0.07,39.9,0.94,46.1,0.93,39.9,0.96,8.01,0.97,125.38,0.02,0.02,615.208,1776205349000
1776205350.837,150.837,0.04,8.01,0.03,125.38,0.06,46.1,0.07,39.9,0.94,46.1,0.93,39.9,0.96,8.01,0.97,125.38,0.02,0.02,615.26,1776205350000
1776205351.839,151.839,0.04,8.01,0.03,125.38,0.06,46.1,0.07,39.9,0.94,46.1,0.93,39.9,0.96,8.01,0.97,125.38,0.02,0.02,615.264,1776205351000
1776205353.274,153.274,0.04,8.01,0.03,125.38,0.06,46.1,0.07,39.9,0.94,46.1,0.93,39.9,0.96,8.01,0.97,125.38,0.02,0.02,615.266,1776205352000
1776205354.207,154.207,0.04,8.01,0.03,125.38,0.06,46.1,0.07,39.9,0.94,46.1,0.93,39.9,0.96,8.01,0.97,125.38,0.02,0.02,615.274,1776205353000
1776205355.196,155.196,0.04,8.01,0.03,125.38,0.06,46.1,0.07,39.9,0.94,46.1,0.93,39.9,0.96,8.01,0.97,125.38,0.02,0.02,615.273,1776205354000
1776205355.403,155.403,0.04,6.96,0.03,36.08,0.05,54.7,0.06,46.1,0.94,46.1,0.93,39.9,0.96,8.01,0.97,125.38,0.01,0.02,615.273,1776205354000
1776205356.155,156.155,0.04,6.96,0.03,36.08,0.05,54.7,0.06,46.1,0.95,54.7,0.94,46.1,0.96,6.96,0.97,36.08,0.01,0.01,615.273,1776205355000
1776205356.416,156.416,0.04,1.4,0.03,36.08,0.05,5.0,0.07,39.9,0.95,54.7,0.94,46.1,0.96,6.96,0.97,36.08,0.01,0.01,615.273,1776205355000
1776205356.996,156.996,0.03,116.45,0.02,148.69,0.05,3.45,0.07,39.9,0.95,5.0,0.93,39.9,0.97,116.45,0.98,148.69,0.02,0.02,615.273,1776205355000
1776205357.212,157.212,0.03,116.45,0.02,148.69,0.05,3.45,0.07,39.9,0.95,3.45,0.93,39.9,0.97,116.45,0.98,148.69,0.02,0.02,615.268636,1776205356000
1776205358.755,158.755,0.03,116.45,0.02,148.69,0.05,3.45,0.07,39.9,0.95,3.45,0.93,39.9,0.97,116.45,0.98,148.69,0.02,0.02,615.282,1776205357000
1776205359.447,159.447,0.03,116.45,0.02,148.69,0.05,3.45,0.07,39.9,0.95,3.45,0.93,39.9,0.97,116.45,0.98,148.69,0.02,0.02,615.33,1776205358000
1776205360.045,160.045,0.03,116.45,0.02,148.69,0.05,3.45,0.07,39.9,0.95,3.45,0.93,39.9,0.97,116.45,0.98,148.69,0.02,0.02,615.33,1776205359000
1776205361.467,161.467,0.03,116.45,0.02,148.69,0.05,3.45,0.07,39.9,0.95,3.45,0.93,39.9,0.97,116.45,0.98,148.69,0.02,0.02,615.319,1776205360000
1776205362.119,162.119,0.03,116.45,0.02,148.69,0.05,3.45,0.07,39.9,0.95,3.45,0.93,39.9,0.97,116.45,0.98,148.69,0.02,0.02,615.319,1776205361000
1776205363.584,163.584,0.03,116.45,0.02,148.69,0.05,3.45,0.07,39.9,0.95,3.45,0.93,39.9,0.97,116.45,0.98,148.69,0.02,0.02,615.296657,1776205362000
1776205364.213,164.213,0.03,116.45,0.02,148.69,0.05,3.45,0.07,39.9,0.95,3.45,0.93,39.9,0.97,116.45,0.98,148.69,0.02,0.02,615.296657,1776205363000
1776205365.434,165.434,0.03,116.45,0.02,148.69,0.05,3.45,0.07,39.9,0.95,3.45,0.93,39.9,0.97,116.45,0.98,148.69,0.02,0.02,615.341,1776205364000
1776205366.12,166.12,0.03,116.45,0.02,148.69,0.05,3.45,0.07,39.9,0.95,3.45,0.93,39.9,0.97,116.45,0.98,148.69,0.02,0.02,615.345,1776205365000
1776205367.289,167.289,0.03,116.45,0.02,148.69,0.05,3.45,0.07,39.9,0.95,3.45,0.93,39.9,0.97,116.45,0.98,148.69,0.02,0.02,615.344,1776205366000
1776205368.555,168.555,0.03,116.45,0.02,148.69,0.05,3.45,0.07,39.9,0.95,3.45,0.93,39.9,0.97,116.45,0.98,148.69,0.02,0.02,615.354851,1776205367000
1776205369.416,169.416,0.03,116.45,0.02,148.69,0.05,3.45,0.07,39.9,0.95,3.45,0.93,39.9,0.97,116.45,0.98,148.69,0.02,0.02,615.406,1776205368000
1776205369.997,169.997,0.03,116.45,0.02,148.69,0.05,3.45,0.07,39.9,0.95,3.45,0.93,39.9,0.97,116.45,0.98,148.69,0.02,0.02,615.406,1776205369000
1776205371.527,171.527,0.03,116.45,0.02,148.69,0.05,3.45,0.07,39.9,0.95,3.45,0.93,39.9,0.97,116.45,0.98,148.69,0.02,0.02,615.466,1776205370000
1776205372.116,172.116,0.03,116.45,0.02,148.69,0.05,3.45,0.07,39.9,0.95,3.45,0.93,39.9,0.97,116.45,0.98,148.69,0.02,0.02,615.478546,1776205371000
1776205373.445,173.445,0.03,116.45,0.02,148.69,0.05,3.45,0.07,39.9,0.95,3.45,0.93,39.9,0.97,116.45,0.98,148.69,0.02,0.02,615.478167,1776205372000
1776205374.064,174.064,0.03,116.45,0.02,148.69,0.05,3.45,0.07,39.9,0.95,3.45,0.93,39.9,0.97,116.45,0.98,148.69,0.02,0.02,615.478975,1776205373000
1776205377.746,177.746,0.03,116.45,0.02,148.69,0.05,3.45,0.07,39.9,0.95,3.45,0.93,39.9,0.97,116.45,0.98,148.69,0.02,0.02,615.432,1776205376000
1776205378.179,178.179,0.03,116.45,0.02,148.69,0.05,3.45,0.07,39.9,0.95,3.45,0.93,39.9,0.97,116.45,0.98,148.69,0.02,0.02,615.423,1776205377000
1776205379.208,179.208,0.03,116.45,0.02,148.69,0.05,3.45,0.07,39.9,0.95,3.45,0.93,39.9,0.97,116.45,0.98,148.69,0.02,0.02,615.42,1776205378000
1776205379.869,179.869,0.03,121.45,0.02,148.69,0.07,19.9,0.08,35.29,0.95,3.45,0.93,39.9,0.97,116.45,0.98,148.69,0.04,0.02,615.42,1776205378000
1776205380.22,180.22,0.03,121.45,0.02,148.69,0.07,19.9,0.08,35.29,0.93,19.9,0.92,35.29,0.97,121.45,0.98,148.69,0.04,0.04,615.427,1776205379000
1776205381.28,181.28,0.03,121.45,0.02,148.69,0.07,19.9,0.08,35.29,0.93,19.9,0.92,35.29,0.97,121.45,0.98,148.69,0.04,0.04,615.426,1776205380000
1776205382.16,182.16,0.03,121.45,0.02,148.69,0.07,19.9,0.08,35.29,0.93,19.9,0.92,35.29,0.97,121.45,0.98,148.69,0.04,0.04,615.416,1776205381000
1776205383.272,183.272,0.03,121.45,0.02,148.69,0.07,19.9,0.08,35.29,0.93,19.9,0.92,35.29,0.97,121.45,0.98,148.69,0.04,0.04,615.423,1776205382000
1776205384.173,184.173,0.03,121.45,0.02,148.69,0.07,19.9,0.08,35.29,0.93,19.9,0.92,35.29,0.97,121.45,0.98,148.69,0.04,0.04,615.421,1776205383000
1776205385.186,185.186,0.03,121.45,0.02,148.69,0.07,19.9,0.08,35.29,0.93,19.9,0.92,35.29,0.97,121.45,0.98,148.69,0.04,0.04,615.416,1776205384000
1776205386.13,186.13,0.03,121.45,0.02,148.69,0.07,19.9,0.08,35.29,0.93,19.9,0.92,35.29,0.97,121.45,0.98,148.69,0.04,0.04,615.416,1776205385000
1776205387.222,187.222,0.03,121.45,0.02,148.69,0.07,19.9,0.08,35.29,0.93,19.9,0.92,35.29,0.97,121.45,0.98,148.69,0.04,0.04,615.416,1776205386000
1776205388.047,188.047,0.03,121.45,0.02,148.69,0.07,19.9,0.08,35.29,0.93,19.9,0.92,35.29,0.97,121.45,0.98,148.69,0.04,0.04,615.415,1776205387000
1776205389.007,189.007,0.03,121.45,0.02,148.69,0.07,19.9,0.08,35.29,0.93,19.9,0.92,35.29,0.97,121.45,0.98,148.69,0.04,0.04,615.416,1776205388000
1776205390.739,190.739,0.03,121.45,0.02,148.69,0.07,19.9,0.08,35.29,0.93,19.9,0.92,35.29,0.97,121.45,0.98,148.69,0.04,0.04,615.344323,1776205389000
1776205391.245,191.245,0.03,121.45,0.02,148.69,0.07,19.9,0.08,35.29,0.93,19.9,0.92,35.29,0.97,121.45,0.98,148.69,0.04,0.04,615.347,1776205390000
1776205392.52,192.52,0.03,121.45,0.02,148.69,0.07,19.9,0.08,35.29,0.93,19.9,0.92,35.29,0.97,121.45,0.98,148.69,0.04,0.04,615.402,1776205391000
1776205393.309,193.309,0.03,121.45,0.02,148.69,0.07,19.9,0.08,35.29,0.93,19.9,0.92,35.29,0.97,121.45,0.98,148.69,0.04,0.04,615.402,1776205392000
1776205394.614,194.614,0.03,121.45,0.02,148.69,0.07,19.9,0.08,35.29,0.93,19.9,0.92,35.29,0.97,121.45,0.98,148.69,0.04,0.04,615.391,1776205393000
1776205395.485,195.485,0.03,121.45,0.02,148.69,0.07,19.9,0.08,35.29,0.93,19.9,0.92,35.29,0.97,121.45,0.98,148.69,0.04,0.04,615.391,1776205394000
1776205396.159,196.159,0.03,121.45,0.02,148.69,0.07,19.9,0.08,35.29,0.93,19.9,0.92,35.29,0.97,121.45,0.98,148.69,0.04,0.04,615.393,1776205395000
1776205397.528,197.528,0.03,121.45,0.02,148.69,0.07,19.9,0.08,35.29,0.93,19.9,0.92,35.29,0.97,121.45,0.98,148.69,0.04,0.04,615.473,1776205396000
1776205398.139,198.139,0.03,121.45,0.02,148.69,0.07,19.9,0.08,35.29,0.93,19.9,0.92,35.29,0.97,121.45,0.98,148.69,0.04,0.04,615.473,1776205397000
1776205398.53,198.53,0.04,49.2,0.03,121.45,0.08,35.29,0.09,31.7,0.93,19.9,0.92,35.29,0.97,121.45,0.98,148.69,0.04,0.04,615.473,1776205397000
1776205399.507,199.507,0.04,49.2,0.03,121.45,0.08,35.29,0.09,31.7,0.92,35.29,0.91,31.7,0.96,49.2,0.97,121.45,0.04,0.04,615.50431,1776205398000
1776205400.148,200.148,0.04,49.2,0.03,121.45,0.08,35.29,0.09,31.7,0.92,35.29,0.91,31.7,0.96,49.2,0.97,121.45,0.04,0.04,615.5032,1776205399000
1776205401.567,201.567,0.04,49.2,0.03,121.45,0.08,35.29,0.09,31.7,0.92,35.29,0.91,31.7,0.96,49.2,0.97,121.45,0.04,0.04,615.53156,1776205400000
1776205402.284,202.284,0.07,37.74,0.06,51.1,0.14,21.6,0.15,20.39,0.86,21.6,0.85,20.39,0.93,37.74,0.94,51.1,0.07,0.07,615.549,1776205401000
1776205403.078,203.078,0.07,37.74,0.06,51.1,0.14,21.6,0.15,20.39,0.86,21.6,0.85,20.39,0.93,37.74,0.94,51.1,0.07,0.07,615.549,1776205402000
1776205404.457,204.457,0.07,37.74,0.06,51.1,0.14,21.6,0.15,20.39,0.86,21.6,0.85,20.39,0.93,37.74,0.94,51.1,0.07,0.07,615.524,1776205403000
1776205404.923,204.923,0.07,35.58,0.06,51.1,0.13,23.0,0.14,21.6,0.86,21.6,0.85,20.39,0.93,37.74,0.94,51.1,0.06,0.07,615.524,1776205403000
1776205406.392,206.392,0.07,35.58,0.06,51.1,0.13,23.0,0.14,21.6,0.87,23.0,0.86,21.6,0.93,35.58,0.94,51.1,0.06,0.06,615.506,1776205405000
1776205407.416,207.416,0.07,35.58,0.06,51.1,0.13,23.0,0.14,21.6,0.87,23.0,0.86,21.6,0.93,35.58,0.94,51.1,0.06,0.06,615.515,1776205406000
1776205410.305,210.305,0.07,35.58,0.06,51.1,0.13,23.0,0.14,21.6,0.87,23.0,0.86,21.6,0.93,35.58,0.94,51.1,0.06,0.06,615.552,1776205407000
1776205411.066,211.066,0.07,35.58,0.06,51.1,0.13,23.0,0.14,21.6,0.87,23.0,0.86,21.6,0.93,35.58,0.94,51.1,0.06,0.06,615.534,1776205409000
1776205412.223,212.223,0.07,35.58,0.06,51.1,0.13,23.0,0.14,21.6,0.87,23.0,0.86,21.6,0.93,35.58,0.94,51.1,0.06,0.06,615.534,1776205410000
1776205412.924,212.924,0.07,35.58,0.06,51.1,0.13,23.0,0.14,21.6,0.87,23.0,0.86,21.6,0.93,35.58,0.94,51.1,0.06,0.06,615.53,1776205411000
1776205413.913,213.913,0.07,35.58,0.06,51.1,0.13,23.0,0.14,21.6,0.87,23.0,0.86,21.6,0.93,35.58,0.94,51.1,0.06,0.06,615.535,1776205412000
1776205414.605,214.605,0.07,35.58,0.06,51.1,0.13,23.0,0.14,21.6,0.87,23.0,0.86,21.6,0.93,35.58,0.94,51.1,0.06,0.06,615.541,1776205413000
1776205415.46,215.46,0.07,35.58,0.06,51.1,0.13,23.0,0.14,21.6,0.87,23.0,0.86,21.6,0.93,35.58,0.94,51.1,0.06,0.06,615.582,1776205414000
1776205416.157,216.157,0.07,35.58,0.06,51.1,0.13,23.0,0.14,21.6,0.87,23.0,0.86,21.6,0.93,35.58,0.94,51.1,0.06,0.06,615.582,1776205415000
1776205417.63,217.63,0.07,35.58,0.06,51.1,0.13,23.0,0.14,21.6,0.87,23.0,0.86,21.6,0.93,35.58,0.94,51.1,0.06,0.06,615.583,1776205416000
1776205418.36,218.36,0.07,35.58,0.06,51.1,0.13,23.0,0.14,21.6,0.87,23.0,0.86,21.6,0.93,35.58,0.94,51.1,0.06,0.06,615.596863,1776205417000
1776205419.341,219.341,0.07,35.58,0.06,51.1,0.13,23.0,0.14,21.6,0.87,23.0,0.86,21.6,0.93,35.58,0.94,51.1,0.06,0.06,615.545,1776205418000
1776205420.207,220.207,0.07,35.58,0.06,51.1,0.13,23.0,0.14,21.6,0.87,23.0,0.86,21.6,0.93,35.58,0.94,51.1,0.06,0.06,615.558,1776205419000
1776205421.789,221.789,0.07,35.58,0.06,51.1,0.13,23.0,0.14,21.6,0.87,23.0,0.86,21.6,0.93,35.58,0.94,51.1,0.06,0.06,615.557,1776205420000
1776205422.705,222.705,0.07,35.58,0.06,51.1,0.13,23.0,0.14,21.6,0.87,23.0,0.86,21.6,0.93,35.58,0.94,51.1,0.06,0.06,615.549,1776205421000
1776205423.562,223.562,0.07,35.58,0.06,51.1,0.13,23.0,0.14,21.6,0.87,23.0,0.86,21.6,0.93,35.58,0.94,51.1,0.06,0.06,615.554,1776205422000
1776205424.44,224.44,0.07,35.58,0.06,51.1,0.13,23.0,0.14,21.6,0.87,23.0,0.86,21.6,0.93,35.58,0.94,51.1,0.06,0.06,615.553,1776205423000
1776205425.321,225.321,0.07,35.58,0.06,51.1,0.13,23.0,0.14,21.6,0.87,23.0,0.86,21.6,0.93,35.58,0.94,51.1,0.06,0.06,615.553,1776205424000
1776205426.733,226.733,0.07,35.58,0.06,51.1,0.13,23.0,0.14,21.6,0.87,23.0,0.86,21.6,0.93,35.58,0.94,51.1,0.06,0.06,615.532,1776205425000
1776205427.404,227.404,0.07,35.58,0.06,51.1,0.13,23.0,0.14,21.6,0.87,23.0,0.86,21.6,0.93,35.58,0.94,51.1,0.06,0.06,615.537,1776205426000
1776205428.25,228.25,0.07,35.58,0.06,51.1,0.13,23.0,0.14,21.6,0.87,23.0,0.86,21.6,0.93,35.58,0.94,51.1,0.06,0.06,615.537,1776205427000
1776205429.731,229.731,0.07,35.58,0.06,51.1,0.13,23.0,0.14,21.6,0.87,23.0,0.86,21.6,0.93,35.58,0.94,51.1,0.06,0.06,615.536,1776205428000
1776205430.574,230.574,0.07,35.58,0.06,51.1,0.13,23.0,0.14,21.6,0.87,23.0,0.86,21.6,0.93,35.58,0.94,51.1,0.06,0.06,615.535,1776205429000
1776205431.726,231.726,0.07,35.58,0.06,51.1,0.13,23.0,0.14,21.6,0.87,23.0,0.86,21.6,0.93,35.58,0.94,51.1,0.06,0.06,615.524096,1776205430000
1776205432.357,232.357,0.07,35.58,0.06,51.1,0.13,23.0,0.14,21.6,0.87,23.0,0.86,21.6,0.93,35.58,0.94,51.1,0.06,0.06,615.525172,1776205431000
1776205433.154,233.154,0.07,35.58,0.06,51.1,0.13,23.0,0.14,21.6,0.87,23.0,0.86,21.6,0.93,35.58,0.94,51.1,0.06,0.06,615.525172,1776205432000
1776205434.21,234.21,0.07,35.58,0.06,51.1,0.13,23.0,0.14,21.6,0.87,23.0,0.86,21.6,0.93,35.58,0.94,51.1,0.06,0.06,615.532,1776205433000
1776205435.533,235.533,0.07,35.58,0.06,51.1,0.13,23.0,0.14,21.6,0.87,23.0,0.86,21.6,0.93,35.58,0.94,51.1,0.06,0.06,615.533,1776205434000
1776205436.279,236.279,0.07,35.58,0.06,51.1,0.13,23.0,0.14,21.6,0.87,23.0,0.86,21.6,0.93,35.58,0.94,51.1,0.06,0.06,615.525017,1776205435000
1776205437.636,237.636,0.07,35.58,0.06,51.1,0.13,23.0,0.14,21.6,0.87,23.0,0.86,21.6,0.93,35.58,0.94,51.1,0.06,0.06,615.524969,1776205436000
1776205438.278,238.278,0.07,35.58,0.06,51.1,0.13,23.0,0.14,21.6,0.87,23.0,0.86,21.6,0.93,35.58,0.94,51.1,0.06,0.06,615.524643,1776205437000
1776205439.1,239.1,0.07,35.58,0.06,51.1,0.13,23.0,0.14,21.6,0.87,23.0,0.86,21.6,0.93,35.58,0.94,51.1,0.06,0.06,615.524052,1776205438000
1776205440.301,240.301,0.07,35.58,0.06,51.1,0.13,23.0,0.14,21.6,0.87,23.0,0.86,21.6,0.93,35.58,0.94,51.1,0.06,0.06,615.524052,1776205439000
1776205441.566,241.566,0.07,35.58,0.06,51.1,0.13,23.0,0.14,21.6,0.87,23.0,0.86,21.6,0.93,35.58,0.94,51.1,0.06,0.06,615.524898,1776205440000
1776205442.183,242.183,0.07,35.58,0.06,51.1,0.13,23.0,0.14,21.6,0.87,23.0,0.86,21.6,0.93,35.58,0.94,51.1,0.06,0.06,615.522561,1776205441000
1776205443.485,243.485,0.07,35.58,0.06,51.1,0.13,23.0,0.14,21.6,0.87,23.0,0.86,21.6,0.93,35.58,0.94,51.1,0.06,0.06,615.521682,1776205442000
1776205444.152,244.152,0.07,35.58,0.06,51.1,0.13,23.0,0.14,21.6,0.87,23.0,0.86,21.6,0.93,35.58,0.94,51.1,0.06,0.06,615.521093,1776205443000
1776205445.381,245.381,0.07,35.58,0.06,51.1,0.13,23.0,0.14,21.6,0.87,23.0,0.86,21.6,0.93,35.58,0.94,51.1,0.06,0.06,615.521271,1776205444000
1776205445.689,245.689,0.03,11.53,0.02,10.0,0.04,67.7,0.05,54.7,0.87,23.0,0.86,21.6,0.93,35.58,0.94,51.1,0.01,0.06,615.521271,1776205444000
1776205446.126,246.126,0.03,11.53,0.02,10.0,0.04,67.7,0.05,54.7,0.96,67.7,0.95,54.7,0.97,11.53,0.98,10.0,0.01,0.01,615.521987,1776205445000
1776205446.64,246.64,0.03,11.53,0.02,142.69,0.16,6.02,0.17,18.39,0.96,67.7,0.95,54.7,0.97,11.53,0.98,10.0,0.13,0.01,615.521987,1776205445000
1776205447.373,247.373,0.03,11.53,0.02,142.69,0.17,6.58,0.18,17.6,0.83,6.58,0.82,17.6,0.97,11.53,0.98,142.69,0.14,0.14,615.522155,1776205446000
1776205448.396,248.396,0.03,11.53,0.02,142.69,0.17,6.58,0.18,17.6,0.83,6.58,0.82,17.6,0.97,11.53,0.98,142.69,0.14,0.14,615.570482,1776205447000
1776205448.954,248.954,0.03,11.53,0.02,142.69,0.17,6.58,0.18,17.6,0.83,6.58,0.82,17.6,0.97,11.53,0.98,142.69,0.14,0.14,615.572286,1776205448000
1776205449.964,249.964,0.03,11.53,0.02,142.69,0.17,6.58,0.18,17.6,0.83,6.58,0.82,17.6,0.97,11.53,0.98,142.69,0.14,0.14,615.657,1776205449000
1776205451.01,251.01,0.03,11.53,0.02,142.69,0.17,6.58,0.18,17.6,0.83,6.58,0.82,17.6,0.97,11.53,0.98,142.69,0.14,0.14,615.675,1776205450000
1776205452.158,252.158,0.03,11.53,0.02,142.69,0.17,6.58,0.18,17.6,0.83,6.58,0.82,17.6,0.97,11.53,0.98,142.69,0.14,0.14,615.66206,1776205451000
1776205453.403,253.403,0.06,40.1,0.05,54.7,0.14,21.6,0.15,20.39,0.86,21.6,0.85,20.39,0.94,40.1,0.95,54.7,0.08,0.08,615.662029,1776205452000
1776205454.272,254.272,0.06,40.1,0.05,54.7,0.14,21.6,0.15,20.39,0.86,21.6,0.85,20.39,0.94,40.1,0.95,54.7,0.08,0.08,615.668197,1776205453000
1776205455.447,255.447,0.06,40.1,0.05,54.7,0.14,21.6,0.15,20.39,0.86,21.6,0.85,20.39,0.94,40.1,0.95,54.7,0.08,0.08,615.667537,1776205454000
1776205455.925,255.925,0.06,40.1,0.05,54.7,0.14,21.6,0.15,20.39,0.86,21.6,0.85,20.39,0.94,40.1,0.95,54.7,0.08,0.08,615.668842,1776205455000
1776205456.994,256.994,0.06,40.1,0.05,54.7,0.14,21.6,0.15,20.39,0.86,21.6,0.85,20.39,0.94,40.1,0.95,54.7,0.08,0.08,615.668815,1776205456000
1776205458.15,258.15,0.06,40.1,0.05,54.7,0.14,21.6,0.15,20.39,0.86,21.6,0.85,20.39,0.94,40.1,0.95,54.7,0.08,0.08,615.668202,1776205457000
1776205459.252,259.252,0.06,40.1,0.05,54.7,0.14,21.6,0.15,20.39,0.86,21.6,0.85,20.39,0.94,40.1,0.95,54.7,0.08,0.08,615.669505,1776205458000
1776205460.223,260.223,0.06,40.1,0.05,54.7,0.14,21.6,0.15,20.39,0.86,21.6,0.85,20.39,0.94,40.1,0.95,54.7,0.08,0.08,615.668746,1776205459000
1776205461.245,261.245,0.06,40.1,0.05,54.7,0.14,21.6,0.15,20.39,0.86,21.6,0.85,20.39,0.94,40.1,0.95,54.7,0.08,0.08,615.634083,1776205460000
1776205462.237,262.237,0.06,40.1,0.05,54.7,0.14,21.6,0.15,20.39,0.86,21.6,0.85,20.39,0.94,40.1,0.95,54.7,0.08,0.08,615.606,1776205461000
1776205463.955,263.955,0.06,40.1,0.05,54.7,0.14,21.6,0.15,20.39,0.86,21.6,0.85,20.39,0.94,40.1,0.95,54.7,0.08,0.08,615.598,1776205462000
1776205464.388,264.388,0.06,40.1,0.05,54.7,0.14,21.6,0.15,20.39,0.86,21.6,0.85,20.39,0.94,40.1,0.95,54.7,0.08,0.08,615.624,1776205463000
1776205465.101,265.101,0.06,40.1,0.05,54.7,0.14,21.6,0.15,20.39,0.86,21.6,0.85,20.39,0.94,40.1,0.95,54.7,0.08,0.08,615.624,1776205464000
1776205466.281,266.281,0.06,40.1,0.05,54.7,0.14,21.6,0.15,20.39,0.86,21.6,0.85,20.39,0.94,40.1,0.95,54.7,0.08,0.08,615.608,1776205465000
1776205467.324,267.324,0.02,10.0,0.01,5285.0,0.04,72.7,0.05,54.7,0.96,72.7,0.95,54.7,0.98,10.0,0.99,5285.0,0.02,0.02,615.603,1776205466000
1776205468.421,268.421,0.02,10.0,0.01,5285.0,0.04,72.7,0.05,54.7,0.96,72.7,0.95,54.7,0.98,10.0,0.99,5285.0,0.02,0.02,615.604,1776205467000
1776205468.927,268.927,0.02,10.0,0.01,5285.0,0.04,72.7,0.05,54.7,0.96,72.7,0.95,54.7,0.98,10.0,0.99,5285.0,0.02,0.02,615.604,1776205468000
1776205470.108,270.108,0.02,10.0,0.01,5285.0,0.04,72.7,0.05,54.7,0.96,72.7,0.95,54.7,0.98,10.0,0.99,5285.0,0.02,0.02,615.612,1776205469000
1776205471.224,271.224,0.02,10.0,0.01,5285.0,0.04,72.7,0.05,54.7,0.96,72.7,0.95,54.7,0.98,10.0,0.99,5285.0,0.02,0.02,615.632,1776205470000
1776205472.336,272.336,0.02,10.0,0.01,5285.0,0.04,72.7,0.05,54.7,0.96,72.7,0.95,54.7,0.98,10.0,0.99,5285.0,0.02,0.02,615.633,1776205471000
1776205473.399,273.399,0.02,10.0,0.01,5285.0,0.04,72.7,0.05,54.7,0.96,72.7,0.95,54.7,0.98,10.0,0.99,5285.0,0.02,0.02,615.63,1776205472000
1776205474.056,274.056,0.02,10.0,0.01,5285.0,0.04,72.7,0.05,54.7,0.96,72.7,0.95,54.7,0.98,10.0,0.99,5285.0,0.02,0.02,615.63,1776205473000
1776205475.107,275.107,0.02,10.0,0.01,5285.0,0.04,72.7,0.05,54.7,0.96,72.7,0.95,54.7,0.98,10.0,0.99,5285.0,0.02,0.02,615.597,1776205474000
1776205476.403,276.403,0.02,10.0,0.01,5285.0,0.04,72.7,0.05,54.7,0.96,72.7,0.95,54.7,0.98,10.0,0.99,5285.0,0.02,0.02,615.616,1776205475000
1776205477.646,277.646,0.02,10.0,0.01,5285.0,0.04,72.7,0.05,54.7,0.96,72.7,0.95,54.7,0.98,10.0,0.99,5285.0,0.02,0.02,615.614,1776205476000
1776205478.283,278.283,0.02,10.0,0.01,5285.0,0.04,72.7,0.05,54.7,0.96,72.7,0.95,54.7,0.98,10.0,0.99,5285.0,0.02,0.02,615.612,1776205477000
1776205479.333,279.333,0.02,10.0,0.01,5285.0,0.04,72.7,0.05,54.7,0.96,72.7,0.95,54.7,0.98,10.0,0.99,5285.0,0.02,0.02,615.611,1776205478000
1776205479.981,279.981,0.02,10.0,0.01,5285.0,0.04,72.7,0.05,54.7,0.96,72.7,0.95,54.7,0.98,10.0,0.99,5285.0,0.02,0.02,615.611,1776205479000
1776205480.233,280.233,0.02,5.0,0.01,285.0,0.03,5.0,0.11,50.0,0.96,72.7,0.95,54.7,0.98,10.0,0.99,5285.0,0.01,0.02,615.611,1776205479000
1776205481.097,281.097,0.02,5.0,0.01,285.0,0.03,5.0,0.11,50.0,0.97,5.0,0.89,50.0,0.98,5.0,0.99,285.0,0.01,0.01,615.615,1776205480000
1776205481.526,281.526,0.02,5.0,0.01,285.0,0.03,5.0,0.11,50.0,0.97,5.0,0.89,50.0,0.98,5.0,0.99,285.0,0.01,0.01,615.615,1776205480000
1776205482.162,282.162,0.02,5.0,0.01,285.0,0.03,5.0,0.11,50.0,0.97,5.0,0.89,50.0,0.98,5.0,0.99,285.0,0.01,0.01,615.62,1776205481000
1776205483.232,283.232,0.02,5.0,0.01,285.0,0.03,5.0,0.11,50.0,0.97,5.0,0.89,50.0,0.98,5.0,0.99,285.0,0.01,0.01,615.604,1776205482000
1776205483.451,283.451,0.01,285.0,,,0.03,5.0,0.11,50.0,0.97,5.0,0.89,50.0,0.98,5.0,0.99,285.0,0.02,0.01,615.604,1776205482000
1776205484.314,284.314,0.01,285.0,,,0.03,5.0,0.11,50.0,0.97,5.0,0.89,50.0,0.99,285.0,,,0.02,0.02,615.644,1776205483000
1776205484.912,284.912,0.01,285.0,,,0.03,5.0,0.11,50.0,0.97,5.0,0.89,50.0,0.99,285.0,,,0.02,0.02,615.644,1776205484000
1776205486.017,286.017,0.01,285.0,,,0.03,5.0,0.11,50.0,0.97,5.0,0.89,50.0,0.99,285.0,,,0.02,0.02,615.649,1776205485000
1776205487.144,287.144,0.01,285.0,,,0.03,5.0,0.11,50.0,0.97,5.0,0.89,50.0,0.99,285.0,,,0.02,0.02,615.644376,1776205486000
1776205488.236,288.236,0.01,285.0,,,0.03,5.0,0.11,50.0,0.97,5.0,0.89,50.0,0.99,285.0,,,0.02,0.02,615.641,1776205487000
1776205488.866,288.866,0.01,285.0,,,0.03,5.0,0.11,50.0,0.97,5.0,0.89,50.0,0.99,285.0,,,0.02,0.02,615.649,1776205488000
1776205489.975,289.975,0.01,285.0,,,0.03,5.0,0.11,50.0,0.97,5.0,0.89,50.0,0.99,285.0,,,0.02,0.02,615.66,1776205489000
1776205491.069,291.069,0.01,285.0,,,0.03,5.0,0.11,50.0,0.97,5.0,0.89,50.0,0.99,285.0,,,0.02,0.02,615.665,1776205490000
1776205491.782,291.782,0.01,282.57,,,0.03,5.0,0.11,50.0,0.97,5.0,0.89,50.0,0.99,285.0,,,0.02,0.02,615.665,1776205490000
1776205492.254,292.254,0.01,282.57,,,0.03,5.0,0.11,50.0,0.97,5.0,0.89,50.0,0.99,282.57,,,0.02,0.02,615.668,1776205491000
1776205493.133,293.133,0.01,182.36,,,0.03,5.0,0.11,50.0,0.97,5.0,0.89,50.0,0.99,282.57,,,0.02,0.02,615.668,1776205491000
1776205493.357,293.357,0.01,162.15,,,0.03,5.0,0.11,50.0,0.97,5.0,0.89,50.0,0.99,182.36,,,0.02,0.02,615.668,1776205491000
1776205493.923,293.923,0.01,162.15,,,0.03,5.0,0.11,50.0,0.97,5.0,0.89,50.0,0.99,162.15,,,0.02,0.02,615.67,1776205493000
1776205494.311,294.311,0.01,157.15,,,0.03,5.0,0.11,50.0,0.97,5.0,0.89,50.0,0.99,162.15,,,0.02,0.02,615.67,1776205493000
1776205495.324,295.324,0.01,128.12,,,0.03,5.0,0.11,50.0,0.97,5.0,0.89,50.0,0.99,155.12,,,0.02,0.02,615.67,1776205493000
1776205495.548,295.548,0.01,122.53,,,0.03,5.0,0.11,50.0,0.97,5.0,0.89,50.0,0.99,125.12,,,0.02,0.02,615.67,1776205493000
1776205496.192,296.192,0.01,114.6,,,0.03,5.0,0.11,50.0,0.97,5.0,0.89,50.0,0.99,122.53,,,0.02,0.02,615.666,1776205494000
1776205496.399,296.399,0.01,75.54,,,0.03,5.0,0.11,50.0,0.97,5.0,0.89,50.0,0.99,76.65,,,0.02,0.02,615.67,1776205495000
1776205496.823,296.823,0.01,23.95,,,0.03,5.0,0.11,50.0,0.97,5.0,0.89,50.0,0.99,72.95,,,0.02,0.02,615.67,1776205495000
1776205497.327,297.327,0.01,7.78,,,0.03,5.0,0.11,50.0,0.97,5.0,0.89,50.0,0.99,23.95,,,0.02,0.02,615.67,1776205496000
1776205498.074,298.074,,,,,0.01,10.56,0.03,5.0,0.99,10.56,0.97,5.0,,,,,,,615.656,1776205497000
1776205499.242,299.242,,,,,0.01,10.56,0.03,5.0,0.99,10.56,0.97,5.0,,,,,,,615.654,1776205498000
1776205500.319,300.319,,,,,0.01,10.56,0.03,5.0,0.99,10.56,0.97,5.0,,,,,,,615.653,1776205499000

# RESULT,winner=Down,slug=bnb-updown-5m-1776205200,ticks=320
