timestamp,elapsed_sec,up_bid_p1,up_bid_s1,up_bid_p2,up_bid_s2,up_ask_p1,up_ask_s1,up_ask_p2,up_ask_s2,down_bid_p1,down_bid_s1,down_bid_p2,down_bid_s2,down_ask_p1,down_ask_s1,down_ask_p2,down_ask_s2,up_spread,down_spread,bnb_price,bnb_oracle_ts
1776182711.303,11.303,,,,,,,,,,,,,,,,,,,624.553,1776182710000
1776182712.0,12.0,0.45,5.0,0.44,16.0,0.55,5.0,0.56,5.0,0.45,5.0,0.44,5.0,0.55,16.0,0.56,5.0,0.1,0.1,624.553,1776182710000
1776182712.237,12.237,0.45,5.0,0.44,16.0,0.55,5.0,0.56,5.0,0.45,5.0,0.44,5.0,0.55,5.0,0.56,16.0,0.1,0.1,624.59,1776182711000
1776182713.157,13.157,0.45,5.0,0.44,16.0,0.55,5.0,0.56,5.0,0.45,5.0,0.44,5.0,0.55,5.0,0.56,16.0,0.1,0.1,624.555,1776182712000
1776182714.26,14.26,0.45,5.0,0.44,16.0,0.55,5.0,0.56,5.0,0.45,5.0,0.44,5.0,0.55,5.0,0.56,16.0,0.1,0.1,624.575,1776182713000
1776182715.14,15.14,0.45,5.0,0.44,16.0,0.55,5.0,0.56,5.0,0.45,5.0,0.44,5.0,0.55,5.0,0.56,16.0,0.1,0.1,624.582,1776182714000
1776182716.151,16.151,0.45,5.0,0.44,16.0,0.55,5.0,0.56,5.0,0.45,5.0,0.44,5.0,0.55,5.0,0.56,16.0,0.1,0.1,624.582,1776182715000
1776182717.103,17.103,0.45,5.0,0.44,16.0,0.55,5.0,0.56,5.0,0.45,5.0,0.44,5.0,0.55,5.0,0.56,16.0,0.1,0.1,624.544,1776182716000
1776182718.055,18.055,0.45,5.0,0.44,16.0,0.55,5.0,0.56,5.0,0.45,5.0,0.44,5.0,0.55,5.0,0.56,16.0,0.1,0.1,624.543,1776182717000
1776182719.249,19.249,0.45,5.0,0.44,16.0,0.55,5.0,0.56,5.0,0.45,5.0,0.44,5.0,0.55,5.0,0.56,16.0,0.1,0.1,624.542,1776182718000
1776182720.684,20.684,0.45,5.0,0.44,16.0,0.55,5.0,0.56,5.0,0.45,5.0,0.44,5.0,0.55,5.0,0.56,16.0,0.1,0.1,624.549,1776182719000
1776182721.542,21.542,0.45,5.0,0.44,16.0,0.55,5.0,0.56,5.0,0.45,5.0,0.44,5.0,0.55,5.0,0.56,16.0,0.1,0.1,624.549,1776182720000
1776182722.321,22.321,0.45,5.0,0.44,16.0,0.55,5.0,0.56,5.0,0.45,5.0,0.44,5.0,0.55,5.0,0.56,16.0,0.1,0.1,624.539,1776182721000
1776182723.17,23.17,0.45,5.0,0.44,16.0,0.55,5.0,0.56,5.0,0.45,5.0,0.44,5.0,0.55,5.0,0.56,16.0,0.1,0.1,624.536,1776182722000
1776182723.41,23.41,0.44,0.98,0.41,50.0,0.55,5.0,0.56,5.0,0.45,5.0,0.44,5.0,0.55,5.0,0.56,16.0,0.11,0.1,624.536,1776182722000
1776182724.591,24.591,0.44,0.98,0.41,50.0,0.55,5.0,0.56,5.0,0.45,5.0,0.44,5.0,0.56,0.98,0.59,50.0,0.11,0.11,624.535,1776182723000
1776182725.583,25.583,0.44,0.98,0.41,50.0,0.55,5.0,0.56,5.0,0.45,5.0,0.44,5.0,0.56,0.98,0.59,50.0,0.11,0.11,624.535,1776182724000
1776182726.31,26.31,0.44,0.98,0.41,50.0,0.55,5.0,0.56,5.0,0.45,5.0,0.44,5.0,0.56,0.98,0.59,50.0,0.11,0.11,624.535,1776182725000
1776182727.85,27.85,0.44,0.98,0.41,50.0,0.55,5.0,0.56,5.0,0.45,5.0,0.44,5.0,0.56,0.98,0.59,50.0,0.11,0.11,624.538,1776182726000
1776182728.63,28.63,0.44,0.98,0.41,50.0,0.55,5.0,0.56,5.0,0.45,5.0,0.44,5.0,0.56,0.98,0.59,50.0,0.11,0.11,624.528191,1776182727000
1776182729.417,29.417,0.44,0.98,0.41,50.0,0.55,5.0,0.56,5.0,0.45,5.0,0.44,5.0,0.56,0.98,0.59,50.0,0.11,0.11,624.399,1776182728000
1776182730.24,30.24,0.38,8.0,0.37,10.0,0.47,10.0,0.48,10.0,0.53,10.0,0.52,10.0,0.62,8.0,0.63,10.0,0.09,0.09,624.399,1776182729000
1776182731.85,31.85,0.38,8.0,0.37,10.0,0.47,10.0,0.48,10.0,0.53,10.0,0.52,10.0,0.62,8.0,0.63,10.0,0.09,0.09,624.324,1776182730000
1776182732.748,32.748,0.38,8.0,0.37,10.0,0.47,10.0,0.48,10.0,0.53,10.0,0.52,10.0,0.62,8.0,0.63,10.0,0.09,0.09,624.349,1776182731000
1776182733.472,33.472,0.36,1.79,0.34,24.0,0.47,10.0,0.51,50.0,0.53,10.0,0.52,10.0,0.62,8.0,0.63,10.0,0.11,0.09,624.349,1776182731000
1776182734.24,34.24,0.36,1.79,0.34,24.0,0.47,10.0,0.51,50.0,0.53,10.0,0.49,50.0,0.64,1.79,0.66,24.0,0.11,0.11,624.295,1776182733000
1776182734.928,34.928,0.3,8.0,0.29,10.0,0.38,15.74,0.45,5.0,0.53,10.0,0.49,50.0,0.64,1.79,0.66,24.0,0.08,0.11,624.295,1776182733000
1776182735.357,35.357,0.3,1.62,0.28,10.0,0.38,15.74,0.45,5.0,0.62,15.74,0.55,5.0,0.7,8.0,0.71,10.0,0.08,0.08,624.295,1776182733000
1776182735.818,35.818,0.3,1.62,0.28,10.0,0.38,15.74,0.45,5.0,0.62,15.74,0.55,5.0,0.7,1.62,0.72,10.0,0.08,0.08,624.281,1776182734000
1776182736.67,36.67,0.3,1.62,0.28,10.0,0.38,15.74,0.45,5.0,0.62,15.74,0.55,5.0,0.7,1.62,0.72,10.0,0.08,0.08,624.303,1776182735000
1776182737.37,37.37,0.28,4.73,0.27,10.0,0.37,23.68,0.45,10.0,0.62,15.74,0.55,5.0,0.7,1.62,0.72,10.0,0.09,0.08,624.303,1776182735000
1776182738.088,38.088,0.28,4.73,0.27,10.0,0.37,23.68,0.45,10.0,0.63,23.68,0.55,10.0,0.72,4.73,0.73,10.0,0.09,0.09,624.27852,1776182737000
1776182739.258,39.258,0.28,4.73,0.27,10.0,0.37,23.68,0.45,10.0,0.63,23.68,0.55,10.0,0.72,4.73,0.73,10.0,0.09,0.09,624.227,1776182738000
1776182740.356,40.356,0.27,4.74,0.26,10.0,0.37,23.68,0.45,19.0,0.63,23.68,0.55,19.0,0.73,4.74,0.74,10.0,0.1,0.1,624.217,1776182739000
1776182741.941,41.941,0.27,4.74,0.26,10.0,0.37,23.68,0.45,19.0,0.63,23.68,0.55,19.0,0.73,4.74,0.74,10.0,0.1,0.1,624.243009,1776182741000
1776182743.181,43.181,0.27,4.74,0.26,10.0,0.37,23.68,0.45,19.0,0.63,23.68,0.55,19.0,0.73,4.74,0.74,10.0,0.1,0.1,624.191,1776182742000
1776182744.406,44.406,0.27,4.74,0.26,10.0,0.37,23.68,0.45,19.0,0.63,23.68,0.55,19.0,0.73,4.74,0.74,10.0,0.1,0.1,624.211,1776182743000
1776182744.974,44.974,0.27,4.74,0.26,10.0,0.37,23.68,0.45,19.0,0.63,23.68,0.55,19.0,0.73,4.74,0.74,10.0,0.1,0.1,624.231911,1776182744000
1776182746.131,46.131,0.27,4.74,0.26,10.0,0.37,23.68,0.45,19.0,0.63,23.68,0.55,19.0,0.73,4.74,0.74,10.0,0.1,0.1,624.263,1776182745000
1776182747.85,47.85,0.27,4.74,0.26,10.0,0.37,23.68,0.45,19.0,0.63,23.68,0.55,19.0,0.73,4.74,0.74,10.0,0.1,0.1,624.279,1776182746000
1776182748.348,48.348,0.41,37.06,0.36,5.0,0.47,10.0,0.49,5.0,0.53,10.0,0.51,5.0,0.59,37.06,0.64,5.0,0.06,0.06,624.291,1776182747000
1776182748.913,48.913,0.41,37.06,0.36,5.0,0.47,10.0,0.49,5.0,0.53,10.0,0.51,5.0,0.59,37.06,0.64,5.0,0.06,0.06,624.291,1776182748000
1776182750.091,50.091,0.41,37.06,0.36,5.0,0.47,10.0,0.49,5.0,0.53,10.0,0.51,5.0,0.59,37.06,0.64,5.0,0.06,0.06,624.288,1776182749000
1776182751.321,51.321,0.41,37.06,0.36,5.0,0.47,10.0,0.49,5.0,0.53,10.0,0.51,5.0,0.59,37.06,0.64,5.0,0.06,0.06,624.425,1776182750000
1776182752.46,52.46,0.41,37.06,0.36,5.0,0.47,10.0,0.49,5.0,0.53,10.0,0.51,5.0,0.59,37.06,0.64,5.0,0.06,0.06,624.492,1776182751000
1776182753.078,53.078,0.41,37.06,0.36,5.0,0.47,10.0,0.49,5.0,0.53,10.0,0.51,5.0,0.59,37.06,0.64,5.0,0.06,0.06,624.492,1776182752000
1776182754.204,54.204,0.41,37.06,0.36,5.0,0.47,10.0,0.49,5.0,0.53,10.0,0.51,5.0,0.59,37.06,0.64,5.0,0.06,0.06,624.54,1776182753000
1776182755.228,55.228,0.41,37.06,0.36,5.0,0.47,10.0,0.49,5.0,0.53,10.0,0.51,5.0,0.59,37.06,0.64,5.0,0.06,0.06,624.479,1776182754000
1776182756.409,56.409,0.41,37.06,0.36,5.0,0.47,10.0,0.49,5.0,0.53,10.0,0.51,5.0,0.59,37.06,0.64,5.0,0.06,0.06,624.489,1776182755000
1776182757.486,57.486,0.41,37.06,0.36,5.0,0.47,10.0,0.49,5.0,0.53,10.0,0.51,5.0,0.59,37.06,0.64,5.0,0.06,0.06,624.493,1776182756000
1776182758.086,58.086,0.41,37.06,0.36,5.0,0.47,10.0,0.49,5.0,0.53,10.0,0.51,5.0,0.59,37.06,0.64,5.0,0.06,0.06,624.493,1776182757000
1776182759.335,59.335,0.41,37.06,0.36,5.0,0.47,10.0,0.49,5.0,0.53,10.0,0.51,5.0,0.59,37.06,0.64,5.0,0.06,0.06,624.49,1776182758000
1776182759.977,59.977,0.41,37.06,0.36,5.0,0.47,10.0,0.49,5.0,0.53,10.0,0.51,5.0,0.59,37.06,0.64,5.0,0.06,0.06,624.49,1776182759000
1776182760.678,60.678,0.4,5.8,0.39,20.9,0.51,10.0,0.52,10.0,0.53,10.0,0.51,5.0,0.59,37.06,0.64,5.0,0.11,0.06,624.49,1776182759000
1776182761.084,61.084,0.4,5.8,0.39,20.9,0.51,10.0,0.52,10.0,0.49,10.0,0.48,10.0,0.6,5.8,0.61,20.9,0.11,0.11,624.506,1776182760000
1776182762.275,62.275,0.4,5.8,0.39,20.9,0.51,10.0,0.52,10.0,0.49,10.0,0.48,10.0,0.6,5.8,0.61,20.9,0.11,0.11,624.503,1776182761000
1776182762.85,62.85,0.4,5.71,0.39,30.9,0.51,10.0,0.55,5.0,0.49,10.0,0.45,5.0,0.6,5.71,0.61,30.9,0.11,0.11,624.495,1776182762000
1776182764.213,64.213,0.4,5.71,0.39,30.9,0.51,10.0,0.55,5.0,0.49,10.0,0.45,5.0,0.6,5.71,0.61,30.9,0.11,0.11,624.506,1776182763000
1776182764.936,64.936,0.42,5.7,0.41,15.7,0.54,10.0,0.55,5.0,0.46,10.0,0.45,5.0,0.58,5.7,0.59,15.7,0.12,0.12,624.499,1776182764000
1776182765.576,65.576,0.42,0.8,0.41,15.7,0.54,10.0,0.55,5.0,0.46,10.0,0.45,5.0,0.58,5.7,0.59,15.7,0.12,0.12,624.499,1776182764000
1776182766.239,66.239,0.42,0.8,0.41,15.7,0.54,10.0,0.55,5.0,0.46,10.0,0.45,5.0,0.58,0.8,0.59,15.7,0.12,0.12,624.499,1776182765000
1776182766.99,66.99,0.41,11.57,0.4,5.71,0.54,10.0,0.55,5.0,0.46,10.0,0.45,5.0,0.58,0.8,0.59,15.7,0.13,0.12,624.499,1776182765000
1776182767.361,67.361,0.41,11.57,0.4,5.71,0.54,10.0,0.55,5.0,0.46,10.0,0.45,5.0,0.59,11.57,0.6,5.71,0.13,0.13,624.432,1776182766000
1776182768.034,68.034,0.41,5.7,0.4,5.71,0.54,10.0,0.55,5.0,0.46,10.0,0.45,5.0,0.59,11.57,0.6,5.71,0.13,0.13,624.432,1776182766000
1776182769.199,69.199,0.41,5.7,0.4,5.71,0.54,10.0,0.55,5.0,0.46,10.0,0.45,5.0,0.59,5.7,0.6,5.71,0.13,0.13,624.431797,1776182768000
1776182770.701,70.701,0.41,5.7,0.4,5.71,0.54,10.0,0.55,5.0,0.46,10.0,0.45,5.0,0.59,5.7,0.6,5.71,0.13,0.13,624.431797,1776182769000
1776182771.371,71.371,0.41,5.7,0.4,5.71,0.54,10.0,0.55,5.0,0.46,10.0,0.45,5.0,0.59,5.7,0.6,5.71,0.13,0.13,624.4321,1776182770000
1776182772.277,72.277,0.41,5.7,0.4,5.71,0.54,10.0,0.55,5.0,0.46,10.0,0.45,5.0,0.59,5.7,0.6,5.71,0.13,0.13,624.431797,1776182771000
1776182773.339,73.339,0.41,5.7,0.4,5.71,0.54,10.0,0.55,5.0,0.46,10.0,0.45,5.0,0.59,5.7,0.6,5.71,0.13,0.13,624.438,1776182772000
1776182774.41,74.41,0.41,5.7,0.4,5.71,0.54,10.0,0.55,5.0,0.46,10.0,0.45,5.0,0.59,5.7,0.6,5.71,0.13,0.13,624.451,1776182773000
1776182774.885,74.885,0.41,5.7,0.4,5.71,0.54,10.0,0.55,5.0,0.46,10.0,0.45,5.0,0.59,5.7,0.6,5.71,0.13,0.13,624.451,1776182774000
1776182776.051,76.051,0.41,5.7,0.4,5.71,0.54,10.0,0.55,5.0,0.46,10.0,0.45,5.0,0.59,5.7,0.6,5.71,0.13,0.13,624.51,1776182775000
1776182776.968,76.968,0.41,5.7,0.4,5.71,0.54,10.0,0.55,5.0,0.46,10.0,0.45,5.0,0.59,5.7,0.6,5.71,0.13,0.13,624.502,1776182776000
1776182778.122,78.122,0.41,5.7,0.4,5.71,0.54,10.0,0.55,5.0,0.46,10.0,0.45,5.0,0.59,5.7,0.6,5.71,0.13,0.13,624.484,1776182777000
1776182779.064,79.064,0.41,5.7,0.4,5.71,0.54,10.0,0.55,5.0,0.46,10.0,0.45,5.0,0.59,5.7,0.6,5.71,0.13,0.13,624.472,1776182778000
1776182780.161,80.161,0.41,5.7,0.4,5.71,0.54,10.0,0.55,5.0,0.46,10.0,0.45,5.0,0.59,5.7,0.6,5.71,0.13,0.13,624.468,1776182779000
1776182781.181,81.181,0.41,5.7,0.4,5.71,0.54,10.0,0.55,5.0,0.46,10.0,0.45,5.0,0.59,5.7,0.6,5.71,0.13,0.13,624.468,1776182780000
1776182782.188,82.188,0.41,5.7,0.4,5.71,0.54,10.0,0.55,5.0,0.46,10.0,0.45,5.0,0.59,5.7,0.6,5.71,0.13,0.13,624.473,1776182781000
1776182783.12,83.12,0.41,5.7,0.4,5.71,0.54,10.0,0.55,5.0,0.46,10.0,0.45,5.0,0.59,5.7,0.6,5.71,0.13,0.13,624.483,1776182782000
1776182784.095,84.095,0.41,5.7,0.4,5.71,0.54,10.0,0.55,5.0,0.46,10.0,0.45,5.0,0.59,5.7,0.6,5.71,0.13,0.13,624.483,1776182783000
1776182785.137,85.137,0.41,5.7,0.4,5.71,0.54,10.0,0.55,5.0,0.46,10.0,0.45,5.0,0.59,5.7,0.6,5.71,0.13,0.13,624.49,1776182784000
1776182786.147,86.147,0.41,5.7,0.4,5.71,0.54,10.0,0.55,5.0,0.46,10.0,0.45,5.0,0.59,5.7,0.6,5.71,0.13,0.13,624.49,1776182785000
1776182787.141,87.141,0.41,5.7,0.4,5.71,0.54,10.0,0.55,5.0,0.46,10.0,0.45,5.0,0.59,5.7,0.6,5.71,0.13,0.13,624.496,1776182786000
1776182788.198,88.198,0.41,5.7,0.4,5.71,0.54,10.0,0.55,5.0,0.46,10.0,0.45,5.0,0.59,5.7,0.6,5.71,0.13,0.13,624.494,1776182787000
1776182789.103,89.103,0.41,5.7,0.4,5.71,0.54,10.0,0.55,5.0,0.46,10.0,0.45,5.0,0.59,5.7,0.6,5.71,0.13,0.13,624.5,1776182788000
1776182790.174,90.174,0.41,5.7,0.4,5.71,0.54,10.0,0.55,5.0,0.46,10.0,0.45,5.0,0.59,5.7,0.6,5.71,0.13,0.13,624.601,1776182789000
1776182791.092,91.092,0.46,5.0,0.45,15.5,0.63,9.2,0.64,10.0,0.37,9.2,0.36,10.0,0.54,5.0,0.55,15.5,0.17,0.17,624.592,1776182790000
1776182792.072,92.072,0.46,5.0,0.45,15.5,0.63,9.2,0.64,10.0,0.37,9.2,0.36,10.0,0.54,5.0,0.55,15.5,0.17,0.17,624.63,1776182791000
1776182793.05,93.05,0.46,5.0,0.45,15.5,0.63,9.2,0.64,10.0,0.37,9.2,0.36,10.0,0.54,5.0,0.55,15.5,0.17,0.17,624.634,1776182792000
1776182794.087,94.087,0.46,5.0,0.45,15.5,0.63,9.2,0.64,10.0,0.37,9.2,0.36,10.0,0.54,5.0,0.55,15.5,0.17,0.17,624.634,1776182793000
1776182795.129,95.129,0.46,5.0,0.45,15.5,0.63,9.2,0.64,10.0,0.37,9.2,0.36,10.0,0.54,5.0,0.55,15.5,0.17,0.17,624.725,1776182794000
1776182796.112,96.112,0.46,5.0,0.45,15.5,0.63,9.2,0.64,10.0,0.37,9.2,0.36,10.0,0.54,5.0,0.55,15.5,0.17,0.17,624.717,1776182795000
1776182797.082,97.082,0.46,5.0,0.45,15.5,0.63,9.2,0.64,10.0,0.37,9.2,0.36,10.0,0.54,5.0,0.55,15.5,0.17,0.17,624.717,1776182796000
1776182798.085,98.085,0.46,5.0,0.45,15.5,0.63,9.2,0.64,10.0,0.37,9.2,0.36,10.0,0.54,5.0,0.55,15.5,0.17,0.17,624.645,1776182797000
1776182799.127,99.127,0.46,5.0,0.45,15.5,0.63,9.2,0.64,10.0,0.37,9.2,0.36,10.0,0.54,5.0,0.55,15.5,0.17,0.17,624.645,1776182798000
1776182800.217,100.217,0.46,5.0,0.45,15.5,0.63,9.2,0.64,10.0,0.37,9.2,0.36,10.0,0.54,5.0,0.55,15.5,0.17,0.17,624.648,1776182799000
1776182801.309,101.309,0.46,5.0,0.45,15.5,0.63,9.2,0.64,10.0,0.37,9.2,0.36,10.0,0.54,5.0,0.55,15.5,0.17,0.17,624.653,1776182800000
1776182802.011,102.011,0.49,4.17,0.37,13.0,0.53,10.0,0.6,27.0,0.37,9.2,0.36,10.0,0.54,5.0,0.55,15.5,0.04,0.17,624.653,1776182800000
1776182802.221,102.221,0.37,6.94,0.36,5.0,0.53,10.0,0.6,27.0,0.47,10.0,0.4,27.0,0.63,6.94,0.64,5.0,0.16,0.16,624.656,1776182801000
1776182803.244,103.244,0.37,6.94,0.36,5.0,0.53,10.0,0.6,27.0,0.47,10.0,0.4,27.0,0.63,6.94,0.64,5.0,0.16,0.16,624.656,1776182802000
1776182804.388,104.388,0.37,6.94,0.36,5.0,0.53,10.0,0.6,27.0,0.47,10.0,0.4,27.0,0.63,6.94,0.64,5.0,0.16,0.16,624.573,1776182803000
1776182805.005,105.005,0.37,6.94,0.36,5.0,0.53,10.0,0.6,27.0,0.47,10.0,0.4,27.0,0.63,6.94,0.64,5.0,0.16,0.16,624.573,1776182804000
1776182806.086,106.086,0.37,6.94,0.36,5.0,0.53,10.0,0.6,27.0,0.47,10.0,0.4,27.0,0.63,6.94,0.64,5.0,0.16,0.16,624.633,1776182805000
1776182807.025,107.025,0.37,6.94,0.36,5.0,0.53,10.0,0.6,27.0,0.47,10.0,0.4,27.0,0.63,6.94,0.64,5.0,0.16,0.16,624.592,1776182806000
1776182807.97,107.97,0.37,6.94,0.36,5.0,0.53,10.0,0.6,27.0,0.47,10.0,0.4,27.0,0.63,6.94,0.64,5.0,0.16,0.16,624.57,1776182807000
1776182808.959,108.959,0.37,6.94,0.36,5.0,0.53,10.0,0.6,27.0,0.47,10.0,0.4,27.0,0.63,6.94,0.64,5.0,0.16,0.16,624.582,1776182808000
1776182810.851,110.851,0.37,6.94,0.36,5.0,0.53,10.0,0.6,27.0,0.47,10.0,0.4,27.0,0.63,6.94,0.64,5.0,0.16,0.16,624.544,1776182809000
1776182811.337,111.337,0.37,6.94,0.36,5.0,0.53,10.0,0.6,27.0,0.47,10.0,0.4,27.0,0.63,6.94,0.64,5.0,0.16,0.16,624.547,1776182810000
1776182811.972,111.972,0.37,6.94,0.36,5.0,0.53,10.0,0.6,27.0,0.47,10.0,0.4,27.0,0.63,6.94,0.64,5.0,0.16,0.16,624.547,1776182811000
1776182813.203,113.203,0.37,6.94,0.36,5.0,0.53,10.0,0.6,27.0,0.47,10.0,0.4,27.0,0.63,6.94,0.64,5.0,0.16,0.16,624.542,1776182812000
1776182814.318,114.318,0.37,6.94,0.36,5.0,0.53,10.0,0.6,27.0,0.47,10.0,0.4,27.0,0.63,6.94,0.64,5.0,0.16,0.16,624.549,1776182813000
1776182815.016,115.016,0.37,6.94,0.36,5.0,0.53,10.0,0.6,27.0,0.47,10.0,0.4,27.0,0.63,6.94,0.64,5.0,0.16,0.16,624.558,1776182814000
1776182816.225,116.225,0.37,6.94,0.36,5.0,0.53,10.0,0.6,27.0,0.47,10.0,0.4,27.0,0.63,6.94,0.64,5.0,0.16,0.16,624.558,1776182815000
1776182817.251,117.251,0.37,6.94,0.36,5.0,0.53,10.0,0.6,27.0,0.47,10.0,0.4,27.0,0.63,6.94,0.64,5.0,0.16,0.16,624.559,1776182816000
1776182818.461,118.461,0.37,6.94,0.36,5.0,0.53,10.0,0.6,27.0,0.47,10.0,0.4,27.0,0.63,6.94,0.64,5.0,0.16,0.16,624.556,1776182817000
1776182819.209,119.209,0.37,6.94,0.36,5.0,0.53,10.0,0.6,27.0,0.47,10.0,0.4,27.0,0.63,6.94,0.64,5.0,0.16,0.16,624.555,1776182818000
1776182820.484,120.484,0.37,6.94,0.36,5.0,0.53,10.0,0.6,27.0,0.47,10.0,0.4,27.0,0.63,6.94,0.64,5.0,0.16,0.16,624.552,1776182819000
1776182821.06,121.06,0.37,6.94,0.36,5.0,0.53,10.0,0.6,27.0,0.47,10.0,0.4,27.0,0.63,6.94,0.64,5.0,0.16,0.16,624.552,1776182820000
1776182822.173,122.173,0.37,6.94,0.36,5.0,0.53,10.0,0.6,27.0,0.47,10.0,0.4,27.0,0.63,6.94,0.64,5.0,0.16,0.16,624.553,1776182821000
1776182823.352,123.352,0.37,6.94,0.36,5.0,0.53,10.0,0.6,27.0,0.47,10.0,0.4,27.0,0.63,6.94,0.64,5.0,0.16,0.16,624.558,1776182822000
1776182824.548,124.548,0.37,6.94,0.36,5.0,0.53,10.0,0.6,27.0,0.47,10.0,0.4,27.0,0.63,6.94,0.64,5.0,0.16,0.16,624.555,1776182823000
1776182826.001,126.001,0.37,6.94,0.36,5.0,0.53,10.0,0.6,27.0,0.47,10.0,0.4,27.0,0.63,6.94,0.64,5.0,0.16,0.16,624.537,1776182824000
1776182826.525,126.525,0.37,6.94,0.36,5.0,0.53,10.0,0.6,27.0,0.47,10.0,0.4,27.0,0.63,6.94,0.64,5.0,0.16,0.16,624.531,1776182825000
1776182827.698,127.698,0.37,6.94,0.36,5.0,0.53,10.0,0.6,27.0,0.47,10.0,0.4,27.0,0.63,6.94,0.64,5.0,0.16,0.16,624.527,1776182826000
1776182829.024,129.024,0.37,6.94,0.36,5.0,0.53,10.0,0.6,27.0,0.47,10.0,0.4,27.0,0.63,6.94,0.64,5.0,0.16,0.16,624.527,1776182827000
1776182830.029,130.029,0.37,6.94,0.36,5.0,0.53,10.0,0.6,27.0,0.47,10.0,0.4,27.0,0.63,6.94,0.64,5.0,0.16,0.16,624.517,1776182828000
1776182830.793,130.793,0.37,6.94,0.36,5.0,0.53,10.0,0.6,27.0,0.47,10.0,0.4,27.0,0.63,6.94,0.64,5.0,0.16,0.16,624.533,1776182829000
1776182831.475,131.475,0.37,6.94,0.36,5.0,0.53,10.0,0.6,27.0,0.47,10.0,0.4,27.0,0.63,6.94,0.64,5.0,0.16,0.16,624.543,1776182830000
1776182832.149,132.149,0.37,6.94,0.36,5.0,0.53,10.0,0.6,27.0,0.47,10.0,0.4,27.0,0.63,6.94,0.64,5.0,0.16,0.16,624.543,1776182831000
1776182833.433,133.433,0.37,6.94,0.36,5.0,0.53,10.0,0.6,27.0,0.47,10.0,0.4,27.0,0.63,6.94,0.64,5.0,0.16,0.16,624.574,1776182832000
1776182834.212,134.212,0.37,6.94,0.36,5.0,0.53,10.0,0.6,27.0,0.47,10.0,0.4,27.0,0.63,6.94,0.64,5.0,0.16,0.16,624.574,1776182833000
1776182835.803,135.803,0.37,6.94,0.36,5.0,0.53,10.0,0.6,27.0,0.47,10.0,0.4,27.0,0.63,6.94,0.64,5.0,0.16,0.16,624.711,1776182834000
1776182836.489,136.489,0.37,6.94,0.36,5.0,0.53,10.0,0.6,27.0,0.47,10.0,0.4,27.0,0.63,6.94,0.64,5.0,0.16,0.16,624.769,1776182835000
1776182837.239,137.239,0.37,6.94,0.36,5.0,0.53,10.0,0.6,27.0,0.47,10.0,0.4,27.0,0.63,6.94,0.64,5.0,0.16,0.16,624.758,1776182836000
1776182838.642,138.642,0.37,6.94,0.36,5.0,0.53,10.0,0.6,27.0,0.47,10.0,0.4,27.0,0.63,6.94,0.64,5.0,0.16,0.16,624.77,1776182837000
1776182839.339,139.339,0.37,6.94,0.36,5.0,0.53,10.0,0.6,27.0,0.47,10.0,0.4,27.0,0.63,6.94,0.64,5.0,0.16,0.16,624.77,1776182838000
1776182840.049,140.049,0.37,6.94,0.36,5.0,0.53,10.0,0.6,27.0,0.47,10.0,0.4,27.0,0.63,6.94,0.64,5.0,0.16,0.16,624.77,1776182839000
1776182841.582,141.582,0.37,6.94,0.36,5.0,0.53,10.0,0.6,27.0,0.47,10.0,0.4,27.0,0.63,6.94,0.64,5.0,0.16,0.16,624.635328,1776182840000
1776182842.327,142.327,0.37,6.94,0.36,5.0,0.53,10.0,0.6,27.0,0.47,10.0,0.4,27.0,0.63,6.94,0.64,5.0,0.16,0.16,624.623,1776182841000
1776182843.222,143.222,0.37,6.94,0.36,5.0,0.53,10.0,0.6,27.0,0.47,10.0,0.4,27.0,0.63,6.94,0.64,5.0,0.16,0.16,624.609,1776182842000
1776182844.793,144.793,0.37,6.94,0.36,5.0,0.53,10.0,0.6,27.0,0.47,10.0,0.4,27.0,0.63,6.94,0.64,5.0,0.16,0.16,624.627,1776182843000
1776182845.552,145.552,0.37,6.94,0.36,5.0,0.53,10.0,0.6,27.0,0.47,10.0,0.4,27.0,0.63,6.94,0.64,5.0,0.16,0.16,624.629,1776182844000
1776182846.357,146.357,0.37,6.94,0.36,5.0,0.53,10.0,0.6,27.0,0.47,10.0,0.4,27.0,0.63,6.94,0.64,5.0,0.16,0.16,624.629,1776182845000
1776182847.489,147.489,0.37,6.94,0.36,5.0,0.53,10.0,0.6,27.0,0.47,10.0,0.4,27.0,0.63,6.94,0.64,5.0,0.16,0.16,624.632,1776182846000
1776182848.004,148.004,0.37,6.94,0.36,5.0,0.53,10.0,0.6,27.0,0.47,10.0,0.4,27.0,0.63,6.94,0.64,5.0,0.16,0.16,624.632,1776182847000
1776182849.035,149.035,0.37,6.94,0.36,5.0,0.53,10.0,0.6,27.0,0.47,10.0,0.4,27.0,0.63,6.94,0.64,5.0,0.16,0.16,624.627,1776182848000
1776182850.154,150.154,0.37,6.94,0.36,5.0,0.53,10.0,0.6,27.0,0.47,10.0,0.4,27.0,0.63,6.94,0.64,5.0,0.16,0.16,624.629,1776182849000
1776182851.149,151.149,0.37,6.94,0.36,5.0,0.53,10.0,0.6,27.0,0.47,10.0,0.4,27.0,0.63,6.94,0.64,5.0,0.16,0.16,624.629,1776182850000
1776182852.228,152.228,0.37,6.94,0.36,5.0,0.53,10.0,0.6,27.0,0.47,10.0,0.4,27.0,0.63,6.94,0.64,5.0,0.16,0.16,624.627,1776182851000
1776182853.281,153.281,0.37,6.94,0.36,5.0,0.53,10.0,0.6,27.0,0.47,10.0,0.4,27.0,0.63,6.94,0.64,5.0,0.16,0.16,624.628,1776182852000
1776182854.373,154.373,0.37,6.94,0.36,5.0,0.53,10.0,0.6,27.0,0.47,10.0,0.4,27.0,0.63,6.94,0.64,5.0,0.16,0.16,624.627,1776182853000
1776182854.84,154.84,0.37,6.94,0.36,5.0,0.53,10.0,0.6,27.0,0.47,10.0,0.4,27.0,0.63,6.94,0.64,5.0,0.16,0.16,624.627,1776182854000
1776182855.862,155.862,0.37,6.94,0.36,5.0,0.53,10.0,0.6,27.0,0.47,10.0,0.4,27.0,0.63,6.94,0.64,5.0,0.16,0.16,624.617,1776182855000
1776182856.98,156.98,0.37,6.94,0.36,5.0,0.53,10.0,0.6,27.0,0.47,10.0,0.4,27.0,0.63,6.94,0.64,5.0,0.16,0.16,624.631,1776182856000
1776182858.026,158.026,0.37,6.94,0.36,5.0,0.53,10.0,0.6,27.0,0.47,10.0,0.4,27.0,0.63,6.94,0.64,5.0,0.16,0.16,624.717,1776182857000
1776182859.074,159.074,0.37,6.94,0.36,5.0,0.53,10.0,0.6,27.0,0.47,10.0,0.4,27.0,0.63,6.94,0.64,5.0,0.16,0.16,624.726,1776182858000
1776182860.058,160.058,0.37,6.94,0.36,5.0,0.53,10.0,0.6,27.0,0.47,10.0,0.4,27.0,0.63,6.94,0.64,5.0,0.16,0.16,624.732,1776182859000
1776182861.02,161.02,0.37,6.94,0.36,5.0,0.53,10.0,0.6,27.0,0.47,10.0,0.4,27.0,0.63,6.94,0.64,5.0,0.16,0.16,624.724,1776182860000
1776182862.29,162.29,0.37,6.94,0.36,5.0,0.53,10.0,0.6,27.0,0.47,10.0,0.4,27.0,0.63,6.94,0.64,5.0,0.16,0.16,624.721,1776182861000
1776182863.435,163.435,0.37,6.94,0.36,5.0,0.53,10.0,0.6,27.0,0.47,10.0,0.4,27.0,0.63,6.94,0.64,5.0,0.16,0.16,624.727,1776182862000
1776182863.917,163.917,0.6,10.0,0.59,18.7,0.71,4.0,0.72,5.0,0.29,4.0,0.28,5.0,0.4,10.0,0.41,18.7,0.11,0.11,624.727,1776182863000
1776182865.126,165.126,0.6,10.0,0.59,18.7,0.71,4.0,0.72,5.0,0.29,4.0,0.28,5.0,0.4,10.0,0.41,18.7,0.11,0.11,624.731,1776182864000
1776182865.404,165.404,0.6,10.0,0.59,10.7,0.72,1.06,0.73,5.0,0.29,4.0,0.28,5.0,0.4,10.0,0.41,18.7,0.12,0.11,624.731,1776182864000
1776182866.213,166.213,0.6,10.0,0.59,10.7,0.72,1.06,0.73,5.0,0.28,1.06,0.27,5.0,0.4,10.0,0.41,10.7,0.12,0.12,624.721,1776182865000
1776182867.49,167.49,0.6,10.0,0.59,10.7,0.72,1.06,0.73,5.0,0.28,1.06,0.27,5.0,0.4,10.0,0.41,10.7,0.12,0.12,624.698,1776182866000
1776182867.905,167.905,0.6,10.0,0.59,10.7,0.72,1.06,0.73,5.0,0.28,1.06,0.27,5.0,0.4,10.0,0.41,10.7,0.12,0.12,624.698,1776182867000
1776182869.139,169.139,0.6,10.0,0.59,10.7,0.72,1.06,0.73,5.0,0.28,1.06,0.27,5.0,0.4,10.0,0.41,10.7,0.12,0.12,624.697,1776182868000
1776182870.243,170.243,0.6,10.0,0.59,10.7,0.72,1.06,0.73,5.0,0.28,1.06,0.27,5.0,0.4,10.0,0.41,10.7,0.12,0.12,624.687,1776182869000
1776182871.466,171.466,0.6,10.0,0.59,10.7,0.72,1.06,0.73,5.0,0.28,1.06,0.27,5.0,0.4,10.0,0.41,10.7,0.12,0.12,624.683,1776182870000
1776182872.027,172.027,0.6,10.0,0.59,10.7,0.72,1.06,0.73,5.0,0.28,1.06,0.27,5.0,0.4,10.0,0.41,10.7,0.12,0.12,624.683,1776182871000
1776182873.174,173.174,0.6,10.0,0.59,10.7,0.72,1.06,0.73,5.0,0.28,1.06,0.27,5.0,0.4,10.0,0.41,10.7,0.12,0.12,624.68,1776182872000
1776182874.292,174.292,0.6,10.0,0.59,10.7,0.72,1.06,0.73,5.0,0.28,1.06,0.27,5.0,0.4,10.0,0.41,10.7,0.12,0.12,624.686,1776182873000
1776182875.899,175.899,0.6,10.0,0.59,10.7,0.72,1.06,0.73,5.0,0.28,1.06,0.27,5.0,0.4,10.0,0.41,10.7,0.12,0.12,624.686,1776182874000
1776182876.389,176.389,0.6,10.0,0.59,10.7,0.72,1.06,0.73,5.0,0.28,1.06,0.27,5.0,0.4,10.0,0.41,10.7,0.12,0.12,624.687,1776182875000
1776182876.955,176.955,0.6,10.0,0.59,10.7,0.72,1.06,0.73,5.0,0.28,1.06,0.27,5.0,0.4,10.0,0.41,10.7,0.12,0.12,624.687,1776182876000
1776182877.96,177.96,0.6,10.0,0.59,10.7,0.72,1.06,0.73,5.0,0.28,1.06,0.27,5.0,0.4,10.0,0.41,10.7,0.12,0.12,624.692,1776182877000
1776182878.941,178.941,0.6,10.0,0.59,10.7,0.72,1.06,0.73,5.0,0.28,1.06,0.27,5.0,0.4,10.0,0.41,10.7,0.12,0.12,624.706,1776182878000
1776182879.971,179.971,0.6,10.0,0.59,10.7,0.72,1.06,0.73,5.0,0.28,1.06,0.27,5.0,0.4,10.0,0.41,10.7,0.12,0.12,624.724,1776182879000
1776182881.023,181.023,0.6,10.0,0.59,10.7,0.72,1.06,0.73,5.0,0.28,1.06,0.27,5.0,0.4,10.0,0.41,10.7,0.12,0.12,624.729,1776182880000
1776182882.082,182.082,0.6,10.0,0.59,10.7,0.72,1.06,0.73,5.0,0.28,1.06,0.27,5.0,0.4,10.0,0.41,10.7,0.12,0.12,624.729,1776182881000
1776182883.081,183.081,0.6,10.0,0.59,10.7,0.72,1.06,0.73,5.0,0.28,1.06,0.27,5.0,0.4,10.0,0.41,10.7,0.12,0.12,624.73,1776182882000
1776182884.076,184.076,0.6,10.0,0.59,10.7,0.72,1.06,0.73,5.0,0.28,1.06,0.27,5.0,0.4,10.0,0.41,10.7,0.12,0.12,624.728,1776182883000
1776182885.068,185.068,0.6,10.0,0.59,10.7,0.72,1.06,0.73,5.0,0.28,1.06,0.27,5.0,0.4,10.0,0.41,10.7,0.12,0.12,624.731,1776182884000
1776182886.139,186.139,0.6,10.0,0.59,10.7,0.72,1.06,0.73,5.0,0.28,1.06,0.27,5.0,0.4,10.0,0.41,10.7,0.12,0.12,624.731,1776182885000
1776182887.114,187.114,0.6,10.0,0.59,10.7,0.72,1.06,0.73,5.0,0.28,1.06,0.27,5.0,0.4,10.0,0.41,10.7,0.12,0.12,624.729,1776182886000
1776182888.096,188.096,0.6,10.0,0.59,10.7,0.72,1.06,0.73,5.0,0.28,1.06,0.27,5.0,0.4,10.0,0.41,10.7,0.12,0.12,624.712,1776182887000
1776182888.922,188.922,0.6,10.0,0.59,10.7,0.72,1.06,0.73,5.0,0.28,1.06,0.27,5.0,0.4,10.0,0.41,10.7,0.12,0.12,624.711,1776182888000
1776182890.009,190.009,0.6,10.0,0.59,10.7,0.72,1.06,0.73,5.0,0.28,1.06,0.27,5.0,0.4,10.0,0.41,10.7,0.12,0.12,624.711,1776182889000
1776182891.099,191.099,0.6,10.0,0.59,10.7,0.72,1.06,0.73,5.0,0.28,1.06,0.27,5.0,0.4,10.0,0.41,10.7,0.12,0.12,624.71,1776182890000
1776182892.23,192.23,0.6,10.0,0.59,10.7,0.72,1.06,0.73,5.0,0.28,1.06,0.27,5.0,0.4,10.0,0.41,10.7,0.12,0.12,624.714,1776182891000
1776182893.267,193.267,0.6,10.0,0.59,10.7,0.72,1.06,0.73,5.0,0.28,1.06,0.27,5.0,0.4,10.0,0.41,10.7,0.12,0.12,624.761486,1776182892000
1776182894.347,194.347,0.6,10.0,0.59,10.7,0.72,1.06,0.73,5.0,0.28,1.06,0.27,5.0,0.4,10.0,0.41,10.7,0.12,0.12,624.765732,1776182893000
1776182895.368,195.368,0.6,10.0,0.59,10.7,0.72,1.06,0.73,5.0,0.28,1.06,0.27,5.0,0.4,10.0,0.41,10.7,0.12,0.12,624.875,1776182894000
1776182895.921,195.921,0.6,10.0,0.59,10.7,0.72,1.06,0.73,5.0,0.28,1.06,0.27,5.0,0.4,10.0,0.41,10.7,0.12,0.12,624.875,1776182895000
1776182897.029,197.029,0.72,12.9,0.71,19.6,0.83,5.0,0.84,5.0,0.17,5.0,0.16,5.0,0.28,12.9,0.29,19.6,0.11,0.11,624.872,1776182896000
1776182898.022,198.022,0.72,12.9,0.71,19.6,0.83,5.0,0.84,5.0,0.17,5.0,0.16,5.0,0.28,12.9,0.29,19.6,0.11,0.11,624.87,1776182897000
1776182899.174,199.174,0.72,12.9,0.71,19.6,0.83,5.0,0.84,5.0,0.17,5.0,0.16,5.0,0.28,12.9,0.29,19.6,0.11,0.11,624.878,1776182898000
1776182900.126,200.126,0.72,12.9,0.71,19.6,0.83,5.0,0.84,5.0,0.17,5.0,0.16,5.0,0.28,12.9,0.29,19.6,0.11,0.11,624.885,1776182899000
1776182901.203,201.203,0.72,12.9,0.71,19.6,0.83,5.0,0.84,5.0,0.17,5.0,0.16,5.0,0.28,12.9,0.29,19.6,0.11,0.11,624.888,1776182900000
1776182904.45,204.45,0.72,12.9,0.71,19.6,0.83,5.0,0.84,5.0,0.17,5.0,0.16,5.0,0.28,12.9,0.29,19.6,0.11,0.11,624.884,1776182901000
1776182904.991,204.991,0.72,12.9,0.71,19.6,0.83,5.0,0.84,5.0,0.17,5.0,0.16,5.0,0.28,12.9,0.29,19.6,0.11,0.11,624.89,1776182904000
1776182905.982,205.982,0.72,12.9,0.71,19.6,0.83,5.0,0.84,5.0,0.17,5.0,0.16,5.0,0.28,12.9,0.29,19.6,0.11,0.11,624.88,1776182905000
1776182906.93,206.93,0.72,12.9,0.71,19.6,0.83,5.0,0.84,5.0,0.17,5.0,0.16,5.0,0.28,12.9,0.29,19.6,0.11,0.11,624.88,1776182906000
1776182908.036,208.036,0.72,12.9,0.71,19.6,0.83,5.0,0.84,5.0,0.17,5.0,0.16,5.0,0.28,12.9,0.29,19.6,0.11,0.11,624.875,1776182907000
1776182909.062,209.062,0.72,12.9,0.71,19.6,0.83,5.0,0.84,5.0,0.17,5.0,0.16,5.0,0.28,12.9,0.29,19.6,0.11,0.11,624.881,1776182908000
1776182909.863,209.863,0.72,12.9,0.71,19.6,0.83,5.0,0.84,5.0,0.17,5.0,0.16,5.0,0.28,12.9,0.29,19.6,0.11,0.11,624.881,1776182909000
1776182910.694,210.694,0.86,10.0,0.85,10.0,0.9,3.88,0.94,46.1,0.17,5.0,0.16,5.0,0.28,12.9,0.29,19.6,0.04,0.11,624.881,1776182909000
1776182911.342,211.342,0.86,10.0,0.85,10.0,0.9,3.88,0.94,46.1,0.1,3.88,0.06,46.1,0.14,10.0,0.15,10.0,0.04,0.04,624.93694,1776182910000
1776182912.304,212.304,0.86,10.0,0.85,10.0,0.9,3.88,0.94,46.1,0.1,3.88,0.06,46.1,0.14,10.0,0.15,10.0,0.04,0.04,624.93694,1776182911000
1776182913.275,213.275,0.86,10.0,0.85,5.0,0.95,80.58,0.96,72.7,0.1,3.88,0.06,46.1,0.14,10.0,0.15,10.0,0.09,0.04,624.93694,1776182911000
1776182914.338,214.338,0.86,10.0,0.85,5.0,0.95,80.58,0.96,72.7,0.05,80.58,0.04,72.7,0.14,10.0,0.15,5.0,0.09,0.09,624.885,1776182913000
1776182915.32,215.32,0.86,10.0,0.85,5.0,0.95,80.58,0.96,72.7,0.05,80.58,0.04,72.7,0.14,10.0,0.15,5.0,0.09,0.09,624.919144,1776182914000
1776182915.737,215.737,0.86,10.0,0.85,5.0,0.95,40.58,0.96,72.7,0.05,80.58,0.04,72.7,0.14,10.0,0.15,5.0,0.09,0.09,624.919144,1776182914000
1776182916.308,216.308,0.86,10.0,0.85,5.0,0.95,40.58,0.96,72.7,0.05,40.58,0.04,72.7,0.14,10.0,0.15,5.0,0.09,0.09,624.963,1776182915000
1776182917.8,217.8,0.86,10.0,0.85,5.0,0.95,40.58,0.96,72.7,0.05,40.58,0.04,72.7,0.14,10.0,0.15,5.0,0.09,0.09,624.935,1776182916000
1776182918.291,218.291,0.86,10.0,0.85,5.0,0.95,40.58,0.96,72.7,0.05,40.58,0.04,72.7,0.14,10.0,0.15,5.0,0.09,0.09,624.959586,1776182917000
1776182919.3,219.3,0.86,10.0,0.85,5.0,0.95,40.58,0.96,72.7,0.05,40.58,0.04,72.7,0.14,10.0,0.15,5.0,0.09,0.09,625.055,1776182918000
1776182920.213,220.213,0.86,10.0,0.85,5.0,0.95,40.58,0.96,72.7,0.05,40.58,0.04,72.7,0.14,10.0,0.15,5.0,0.09,0.09,625.094,1776182919000
1776182920.824,220.824,0.91,31.7,0.9,28.9,0.96,2.91,0.98,142.69,0.05,40.58,0.04,72.7,0.14,10.0,0.15,5.0,0.05,0.09,625.094,1776182919000
1776182921.197,221.197,0.91,31.7,0.9,28.9,0.96,2.91,0.98,142.69,0.04,2.91,0.02,142.69,0.09,31.7,0.1,28.9,0.05,0.05,625.070657,1776182920000
1776182922.129,222.129,0.91,31.7,0.9,28.9,0.96,2.91,0.98,142.69,0.04,2.91,0.02,142.69,0.09,31.7,0.1,28.9,0.05,0.05,625.091903,1776182921000
1776182923.088,223.088,0.91,31.7,0.9,28.9,0.96,2.91,0.98,142.69,0.04,2.91,0.02,142.69,0.09,31.7,0.1,28.9,0.05,0.05,625.145,1776182922000
1776182923.994,223.994,0.91,31.7,0.9,28.9,0.96,2.91,0.98,142.69,0.04,2.91,0.02,142.69,0.09,31.7,0.1,28.9,0.05,0.05,625.152687,1776182923000
1776182924.919,224.919,0.91,31.7,0.9,28.9,0.96,2.91,0.98,142.69,0.04,2.91,0.02,142.69,0.09,31.7,0.1,28.9,0.05,0.05,625.16837,1776182924000
1776182925.909,225.909,0.91,31.7,0.9,28.9,0.96,2.91,0.98,142.69,0.04,2.91,0.02,142.69,0.09,31.7,0.1,28.9,0.05,0.05,625.24,1776182925000
1776182926.758,226.758,0.95,64.96,0.94,56.1,0.99,424.11,,,0.04,2.91,0.02,142.69,0.09,31.7,0.1,28.9,0.04,0.05,625.24,1776182925000
1776182927.995,227.995,0.95,64.96,0.94,56.1,0.99,424.11,,,0.01,424.11,,,0.05,64.96,0.06,56.1,0.04,0.04,625.177894,1776182927000
1776182929.487,229.487,0.95,64.96,0.94,56.1,0.99,424.11,,,0.01,424.11,,,0.05,64.96,0.06,56.1,0.04,0.04,625.284,1776182928000
1776182930.467,230.467,0.95,64.96,0.94,56.1,0.99,424.11,,,0.01,424.11,,,0.05,64.96,0.06,56.1,0.04,0.04,625.312,1776182929000
1776182931.054,231.054,0.96,67.7,0.95,59.96,0.99,373.11,,,0.01,424.11,,,0.05,64.96,0.06,56.1,0.03,0.04,625.312,1776182929000
1776182932.391,232.391,0.96,67.7,0.95,59.96,0.99,373.11,,,0.01,373.11,,,0.04,67.7,0.05,59.96,0.03,0.03,625.331,1776182931000
1776182933.14,233.14,0.96,67.7,0.95,59.96,0.99,373.11,,,0.01,373.11,,,0.04,67.7,0.05,59.96,0.03,0.03,625.331,1776182932000
1776182934.418,234.418,0.96,67.7,0.95,59.96,0.99,373.11,,,0.01,373.11,,,0.04,67.7,0.05,59.96,0.03,0.03,625.275263,1776182933000
1776182935.071,235.071,0.96,67.7,0.95,59.96,0.99,373.11,,,0.01,373.11,,,0.04,67.7,0.05,59.96,0.03,0.03,625.288,1776182934000
1776182936.253,236.253,0.96,67.7,0.95,59.96,0.99,373.11,,,0.01,373.11,,,0.04,67.7,0.05,59.96,0.03,0.03,625.355,1776182935000
1776182937.279,237.279,0.98,14.14,0.97,89.3,0.99,74.49,,,0.01,373.11,,,0.04,67.7,0.05,59.96,0.01,0.03,625.355,1776182935000
1776182937.533,237.533,0.98,14.14,0.97,89.3,0.99,74.49,,,0.01,74.49,,,0.02,14.14,0.03,89.3,0.01,0.01,625.317,1776182936000
1776182938.085,238.085,0.98,14.14,0.97,89.3,0.99,74.49,,,0.01,74.49,,,0.02,14.14,0.03,89.3,0.01,0.01,625.423,1776182937000
1776182943.238,243.238,0.98,14.14,0.97,89.3,0.99,74.49,,,0.01,74.49,,,0.02,14.14,0.03,89.3,0.01,0.01,625.418,1776182938000
1776182944.139,244.139,0.98,14.14,0.97,89.3,0.99,74.49,,,0.01,74.49,,,0.02,14.14,0.03,89.3,0.01,0.01,625.43,1776182939000
1776182944.519,244.519,0.98,14.14,0.97,89.3,0.99,74.49,,,0.01,74.49,,,0.02,14.14,0.03,89.3,0.01,0.01,625.327,1776182943000
1776182945.05,245.05,0.98,14.14,0.97,89.3,0.99,74.49,,,0.01,74.49,,,0.02,14.14,0.03,89.3,0.01,0.01,625.327,1776182944000
1776182946.564,246.564,0.98,14.14,0.97,89.3,0.99,74.49,,,0.01,74.49,,,0.02,14.14,0.03,89.3,0.01,0.01,625.309,1776182945000
1776182947.055,247.055,0.98,14.14,0.97,89.3,0.99,74.49,,,0.01,74.49,,,0.02,14.14,0.03,89.3,0.01,0.01,625.309,1776182946000
1776182948.086,248.086,0.98,14.14,0.97,89.3,0.99,74.49,,,0.01,74.49,,,0.02,14.14,0.03,89.3,0.01,0.01,625.289392,1776182947000
1776182949.182,249.182,0.98,14.14,0.97,89.3,0.99,74.49,,,0.01,74.49,,,0.02,14.14,0.03,89.3,0.01,0.01,625.236257,1776182948000
1776182950.236,250.236,0.98,14.14,0.97,89.3,0.99,74.49,,,0.01,74.49,,,0.02,14.14,0.03,89.3,0.01,0.01,625.301813,1776182949000
1776182951.297,251.297,0.98,14.14,0.97,89.3,0.99,74.49,,,0.01,74.49,,,0.02,14.14,0.03,89.3,0.01,0.01,625.372,1776182950000
1776182952.385,252.385,0.98,14.14,0.97,89.3,0.99,74.49,,,0.01,74.49,,,0.02,14.14,0.03,89.3,0.01,0.01,625.27018,1776182951000
1776182953.031,253.031,0.98,14.14,0.97,89.3,0.99,74.49,,,0.01,74.49,,,0.02,14.14,0.03,89.3,0.01,0.01,625.26045,1776182952000
1776182954.119,254.119,0.98,14.14,0.97,89.3,0.99,74.49,,,0.01,74.49,,,0.02,14.14,0.03,89.3,0.01,0.01,625.201,1776182953000
1776182955.108,255.108,0.98,14.14,0.97,89.3,0.99,74.49,,,0.01,74.49,,,0.02,14.14,0.03,89.3,0.01,0.01,625.194,1776182954000
1776182956.127,256.127,0.98,14.14,0.97,89.3,0.99,74.49,,,0.01,74.49,,,0.02,14.14,0.03,89.3,0.01,0.01,625.179,1776182955000
1776182957.128,257.128,0.98,14.14,0.97,89.3,0.99,74.49,,,0.01,74.49,,,0.02,14.14,0.03,89.3,0.01,0.01,625.18,1776182956000
1776182958.1,258.1,0.98,14.14,0.97,89.3,0.99,74.49,,,0.01,74.49,,,0.02,14.14,0.03,89.3,0.01,0.01,625.051,1776182957000
1776182959.137,259.137,0.98,14.14,0.97,89.3,0.99,74.49,,,0.01,74.49,,,0.02,14.14,0.03,89.3,0.01,0.01,625.052,1776182958000
1776182960.486,260.486,0.98,14.14,0.97,89.3,0.99,74.49,,,0.01,74.49,,,0.02,14.14,0.03,89.3,0.01,0.01,625.05,1776182959000
1776182960.945,260.945,0.98,14.14,0.97,89.3,0.99,74.49,,,0.01,74.49,,,0.02,14.14,0.03,89.3,0.01,0.01,625.056,1776182960000
1776182962.022,262.022,0.98,14.14,0.97,89.3,0.99,74.49,,,0.01,74.49,,,0.02,14.14,0.03,89.3,0.01,0.01,625.071,1776182961000
1776182963.25,263.25,0.98,14.14,0.97,89.3,0.99,74.49,,,0.01,74.49,,,0.02,14.14,0.03,89.3,0.01,0.01,625.068,1776182962000
1776182964.374,264.374,0.98,14.14,0.97,89.3,0.99,74.49,,,0.01,74.49,,,0.02,14.14,0.03,89.3,0.01,0.01,625.123,1776182963000
1776182964.994,264.994,0.98,14.14,0.97,89.3,0.99,74.49,,,0.01,74.49,,,0.02,14.14,0.03,89.3,0.01,0.01,625.123,1776182964000
1776182965.741,265.741,0.98,151.83,0.97,89.3,0.99,84.49,,,0.01,74.49,,,0.02,14.14,0.03,89.3,0.01,0.01,625.123,1776182964000
1776182966.026,266.026,0.98,151.83,0.97,89.3,0.99,84.49,,,0.01,84.49,,,0.02,151.83,0.03,89.3,0.01,0.01,625.172,1776182965000
1776182967.151,267.151,0.98,151.83,0.97,89.3,0.99,84.49,,,0.01,84.49,,,0.02,151.83,0.03,89.3,0.01,0.01,625.221,1776182966000
1776182968.242,268.242,0.98,151.83,0.97,89.3,0.99,84.49,,,0.01,84.49,,,0.02,151.83,0.03,89.3,0.01,0.01,625.189,1776182967000
1776182968.569,268.569,0.98,151.83,0.97,89.3,0.99,83.47,,,0.01,84.49,,,0.02,151.83,0.03,89.3,0.01,0.01,625.189,1776182967000
1776182969.361,269.361,0.98,151.83,0.97,89.3,0.99,76.93,,,0.01,76.93,,,0.02,151.83,0.03,89.3,0.01,0.01,625.233,1776182968000
1776182969.927,269.927,0.98,151.83,0.97,89.3,0.99,76.93,,,0.01,76.93,,,0.02,151.83,0.03,89.3,0.01,0.01,625.233,1776182969000
1776182971.015,271.015,0.98,151.83,0.97,89.3,0.99,76.93,,,0.01,76.93,,,0.02,151.83,0.03,89.3,0.01,0.01,625.223,1776182970000
1776182972.082,272.082,0.98,151.83,0.97,89.3,0.99,76.93,,,0.01,76.93,,,0.02,151.83,0.03,89.3,0.01,0.01,625.223,1776182971000
1776182973.204,273.204,0.98,151.83,0.97,89.3,0.99,76.93,,,0.01,76.93,,,0.02,151.83,0.03,89.3,0.01,0.01,625.200832,1776182972000
1776182973.977,273.977,0.98,151.83,0.97,89.3,0.99,75.91,,,0.01,76.93,,,0.02,151.83,0.03,89.3,0.01,0.01,625.200832,1776182972000
1776182974.882,274.882,0.98,151.83,0.97,89.3,0.99,75.91,,,0.01,75.91,,,0.02,151.83,0.03,89.3,0.01,0.01,625.256,1776182973000
1776182975.807,275.807,0.98,151.83,0.97,89.3,0.99,75.91,,,0.01,75.91,,,0.02,151.83,0.03,89.3,0.01,0.01,625.197,1776182974000
1776182976.607,276.607,0.98,151.83,0.97,89.3,0.99,75.91,,,0.01,75.91,,,0.02,151.83,0.03,89.3,0.01,0.01,625.172,1776182975000
1776182977.405,277.405,0.98,151.83,0.97,89.3,0.99,75.91,,,0.01,75.91,,,0.02,151.83,0.03,89.3,0.01,0.01,625.13,1776182976000
1776182978.169,278.169,0.98,151.83,0.97,89.3,0.99,75.91,,,0.01,75.91,,,0.02,151.83,0.03,89.3,0.01,0.01,625.13,1776182977000
1776182979.628,279.628,0.98,151.83,0.97,89.3,0.99,75.91,,,0.01,75.91,,,0.02,151.83,0.03,89.3,0.01,0.01,625.12,1776182978000
1776182980.447,280.447,0.98,151.83,0.97,89.3,0.99,75.91,,,0.01,75.91,,,0.02,151.83,0.03,89.3,0.01,0.01,625.12,1776182979000
1776182981.103,281.103,0.98,151.83,0.97,89.3,0.99,75.91,,,0.01,75.91,,,0.02,151.83,0.03,89.3,0.01,0.01,625.132,1776182980000
1776182982.424,282.424,0.98,151.83,0.97,89.3,0.99,75.91,,,0.01,75.91,,,0.02,151.83,0.03,89.3,0.01,0.01,625.097,1776182981000
1776182982.772,282.772,0.98,19.14,0.96,5.0,0.99,67.87,,,0.01,75.91,,,0.02,151.83,0.03,89.3,0.01,0.01,625.097,1776182981000
1776182983.316,283.316,0.98,19.14,0.96,5.0,0.99,67.87,,,0.01,67.87,,,0.02,19.14,0.04,5.0,0.01,0.01,625.006,1776182982000
1776182983.526,283.526,0.98,19.14,0.96,5.0,0.99,62.82,,,0.01,67.87,,,0.02,19.14,0.04,5.0,0.01,0.01,625.006,1776182982000
1776182984.726,284.726,0.99,7.88,0.98,19.14,,,,,,,,,0.01,7.88,0.02,19.14,,,624.996945,1776182983000
1776182985.374,285.374,0.99,7.88,0.98,19.14,,,,,,,,,0.01,7.88,0.02,19.14,,,624.996945,1776182984000
1776182986.819,286.819,0.99,7.88,0.98,19.14,,,,,,,,,0.01,7.88,0.02,19.14,,,624.996,1776182985000
1776182987.423,287.423,0.99,7.88,0.98,19.14,,,,,,,,,0.01,7.88,0.02,19.14,,,624.996,1776182986000
1776182988.196,288.196,0.99,7.88,0.98,19.14,,,,,,,,,0.01,7.88,0.02,19.14,,,624.995161,1776182987000
1776182989.454,289.454,0.99,7.88,0.98,19.14,,,,,,,,,0.01,7.88,0.02,19.14,,,624.994968,1776182988000
1776182990.254,290.254,0.99,7.88,0.98,19.14,,,,,,,,,0.01,7.88,0.02,19.14,,,624.997199,1776182989000
1776182991.516,291.516,0.99,7.88,0.98,19.14,,,,,,,,,0.01,7.88,0.02,19.14,,,625.05,1776182990000
1776182992.149,292.149,0.99,7.88,0.98,19.14,,,,,,,,,0.01,7.88,0.02,19.14,,,625.05,1776182991000
1776182993.214,293.214,0.99,7.88,0.98,19.14,,,,,,,,,0.01,7.88,0.02,19.14,,,625.07,1776182992000
1776182994.361,294.361,0.99,7.88,0.98,19.14,,,,,,,,,0.01,7.88,0.02,19.14,,,625.064,1776182993000
1776182995.471,295.471,0.99,7.88,0.98,19.14,,,,,,,,,0.01,7.88,0.02,19.14,,,625.143,1776182994000
1776182996.163,296.163,0.99,7.88,0.98,19.14,,,,,,,,,0.01,7.88,0.02,19.14,,,625.146,1776182995000
1776182997.346,297.346,0.99,7.88,0.98,19.14,,,,,,,,,0.01,7.88,0.02,19.14,,,625.146,1776182996000
1776182997.903,297.903,0.99,7.88,0.98,19.14,,,,,,,,,0.01,7.88,0.02,19.14,,,625.142,1776182997000
1776182998.974,298.974,0.99,7.88,0.98,19.14,,,,,,,,,0.01,7.88,0.02,19.14,,,625.155,1776182998000
1776183000.13,300.13,0.99,7.88,0.98,19.14,,,,,,,,,0.01,7.88,0.02,19.14,,,625.159,1776182999000

# RESULT,winner=Up,slug=bnb-updown-5m-1776182700,ticks=302
