timestamp,elapsed_sec,up_bid_p1,up_bid_s1,up_bid_p2,up_bid_s2,up_bid_p3,up_bid_s3,up_bid_p4,up_bid_s4,up_bid_p5,up_bid_s5,up_ask_p1,up_ask_s1,up_ask_p2,up_ask_s2,up_ask_p3,up_ask_s3,up_ask_p4,up_ask_s4,up_ask_p5,up_ask_s5,down_bid_p1,down_bid_s1,down_bid_p2,down_bid_s2,down_bid_p3,down_bid_s3,down_bid_p4,down_bid_s4,down_bid_p5,down_bid_s5,down_ask_p1,down_ask_s1,down_ask_p2,down_ask_s2,down_ask_p3,down_ask_s3,down_ask_p4,down_ask_s4,down_ask_p5,down_ask_s5,up_spread,down_spread,bnb_price,bnb_oracle_ts
1776170112.034,12.034,0.52,0.1,0.5,1.88,0.43,10.0,0.37,15.0,0.36,5.0,0.54,5.0,0.55,5.0,0.56,11.0,0.6,10.0,0.61,55.0,0.46,5.0,0.45,5.0,0.44,11.0,0.4,10.0,0.39,55.0,0.48,0.1,0.5,1.88,0.57,10.0,0.63,15.0,0.64,5.0,0.02,0.02,615.846,1776170110000
1776170112.349,12.349,0.52,0.1,0.5,1.88,0.43,10.0,0.37,15.0,0.36,5.0,0.54,5.0,0.55,5.0,0.57,11.0,0.6,10.0,0.61,55.0,0.46,5.0,0.45,5.0,0.44,11.0,0.4,10.0,0.39,55.0,0.48,0.1,0.5,1.88,0.57,10.0,0.63,15.0,0.64,5.0,0.02,0.02,615.846,1776170110000
1776170113.019,13.019,0.52,0.1,0.5,1.88,0.43,10.0,0.37,15.0,0.36,5.0,0.54,5.0,0.55,5.0,0.57,11.0,0.6,10.0,0.61,55.0,0.46,5.0,0.45,5.0,0.43,11.0,0.4,10.0,0.39,55.0,0.48,0.1,0.5,1.88,0.57,10.0,0.63,15.0,0.64,5.0,0.02,0.02,615.82,1776170112000
1776170114.389,14.389,0.52,0.1,0.5,1.88,0.43,10.0,0.37,15.0,0.36,5.0,0.54,5.0,0.55,5.0,0.57,11.0,0.6,10.0,0.61,55.0,0.46,5.0,0.45,5.0,0.43,11.0,0.4,10.0,0.39,55.0,0.48,0.1,0.5,1.88,0.57,10.0,0.63,15.0,0.64,5.0,0.02,0.02,615.82,1776170113000
1776170115.243,15.243,0.52,0.1,0.5,1.88,0.43,10.0,0.37,15.0,0.36,5.0,0.54,5.0,0.55,5.0,0.57,11.0,0.6,10.0,0.61,55.0,0.46,5.0,0.45,5.0,0.43,11.0,0.4,10.0,0.39,55.0,0.48,0.1,0.5,1.88,0.57,10.0,0.63,15.0,0.64,5.0,0.02,0.02,615.817,1776170114000
1776170116.617,16.617,0.52,0.1,0.5,1.88,0.43,10.0,0.37,15.0,0.36,5.0,0.54,5.0,0.55,5.0,0.57,11.0,0.6,10.0,0.61,55.0,0.46,5.0,0.45,5.0,0.43,11.0,0.4,10.0,0.39,55.0,0.48,0.1,0.5,1.88,0.57,10.0,0.63,15.0,0.64,5.0,0.02,0.02,615.793,1776170115000
1776170117.446,17.446,0.52,0.1,0.5,1.88,0.43,10.0,0.37,15.0,0.36,5.0,0.54,5.0,0.55,5.0,0.57,11.0,0.6,10.0,0.61,55.0,0.46,5.0,0.45,5.0,0.43,11.0,0.4,10.0,0.39,55.0,0.48,0.1,0.5,1.88,0.57,10.0,0.63,15.0,0.64,5.0,0.02,0.02,615.793,1776170116000
1776170118.071,18.071,0.52,0.1,0.5,1.88,0.43,10.0,0.37,15.0,0.36,5.0,0.54,5.0,0.55,5.0,0.57,11.0,0.6,10.0,0.61,55.0,0.46,5.0,0.45,5.0,0.43,11.0,0.4,10.0,0.39,55.0,0.48,0.1,0.5,1.88,0.57,10.0,0.63,15.0,0.64,5.0,0.02,0.02,615.786,1776170117000
1776170118.301,18.301,0.52,0.1,0.5,1.88,0.43,10.0,0.37,15.0,0.36,5.0,0.54,1.29,0.55,5.0,0.56,11.0,0.6,10.0,0.61,55.0,0.46,5.0,0.45,5.0,0.43,11.0,0.4,10.0,0.39,55.0,0.48,0.1,0.5,1.88,0.57,10.0,0.63,15.0,0.64,5.0,0.02,0.02,615.786,1776170117000
1776170118.608,18.608,0.43,10.0,0.37,15.0,0.36,18.0,0.35,5.0,0.34,5.0,0.55,5.0,0.56,5.0,0.58,11.0,0.6,10.0,0.61,55.0,0.46,1.29,0.45,5.0,0.44,11.0,0.4,10.0,0.39,55.0,0.48,0.1,0.5,1.88,0.57,10.0,0.63,15.0,0.64,5.0,0.12,0.02,615.786,1776170117000
1776170119.046,19.046,0.43,10.0,0.37,15.0,0.36,18.0,0.35,5.0,0.34,5.0,0.55,5.0,0.56,5.0,0.58,11.0,0.6,10.0,0.61,55.0,0.45,5.0,0.44,5.0,0.42,11.0,0.4,10.0,0.39,55.0,0.57,10.0,0.63,15.0,0.64,18.0,0.65,5.0,0.66,5.0,0.12,0.12,615.785,1776170118000
1776170120.036,20.036,0.43,10.0,0.37,15.0,0.36,18.0,0.35,5.0,0.34,5.0,0.55,5.0,0.56,5.0,0.58,11.0,0.6,10.0,0.61,55.0,0.45,5.0,0.44,5.0,0.42,11.0,0.4,10.0,0.39,55.0,0.57,10.0,0.63,15.0,0.64,18.0,0.65,5.0,0.66,5.0,0.12,0.12,615.784,1776170119000
1776170121.102,21.102,0.43,10.0,0.37,15.0,0.36,18.0,0.35,5.0,0.34,5.0,0.55,5.0,0.56,5.0,0.58,11.0,0.6,10.0,0.61,55.0,0.45,5.0,0.44,5.0,0.42,11.0,0.4,10.0,0.39,55.0,0.57,10.0,0.63,15.0,0.64,18.0,0.65,5.0,0.66,5.0,0.12,0.12,615.794,1776170120000
1776170122.14,22.14,0.43,10.0,0.37,15.0,0.36,18.0,0.35,5.0,0.34,5.0,0.55,5.0,0.56,5.0,0.58,11.0,0.6,10.0,0.61,55.0,0.45,5.0,0.44,5.0,0.42,11.0,0.4,10.0,0.39,55.0,0.57,10.0,0.63,15.0,0.64,18.0,0.65,5.0,0.66,5.0,0.12,0.12,615.797,1776170121000
1776170123.206,23.206,0.43,10.0,0.37,15.0,0.36,18.0,0.35,5.0,0.34,5.0,0.55,5.0,0.56,5.0,0.58,11.0,0.6,10.0,0.61,55.0,0.45,5.0,0.44,5.0,0.42,11.0,0.4,10.0,0.39,55.0,0.57,10.0,0.63,15.0,0.64,18.0,0.65,5.0,0.66,5.0,0.12,0.12,615.784,1776170122000
1776170124.393,24.393,0.43,10.0,0.37,15.0,0.36,18.0,0.35,5.0,0.34,5.0,0.55,5.0,0.56,5.0,0.58,11.0,0.6,10.0,0.61,55.0,0.45,5.0,0.44,5.0,0.42,11.0,0.4,10.0,0.39,55.0,0.57,10.0,0.63,15.0,0.64,18.0,0.65,5.0,0.66,5.0,0.12,0.12,615.755,1776170123000
1776170125.317,25.317,0.43,10.0,0.37,15.0,0.36,18.0,0.35,5.0,0.34,5.0,0.55,5.0,0.56,5.0,0.58,11.0,0.6,10.0,0.61,55.0,0.45,5.0,0.44,5.0,0.42,11.0,0.4,10.0,0.39,55.0,0.57,10.0,0.63,15.0,0.64,18.0,0.65,5.0,0.66,5.0,0.12,0.12,615.757,1776170124000
1776170125.92,25.92,0.43,10.0,0.37,15.0,0.36,18.0,0.35,5.0,0.34,5.0,0.55,5.0,0.56,5.0,0.58,11.0,0.6,10.0,0.61,55.0,0.45,5.0,0.44,5.0,0.42,11.0,0.4,10.0,0.39,55.0,0.57,10.0,0.63,15.0,0.64,18.0,0.65,5.0,0.66,5.0,0.12,0.12,615.757,1776170125000
1776170127.039,27.039,0.43,10.0,0.37,15.0,0.36,18.0,0.35,5.0,0.34,5.0,0.55,5.0,0.56,5.0,0.58,11.0,0.6,10.0,0.61,55.0,0.45,5.0,0.44,5.0,0.42,11.0,0.4,10.0,0.39,55.0,0.57,10.0,0.63,15.0,0.64,18.0,0.65,5.0,0.66,5.0,0.12,0.12,615.752,1776170126000
1776170128.08,28.08,0.43,10.0,0.37,15.0,0.36,18.0,0.35,5.0,0.34,5.0,0.55,5.0,0.56,5.0,0.58,11.0,0.6,10.0,0.61,55.0,0.45,5.0,0.44,5.0,0.42,11.0,0.4,10.0,0.39,55.0,0.57,10.0,0.63,15.0,0.64,18.0,0.65,5.0,0.66,5.0,0.12,0.12,615.761,1776170127000
1776170129.159,29.159,0.43,10.0,0.37,15.0,0.36,18.0,0.35,5.0,0.34,5.0,0.55,5.0,0.56,5.0,0.58,11.0,0.6,10.0,0.61,55.0,0.45,5.0,0.44,5.0,0.42,11.0,0.4,10.0,0.39,55.0,0.57,10.0,0.63,15.0,0.64,18.0,0.65,5.0,0.66,5.0,0.12,0.12,615.76,1776170128000
1776170130.177,30.177,0.43,10.0,0.37,15.0,0.36,18.0,0.35,5.0,0.34,5.0,0.55,5.0,0.56,5.0,0.58,11.0,0.6,10.0,0.61,55.0,0.45,5.0,0.44,5.0,0.42,11.0,0.4,10.0,0.39,55.0,0.57,10.0,0.63,15.0,0.64,18.0,0.65,5.0,0.66,5.0,0.12,0.12,615.763,1776170129000
1776170131.236,31.236,0.43,10.0,0.37,15.0,0.36,18.0,0.35,5.0,0.34,5.0,0.55,5.0,0.56,5.0,0.58,11.0,0.6,10.0,0.61,55.0,0.45,5.0,0.44,5.0,0.42,11.0,0.4,10.0,0.39,55.0,0.57,10.0,0.63,15.0,0.64,18.0,0.65,5.0,0.66,5.0,0.12,0.12,615.76,1776170130000
1776170133.008,33.008,0.43,10.0,0.37,15.0,0.36,18.0,0.35,5.0,0.34,5.0,0.55,5.0,0.56,5.0,0.58,11.0,0.6,10.0,0.61,55.0,0.45,5.0,0.44,5.0,0.42,11.0,0.4,10.0,0.39,55.0,0.57,10.0,0.63,15.0,0.64,18.0,0.65,5.0,0.66,5.0,0.12,0.12,615.74085,1776170131000
1776170133.485,33.485,0.43,10.0,0.37,15.0,0.36,18.0,0.35,5.0,0.34,5.0,0.55,5.0,0.56,5.0,0.58,11.0,0.6,10.0,0.61,55.0,0.45,5.0,0.44,5.0,0.42,11.0,0.4,10.0,0.39,55.0,0.57,10.0,0.63,15.0,0.64,18.0,0.65,5.0,0.66,5.0,0.12,0.12,615.749766,1776170132000
1776170134.009,34.009,0.43,10.0,0.37,15.0,0.36,18.0,0.35,5.0,0.34,5.0,0.55,5.0,0.56,5.0,0.58,11.0,0.6,10.0,0.61,55.0,0.45,5.0,0.44,5.0,0.42,11.0,0.4,10.0,0.39,55.0,0.57,10.0,0.63,15.0,0.64,18.0,0.65,5.0,0.66,5.0,0.12,0.12,615.766,1776170133000
1776170135.258,35.258,0.43,10.0,0.37,15.0,0.36,18.0,0.35,5.0,0.34,5.0,0.55,5.0,0.56,5.0,0.58,11.0,0.6,10.0,0.61,55.0,0.45,5.0,0.44,5.0,0.42,11.0,0.4,10.0,0.39,55.0,0.57,10.0,0.63,15.0,0.64,18.0,0.65,5.0,0.66,5.0,0.12,0.12,615.78812,1776170134000
1776170136.286,36.286,0.43,10.0,0.37,15.0,0.36,18.0,0.35,5.0,0.34,5.0,0.55,5.0,0.56,5.0,0.58,11.0,0.6,10.0,0.61,55.0,0.45,5.0,0.44,5.0,0.42,11.0,0.4,10.0,0.39,55.0,0.57,10.0,0.63,15.0,0.64,18.0,0.65,5.0,0.66,5.0,0.12,0.12,615.80769,1776170135000
1776170137.896,37.896,0.43,10.0,0.37,15.0,0.36,18.0,0.35,5.0,0.34,5.0,0.55,5.0,0.56,5.0,0.58,11.0,0.6,10.0,0.61,55.0,0.45,5.0,0.44,5.0,0.42,11.0,0.4,10.0,0.39,55.0,0.57,10.0,0.63,15.0,0.64,18.0,0.65,5.0,0.66,5.0,0.12,0.12,615.74628,1776170136000
1776170138.518,38.518,0.43,10.0,0.37,15.0,0.36,18.0,0.35,5.0,0.34,5.0,0.55,5.0,0.56,5.0,0.58,11.0,0.6,10.0,0.61,55.0,0.45,5.0,0.44,5.0,0.42,11.0,0.4,10.0,0.39,55.0,0.57,10.0,0.63,15.0,0.64,18.0,0.65,5.0,0.66,5.0,0.12,0.12,615.7462,1776170137000
1776170139.057,39.057,0.43,10.0,0.37,15.0,0.36,18.0,0.35,5.0,0.34,5.0,0.55,5.0,0.56,5.0,0.58,11.0,0.6,10.0,0.61,55.0,0.45,5.0,0.44,5.0,0.42,11.0,0.4,10.0,0.39,55.0,0.57,10.0,0.63,15.0,0.64,18.0,0.65,5.0,0.66,5.0,0.12,0.12,615.74923,1776170138000
1776170140.238,40.238,0.43,10.0,0.37,15.0,0.36,18.0,0.35,5.0,0.34,5.0,0.55,5.0,0.56,5.0,0.58,11.0,0.6,10.0,0.61,55.0,0.45,5.0,0.44,5.0,0.42,11.0,0.4,10.0,0.39,55.0,0.57,10.0,0.63,15.0,0.64,18.0,0.65,5.0,0.66,5.0,0.12,0.12,615.75582,1776170139000
1776170141.315,41.315,0.43,10.0,0.37,15.0,0.36,18.0,0.35,5.0,0.34,5.0,0.55,5.0,0.56,5.0,0.58,11.0,0.6,10.0,0.61,55.0,0.45,5.0,0.44,5.0,0.42,11.0,0.4,10.0,0.39,55.0,0.57,10.0,0.63,15.0,0.64,18.0,0.65,5.0,0.66,5.0,0.12,0.12,615.76456,1776170140000
1776170141.918,41.918,0.43,10.0,0.37,15.0,0.36,18.0,0.35,5.0,0.34,5.0,0.55,5.0,0.56,5.0,0.58,11.0,0.6,10.0,0.61,55.0,0.45,5.0,0.44,5.0,0.42,11.0,0.4,10.0,0.39,55.0,0.57,10.0,0.63,15.0,0.64,18.0,0.65,5.0,0.66,5.0,0.12,0.12,615.77155,1776170141000
1776170143.14,43.14,0.43,10.0,0.37,15.0,0.36,18.0,0.35,5.0,0.34,5.0,0.55,5.0,0.56,5.0,0.58,11.0,0.6,10.0,0.61,55.0,0.45,5.0,0.44,5.0,0.42,11.0,0.4,10.0,0.39,55.0,0.57,10.0,0.63,15.0,0.64,18.0,0.65,5.0,0.66,5.0,0.12,0.12,615.77094,1776170142000
1776170144.184,44.184,0.43,10.0,0.37,15.0,0.36,18.0,0.35,5.0,0.34,5.0,0.55,5.0,0.56,5.0,0.58,11.0,0.6,10.0,0.61,55.0,0.45,5.0,0.44,5.0,0.42,11.0,0.4,10.0,0.39,55.0,0.57,10.0,0.63,15.0,0.64,18.0,0.65,5.0,0.66,5.0,0.12,0.12,615.76189,1776170143000
1776170145.342,45.342,0.43,10.0,0.37,15.0,0.36,18.0,0.35,5.0,0.34,5.0,0.55,5.0,0.56,5.0,0.58,11.0,0.6,10.0,0.61,55.0,0.45,5.0,0.44,5.0,0.42,11.0,0.4,10.0,0.39,55.0,0.57,10.0,0.63,15.0,0.64,18.0,0.65,5.0,0.66,5.0,0.12,0.12,615.74845,1776170144000
1776170145.975,45.975,0.43,10.0,0.37,15.0,0.36,18.0,0.35,5.0,0.34,5.0,0.55,5.0,0.56,5.0,0.58,11.0,0.6,10.0,0.61,55.0,0.45,5.0,0.44,5.0,0.42,11.0,0.4,10.0,0.39,55.0,0.57,10.0,0.63,15.0,0.64,18.0,0.65,5.0,0.66,5.0,0.12,0.12,615.74271,1776170145000
1776170147.059,47.059,0.43,10.0,0.37,15.0,0.36,18.0,0.35,5.0,0.34,5.0,0.55,5.0,0.56,5.0,0.58,11.0,0.6,10.0,0.61,55.0,0.45,5.0,0.44,5.0,0.42,11.0,0.4,10.0,0.39,55.0,0.57,10.0,0.63,15.0,0.64,18.0,0.65,5.0,0.66,5.0,0.12,0.12,615.7507,1776170146000
1776170147.999,47.999,0.43,10.0,0.37,15.0,0.36,18.0,0.35,5.0,0.34,5.0,0.55,5.0,0.56,5.0,0.58,11.0,0.6,10.0,0.61,55.0,0.45,5.0,0.44,5.0,0.42,11.0,0.4,10.0,0.39,55.0,0.57,10.0,0.63,15.0,0.64,18.0,0.65,5.0,0.66,5.0,0.12,0.12,615.76863,1776170147000
1776170148.49,48.49,0.36,10.0,0.35,5.0,0.34,5.0,0.33,10.0,0.31,50.0,0.46,0.65,0.49,5.0,0.52,5.21,0.53,5.0,0.54,15.0,0.45,5.0,0.44,5.0,0.42,11.0,0.4,10.0,0.39,55.0,0.57,10.0,0.63,15.0,0.64,18.0,0.65,5.0,0.66,5.0,0.1,0.12,615.76863,1776170147000
1776170149.037,49.037,0.36,10.0,0.35,5.0,0.34,5.0,0.33,10.0,0.31,50.0,0.46,0.65,0.49,5.0,0.52,5.21,0.53,5.0,0.54,15.0,0.54,0.65,0.51,5.0,0.48,5.21,0.47,5.0,0.46,15.0,0.64,10.0,0.65,5.0,0.66,5.0,0.67,10.0,0.69,50.0,0.1,0.1,615.76887,1776170148000
1776170149.964,49.964,0.36,10.0,0.35,5.0,0.34,5.0,0.33,10.0,0.31,50.0,0.46,0.65,0.49,5.0,0.52,5.21,0.53,5.0,0.54,15.0,0.54,0.65,0.51,5.0,0.48,5.21,0.47,5.0,0.46,15.0,0.64,10.0,0.65,5.0,0.66,5.0,0.67,10.0,0.69,50.0,0.1,0.1,615.7663,1776170149000
1776170151.004,51.004,0.36,10.0,0.35,5.0,0.34,5.0,0.33,10.0,0.31,50.0,0.46,0.65,0.49,5.0,0.52,5.21,0.53,5.0,0.54,15.0,0.54,0.65,0.51,5.0,0.48,5.21,0.47,5.0,0.46,15.0,0.64,10.0,0.65,5.0,0.66,5.0,0.67,10.0,0.69,50.0,0.1,0.1,615.76642,1776170150000
1776170151.939,51.939,0.36,10.0,0.35,5.0,0.34,5.0,0.33,10.0,0.31,50.0,0.46,0.65,0.49,5.0,0.52,5.21,0.53,5.0,0.54,15.0,0.54,0.65,0.51,5.0,0.48,5.21,0.47,5.0,0.46,15.0,0.64,10.0,0.65,5.0,0.66,5.0,0.67,10.0,0.69,50.0,0.1,0.1,615.76527,1776170151000
1776170152.969,52.969,0.36,10.0,0.35,5.0,0.34,5.0,0.33,10.0,0.31,50.0,0.46,0.65,0.49,5.0,0.52,5.21,0.53,5.0,0.54,15.0,0.54,0.65,0.51,5.0,0.48,5.21,0.47,5.0,0.46,15.0,0.64,10.0,0.65,5.0,0.66,5.0,0.67,10.0,0.69,50.0,0.1,0.1,615.76525,1776170152000
1776170153.883,53.883,0.36,10.0,0.35,5.0,0.34,5.0,0.33,10.0,0.31,50.0,0.46,0.65,0.49,5.0,0.52,5.21,0.53,5.0,0.54,15.0,0.54,0.65,0.51,5.0,0.48,5.21,0.47,5.0,0.46,15.0,0.64,10.0,0.65,5.0,0.66,5.0,0.67,10.0,0.69,50.0,0.1,0.1,615.76525,1776170153000
1776170154.876,54.876,0.36,10.0,0.35,5.0,0.34,5.0,0.33,10.0,0.31,50.0,0.46,0.65,0.49,5.0,0.52,5.21,0.53,5.0,0.54,15.0,0.54,0.65,0.51,5.0,0.48,5.21,0.47,5.0,0.46,15.0,0.64,10.0,0.65,5.0,0.66,5.0,0.67,10.0,0.69,50.0,0.1,0.1,615.77828,1776170154000
1776170156.268,56.268,0.36,10.0,0.35,5.0,0.34,5.0,0.33,10.0,0.31,50.0,0.46,0.65,0.49,5.0,0.52,5.21,0.53,5.0,0.54,15.0,0.54,0.65,0.51,5.0,0.48,5.21,0.47,5.0,0.46,15.0,0.64,10.0,0.65,5.0,0.66,5.0,0.67,10.0,0.69,50.0,0.1,0.1,615.78369,1776170155000
1776170157.262,57.262,0.36,10.0,0.35,5.0,0.34,5.0,0.33,10.0,0.31,50.0,0.46,0.65,0.49,5.0,0.52,5.21,0.53,5.0,0.54,15.0,0.54,0.65,0.51,5.0,0.48,5.21,0.47,5.0,0.46,15.0,0.64,10.0,0.65,5.0,0.66,5.0,0.67,10.0,0.69,50.0,0.1,0.1,615.760769,1776170156000
1776170158.128,58.128,0.36,10.0,0.35,5.0,0.34,5.0,0.33,10.0,0.31,50.0,0.46,0.65,0.49,5.0,0.52,5.21,0.53,5.0,0.54,15.0,0.54,0.65,0.51,5.0,0.48,5.21,0.47,5.0,0.46,15.0,0.64,10.0,0.65,5.0,0.66,5.0,0.67,10.0,0.69,50.0,0.1,0.1,615.737102,1776170157000
1776170159.163,59.163,0.36,10.0,0.35,5.0,0.34,5.0,0.33,10.0,0.31,50.0,0.46,0.65,0.49,5.0,0.52,5.21,0.53,5.0,0.54,15.0,0.54,0.65,0.51,5.0,0.48,5.21,0.47,5.0,0.46,15.0,0.64,10.0,0.65,5.0,0.66,5.0,0.67,10.0,0.69,50.0,0.1,0.1,615.78005,1776170158000
1776170160.803,60.803,0.36,10.0,0.35,5.0,0.34,5.0,0.33,10.0,0.31,50.0,0.46,0.65,0.49,5.0,0.52,5.21,0.53,5.0,0.54,15.0,0.54,0.65,0.51,5.0,0.48,5.21,0.47,5.0,0.46,15.0,0.64,10.0,0.65,5.0,0.66,5.0,0.67,10.0,0.69,50.0,0.1,0.1,615.764,1776170159000
1776170161.476,61.476,0.36,10.0,0.35,5.0,0.34,5.0,0.33,10.0,0.31,50.0,0.46,0.65,0.49,5.0,0.52,5.21,0.53,5.0,0.54,15.0,0.54,0.65,0.51,5.0,0.48,5.21,0.47,5.0,0.46,15.0,0.64,10.0,0.65,5.0,0.66,5.0,0.67,10.0,0.69,50.0,0.1,0.1,615.707787,1776170160000
1776170162.213,62.213,0.36,10.0,0.35,5.0,0.34,5.0,0.33,10.0,0.31,50.0,0.46,0.65,0.49,5.0,0.52,5.21,0.53,5.0,0.54,15.0,0.54,0.65,0.51,5.0,0.48,5.21,0.47,5.0,0.46,15.0,0.64,10.0,0.65,5.0,0.66,5.0,0.67,10.0,0.69,50.0,0.1,0.1,615.776865,1776170161000
1776170163.411,63.411,0.36,10.0,0.35,5.0,0.34,5.0,0.33,10.0,0.31,50.0,0.46,0.65,0.49,5.0,0.52,5.21,0.53,5.0,0.54,15.0,0.54,0.65,0.51,5.0,0.48,5.21,0.47,5.0,0.46,15.0,0.64,10.0,0.65,5.0,0.66,5.0,0.67,10.0,0.69,50.0,0.1,0.1,615.717757,1776170162000
1776170164.022,64.022,0.36,10.0,0.35,5.0,0.34,5.0,0.33,10.0,0.31,50.0,0.46,0.65,0.49,5.0,0.52,5.21,0.53,5.0,0.54,15.0,0.54,0.65,0.51,5.0,0.48,5.21,0.47,5.0,0.46,15.0,0.64,10.0,0.65,5.0,0.66,5.0,0.67,10.0,0.69,50.0,0.1,0.1,615.754489,1776170163000
1776170165.075,65.075,0.36,10.0,0.35,5.0,0.34,5.0,0.33,10.0,0.31,50.0,0.46,0.65,0.49,5.0,0.52,5.21,0.53,5.0,0.54,15.0,0.54,0.65,0.51,5.0,0.48,5.21,0.47,5.0,0.46,15.0,0.64,10.0,0.65,5.0,0.66,5.0,0.67,10.0,0.69,50.0,0.1,0.1,615.75448,1776170164000
1776170166.249,66.249,0.36,10.0,0.35,5.0,0.34,5.0,0.33,10.0,0.31,50.0,0.46,0.65,0.49,5.0,0.52,5.21,0.53,5.0,0.54,15.0,0.54,0.65,0.51,5.0,0.48,5.21,0.47,5.0,0.46,15.0,0.64,10.0,0.65,5.0,0.66,5.0,0.67,10.0,0.69,50.0,0.1,0.1,615.71729,1776170165000
1776170167.406,67.406,0.36,10.0,0.35,5.0,0.34,5.0,0.33,10.0,0.31,50.0,0.46,0.65,0.49,5.0,0.52,5.21,0.53,5.0,0.54,15.0,0.54,0.65,0.51,5.0,0.48,5.21,0.47,5.0,0.46,15.0,0.64,10.0,0.65,5.0,0.66,5.0,0.67,10.0,0.69,50.0,0.1,0.1,615.71958,1776170166000
1776170167.948,67.948,0.36,10.0,0.35,5.0,0.34,5.0,0.33,10.0,0.31,50.0,0.46,0.65,0.49,5.0,0.52,5.21,0.53,5.0,0.54,15.0,0.54,0.65,0.51,5.0,0.48,5.21,0.47,5.0,0.46,15.0,0.64,10.0,0.65,5.0,0.66,5.0,0.67,10.0,0.69,50.0,0.1,0.1,615.72237,1776170167000
1776170169.126,69.126,0.36,10.0,0.35,5.0,0.34,5.0,0.33,10.0,0.31,50.0,0.46,0.65,0.49,5.0,0.52,5.21,0.53,5.0,0.54,15.0,0.54,0.65,0.51,5.0,0.48,5.21,0.47,5.0,0.46,15.0,0.64,10.0,0.65,5.0,0.66,5.0,0.67,10.0,0.69,50.0,0.1,0.1,615.71619,1776170168000
1776170170.305,70.305,0.36,10.0,0.35,5.0,0.34,5.0,0.33,10.0,0.31,50.0,0.46,0.65,0.49,5.0,0.52,5.21,0.53,5.0,0.54,15.0,0.54,0.65,0.51,5.0,0.48,5.21,0.47,5.0,0.46,15.0,0.64,10.0,0.65,5.0,0.66,5.0,0.67,10.0,0.69,50.0,0.1,0.1,615.73158,1776170169000
1776170170.89,70.89,0.36,10.0,0.35,5.0,0.34,5.0,0.33,10.0,0.31,50.0,0.46,0.65,0.49,5.0,0.52,5.21,0.53,5.0,0.54,15.0,0.54,0.65,0.51,5.0,0.48,5.21,0.47,5.0,0.46,15.0,0.64,10.0,0.65,5.0,0.66,5.0,0.67,10.0,0.69,50.0,0.1,0.1,615.73451,1776170170000
1776170172.028,72.028,0.36,10.0,0.35,5.0,0.34,5.0,0.33,10.0,0.31,50.0,0.46,0.65,0.49,5.0,0.52,5.21,0.53,5.0,0.54,15.0,0.54,0.65,0.51,5.0,0.48,5.21,0.47,5.0,0.46,15.0,0.64,10.0,0.65,5.0,0.66,5.0,0.67,10.0,0.69,50.0,0.1,0.1,615.73983,1776170171000
1776170173.167,73.167,0.36,10.0,0.35,5.0,0.34,5.0,0.33,10.0,0.31,50.0,0.46,0.65,0.49,5.0,0.52,5.21,0.53,5.0,0.54,15.0,0.54,0.65,0.51,5.0,0.48,5.21,0.47,5.0,0.46,15.0,0.64,10.0,0.65,5.0,0.66,5.0,0.67,10.0,0.69,50.0,0.1,0.1,615.75307,1776170172000
1776170174.324,74.324,0.36,10.0,0.35,5.0,0.34,5.0,0.33,10.0,0.31,50.0,0.46,0.65,0.49,5.0,0.52,5.21,0.53,5.0,0.54,15.0,0.54,0.65,0.51,5.0,0.48,5.21,0.47,5.0,0.46,15.0,0.64,10.0,0.65,5.0,0.66,5.0,0.67,10.0,0.69,50.0,0.1,0.1,615.762566,1776170173000
1776170175.951,75.951,0.36,10.0,0.35,5.0,0.34,5.0,0.33,10.0,0.31,50.0,0.46,0.65,0.49,5.0,0.52,5.21,0.53,5.0,0.54,15.0,0.54,0.65,0.51,5.0,0.48,5.21,0.47,5.0,0.46,15.0,0.64,10.0,0.65,5.0,0.66,5.0,0.67,10.0,0.69,50.0,0.1,0.1,615.74485,1776170174000
1776170176.946,76.946,0.36,10.0,0.35,5.0,0.34,5.0,0.33,10.0,0.31,50.0,0.46,0.65,0.49,5.0,0.52,5.21,0.53,5.0,0.54,15.0,0.54,0.65,0.51,5.0,0.48,5.21,0.47,5.0,0.46,15.0,0.64,10.0,0.65,5.0,0.66,5.0,0.67,10.0,0.69,50.0,0.1,0.1,615.74583,1776170175000
1776170177.69,77.69,0.36,10.0,0.35,5.0,0.34,5.0,0.33,10.0,0.31,50.0,0.46,0.65,0.49,5.0,0.52,5.21,0.53,5.0,0.54,15.0,0.54,0.65,0.51,5.0,0.48,5.21,0.47,5.0,0.46,15.0,0.64,10.0,0.65,5.0,0.66,5.0,0.67,10.0,0.69,50.0,0.1,0.1,615.74631,1776170176000
1776170178.518,78.518,0.36,10.0,0.35,5.0,0.34,5.0,0.33,10.0,0.31,50.0,0.46,0.65,0.49,5.0,0.52,5.21,0.53,5.0,0.54,15.0,0.54,0.65,0.51,5.0,0.48,5.21,0.47,5.0,0.46,15.0,0.64,10.0,0.65,5.0,0.66,5.0,0.67,10.0,0.69,50.0,0.1,0.1,615.751,1776170177000
1776170179.321,79.321,0.36,10.0,0.35,5.0,0.34,5.0,0.33,10.0,0.31,50.0,0.46,0.65,0.49,5.0,0.52,5.21,0.53,5.0,0.54,15.0,0.54,0.65,0.51,5.0,0.48,5.21,0.47,5.0,0.46,15.0,0.64,10.0,0.65,5.0,0.66,5.0,0.67,10.0,0.69,50.0,0.1,0.1,615.768087,1776170178000
1776170180.498,80.498,0.36,10.0,0.35,5.0,0.34,5.0,0.33,10.0,0.31,50.0,0.46,0.65,0.49,5.0,0.52,5.21,0.53,5.0,0.54,15.0,0.54,0.65,0.51,5.0,0.48,5.21,0.47,5.0,0.46,15.0,0.64,10.0,0.65,5.0,0.66,5.0,0.67,10.0,0.69,50.0,0.1,0.1,615.77923,1776170179000
1776170181.087,81.087,0.36,10.0,0.35,5.0,0.34,5.0,0.33,10.0,0.31,50.0,0.46,0.65,0.49,5.0,0.52,5.21,0.53,5.0,0.54,15.0,0.54,0.65,0.51,5.0,0.48,5.21,0.47,5.0,0.46,15.0,0.64,10.0,0.65,5.0,0.66,5.0,0.67,10.0,0.69,50.0,0.1,0.1,615.773847,1776170180000
1776170182.603,82.603,0.36,10.0,0.35,5.0,0.34,5.0,0.33,10.0,0.31,50.0,0.46,0.65,0.49,5.0,0.52,5.21,0.53,5.0,0.54,15.0,0.54,0.65,0.51,5.0,0.48,5.21,0.47,5.0,0.46,15.0,0.64,10.0,0.65,5.0,0.66,5.0,0.67,10.0,0.69,50.0,0.1,0.1,615.74742,1776170181000
1776170183.35,83.35,0.36,10.0,0.35,5.0,0.34,5.0,0.33,10.0,0.31,50.0,0.46,0.65,0.49,5.0,0.52,5.21,0.53,5.0,0.54,15.0,0.54,0.65,0.51,5.0,0.48,5.21,0.47,5.0,0.46,15.0,0.64,10.0,0.65,5.0,0.66,5.0,0.67,10.0,0.69,50.0,0.1,0.1,615.74917,1776170182000
1776170183.97,83.97,0.36,10.0,0.35,5.0,0.34,5.0,0.33,10.0,0.31,50.0,0.46,0.65,0.49,5.0,0.52,5.21,0.53,5.0,0.54,15.0,0.54,0.65,0.51,5.0,0.48,5.21,0.47,5.0,0.46,15.0,0.64,10.0,0.65,5.0,0.66,5.0,0.67,10.0,0.69,50.0,0.1,0.1,615.75478,1776170183000
1776170185.437,85.437,0.36,10.0,0.35,5.0,0.34,5.0,0.33,10.0,0.31,50.0,0.46,0.65,0.49,5.0,0.52,5.21,0.53,5.0,0.54,15.0,0.54,0.65,0.51,5.0,0.48,5.21,0.47,5.0,0.46,15.0,0.64,10.0,0.65,5.0,0.66,5.0,0.67,10.0,0.69,50.0,0.1,0.1,615.75961,1776170184000
1776170186.275,86.275,0.36,10.0,0.35,5.0,0.34,5.0,0.33,10.0,0.31,50.0,0.46,0.65,0.49,5.0,0.52,5.21,0.53,5.0,0.54,15.0,0.54,0.65,0.51,5.0,0.48,5.21,0.47,5.0,0.46,15.0,0.64,10.0,0.65,5.0,0.66,5.0,0.67,10.0,0.69,50.0,0.1,0.1,615.770641,1776170185000
1776170187.49,87.49,0.36,10.0,0.35,5.0,0.34,5.0,0.33,10.0,0.31,50.0,0.46,0.65,0.49,5.0,0.52,5.21,0.53,5.0,0.54,15.0,0.54,0.65,0.51,5.0,0.48,5.21,0.47,5.0,0.46,15.0,0.64,10.0,0.65,5.0,0.66,5.0,0.67,10.0,0.69,50.0,0.1,0.1,615.76643,1776170186000
1776170188.32,88.32,0.36,10.0,0.35,5.0,0.34,5.0,0.33,10.0,0.31,50.0,0.46,0.65,0.49,5.0,0.52,5.21,0.53,5.0,0.54,15.0,0.54,0.65,0.51,5.0,0.48,5.21,0.47,5.0,0.46,15.0,0.64,10.0,0.65,5.0,0.66,5.0,0.67,10.0,0.69,50.0,0.1,0.1,615.76684,1776170187000
1776170189.761,89.761,0.36,10.0,0.35,5.0,0.34,5.0,0.33,10.0,0.31,50.0,0.46,0.65,0.49,5.0,0.52,5.21,0.53,5.0,0.54,15.0,0.54,0.65,0.51,5.0,0.48,5.21,0.47,5.0,0.46,15.0,0.64,10.0,0.65,5.0,0.66,5.0,0.67,10.0,0.69,50.0,0.1,0.1,615.751021,1776170188000
1776170190.343,90.343,0.36,10.0,0.35,5.0,0.34,5.0,0.33,10.0,0.31,50.0,0.46,0.65,0.49,5.0,0.52,5.21,0.53,5.0,0.54,15.0,0.54,0.65,0.51,5.0,0.48,5.21,0.47,5.0,0.46,15.0,0.64,10.0,0.65,5.0,0.66,5.0,0.67,10.0,0.69,50.0,0.1,0.1,615.76616,1776170189000
1776170190.918,90.918,0.36,10.0,0.35,5.0,0.34,5.0,0.33,10.0,0.31,50.0,0.46,0.65,0.49,5.0,0.52,5.21,0.53,5.0,0.54,15.0,0.54,0.65,0.51,5.0,0.48,5.21,0.47,5.0,0.46,15.0,0.64,10.0,0.65,5.0,0.66,5.0,0.67,10.0,0.69,50.0,0.1,0.1,615.75046,1776170190000
1776170192.29,92.29,0.36,10.0,0.35,5.0,0.34,5.0,0.33,10.0,0.31,50.0,0.46,0.65,0.49,5.0,0.52,5.21,0.53,5.0,0.54,15.0,0.54,0.65,0.51,5.0,0.48,5.21,0.47,5.0,0.46,15.0,0.64,10.0,0.65,5.0,0.66,5.0,0.67,10.0,0.69,50.0,0.1,0.1,615.75215,1776170191000
1776170192.994,92.994,0.36,10.0,0.35,5.0,0.34,5.0,0.33,10.0,0.31,50.0,0.46,0.65,0.49,5.0,0.52,5.21,0.53,5.0,0.54,15.0,0.54,0.65,0.51,5.0,0.48,5.21,0.47,5.0,0.46,15.0,0.64,10.0,0.65,5.0,0.66,5.0,0.67,10.0,0.69,50.0,0.1,0.1,615.75734,1776170192000
1776170194.546,94.546,0.36,10.0,0.35,5.0,0.34,5.0,0.33,10.0,0.31,50.0,0.46,0.65,0.49,5.0,0.52,5.21,0.53,5.0,0.54,15.0,0.54,0.65,0.51,5.0,0.48,5.21,0.47,5.0,0.46,15.0,0.64,10.0,0.65,5.0,0.66,5.0,0.67,10.0,0.69,50.0,0.1,0.1,615.75535,1776170193000
1776170194.931,94.931,0.36,10.0,0.35,5.0,0.34,5.0,0.33,10.0,0.31,50.0,0.46,0.65,0.49,5.0,0.52,5.21,0.53,5.0,0.54,15.0,0.54,0.65,0.51,5.0,0.48,5.21,0.47,5.0,0.46,15.0,0.64,10.0,0.65,5.0,0.66,5.0,0.67,10.0,0.69,50.0,0.1,0.1,615.75538,1776170194000
1776170195.992,95.992,0.36,10.0,0.35,5.0,0.34,5.0,0.33,10.0,0.31,50.0,0.46,0.65,0.49,5.0,0.52,5.21,0.53,5.0,0.54,15.0,0.54,0.65,0.51,5.0,0.48,5.21,0.47,5.0,0.46,15.0,0.64,10.0,0.65,5.0,0.66,5.0,0.67,10.0,0.69,50.0,0.1,0.1,615.74896,1776170195000
1776170196.959,96.959,0.36,10.0,0.35,5.0,0.34,5.0,0.33,10.0,0.31,50.0,0.46,0.65,0.49,5.0,0.52,5.21,0.53,5.0,0.54,15.0,0.54,0.65,0.51,5.0,0.48,5.21,0.47,5.0,0.46,15.0,0.64,10.0,0.65,5.0,0.66,5.0,0.67,10.0,0.69,50.0,0.1,0.1,615.75681,1776170196000
1776170198.091,98.091,0.36,10.0,0.35,5.0,0.34,5.0,0.33,10.0,0.31,50.0,0.46,0.65,0.49,5.0,0.52,5.21,0.53,5.0,0.54,15.0,0.54,0.65,0.51,5.0,0.48,5.21,0.47,5.0,0.46,15.0,0.64,10.0,0.65,5.0,0.66,5.0,0.67,10.0,0.69,50.0,0.1,0.1,615.76996,1776170197000
1776170198.919,98.919,0.36,10.0,0.35,5.0,0.34,5.0,0.33,10.0,0.31,50.0,0.46,0.65,0.49,5.0,0.52,5.21,0.53,5.0,0.54,15.0,0.54,0.65,0.51,5.0,0.48,5.21,0.47,5.0,0.46,15.0,0.64,10.0,0.65,5.0,0.66,5.0,0.67,10.0,0.69,50.0,0.1,0.1,615.76991,1776170198000
1776170199.962,99.962,0.36,10.0,0.35,5.0,0.34,5.0,0.33,10.0,0.31,50.0,0.46,0.65,0.49,5.0,0.52,5.21,0.53,5.0,0.54,15.0,0.54,0.65,0.51,5.0,0.48,5.21,0.47,5.0,0.46,15.0,0.64,10.0,0.65,5.0,0.66,5.0,0.67,10.0,0.69,50.0,0.1,0.1,615.781253,1776170199000
1776170200.921,100.921,0.36,10.0,0.35,5.0,0.34,5.0,0.33,10.0,0.31,50.0,0.46,0.65,0.49,5.0,0.52,5.21,0.53,5.0,0.54,15.0,0.54,0.65,0.51,5.0,0.48,5.21,0.47,5.0,0.46,15.0,0.64,10.0,0.65,5.0,0.66,5.0,0.67,10.0,0.69,50.0,0.1,0.1,615.78621,1776170200000
1776170201.99,101.99,0.36,10.0,0.35,5.0,0.34,5.0,0.33,10.0,0.31,50.0,0.46,0.65,0.49,5.0,0.52,5.21,0.53,5.0,0.54,15.0,0.54,0.65,0.51,5.0,0.48,5.21,0.47,5.0,0.46,15.0,0.64,10.0,0.65,5.0,0.66,5.0,0.67,10.0,0.69,50.0,0.1,0.1,615.78248,1776170201000
1776170202.958,102.958,0.36,10.0,0.35,5.0,0.34,5.0,0.33,10.0,0.31,50.0,0.46,0.65,0.49,5.0,0.52,5.21,0.53,5.0,0.54,15.0,0.54,0.65,0.51,5.0,0.48,5.21,0.47,5.0,0.46,15.0,0.64,10.0,0.65,5.0,0.66,5.0,0.67,10.0,0.69,50.0,0.1,0.1,615.78246,1776170202000
1776170203.855,103.855,0.36,10.0,0.35,5.0,0.34,5.0,0.33,10.0,0.31,50.0,0.46,0.65,0.49,5.0,0.52,5.21,0.53,5.0,0.54,15.0,0.54,0.65,0.51,5.0,0.48,5.21,0.47,5.0,0.46,15.0,0.64,10.0,0.65,5.0,0.66,5.0,0.67,10.0,0.69,50.0,0.1,0.1,615.78224,1776170203000
1776170204.936,104.936,0.36,10.0,0.35,5.0,0.34,5.0,0.33,10.0,0.31,50.0,0.46,0.65,0.49,5.0,0.52,5.21,0.53,5.0,0.54,15.0,0.54,0.65,0.51,5.0,0.48,5.21,0.47,5.0,0.46,15.0,0.64,10.0,0.65,5.0,0.66,5.0,0.67,10.0,0.69,50.0,0.1,0.1,615.78074,1776170204000
1776170205.882,105.882,0.36,10.0,0.35,5.0,0.34,5.0,0.33,10.0,0.31,50.0,0.46,0.65,0.49,5.0,0.52,5.21,0.53,5.0,0.54,15.0,0.54,0.65,0.51,5.0,0.48,5.21,0.47,5.0,0.46,15.0,0.64,10.0,0.65,5.0,0.66,5.0,0.67,10.0,0.69,50.0,0.1,0.1,615.78312,1776170205000
1776170207.458,107.458,0.36,10.0,0.35,5.0,0.34,5.0,0.33,10.0,0.31,50.0,0.46,0.65,0.49,5.0,0.52,5.21,0.53,5.0,0.54,15.0,0.54,0.65,0.51,5.0,0.48,5.21,0.47,5.0,0.46,15.0,0.64,10.0,0.65,5.0,0.66,5.0,0.67,10.0,0.69,50.0,0.1,0.1,615.86406,1776170206000
1776170207.885,107.885,0.51,36.15,0.42,10.0,0.41,60.7,0.4,10.8,0.39,10.9,0.66,5.0,0.68,15.0,0.7,12.4,0.71,62.6,0.72,12.9,0.54,0.65,0.51,5.0,0.48,5.21,0.47,5.0,0.46,15.0,0.64,10.0,0.65,5.0,0.66,5.0,0.67,10.0,0.69,50.0,0.15,0.1,615.86406,1776170206000
1776170209.025,109.025,0.51,36.15,0.42,10.0,0.41,60.7,0.4,10.8,0.39,10.9,0.66,5.0,0.68,15.0,0.7,12.4,0.71,62.6,0.72,12.9,0.34,5.0,0.32,15.0,0.3,12.4,0.29,62.6,0.28,12.9,0.49,36.15,0.58,10.0,0.59,60.7,0.6,10.8,0.61,10.9,0.15,0.15,615.862233,1776170208000
1776170209.98,109.98,0.64,53.0,0.63,5.0,0.61,50.0,0.54,5.1,0.53,10.0,0.65,4.92,0.78,10.0,0.81,26.0,0.82,17.6,0.83,18.39,0.34,5.0,0.32,15.0,0.3,12.4,0.29,62.6,0.28,12.9,0.49,36.15,0.58,10.0,0.59,60.7,0.6,10.8,0.61,10.9,0.01,0.15,615.862233,1776170208000
1776170210.459,110.459,0.71,9.08,0.64,53.0,0.63,5.0,0.54,5.1,0.53,10.0,0.78,10.0,0.81,50.0,0.82,17.6,0.83,18.39,0.84,19.3,0.35,4.92,0.22,10.0,0.19,26.0,0.18,17.6,0.17,18.39,0.36,53.0,0.37,5.0,0.39,50.0,0.46,5.1,0.47,10.0,0.07,0.01,615.921647,1776170209000
1776170211.093,111.093,0.71,9.08,0.64,53.0,0.63,5.0,0.54,5.1,0.53,10.0,0.78,10.0,0.81,50.0,0.82,17.6,0.83,18.39,0.84,19.3,0.22,10.0,0.19,50.0,0.18,17.6,0.17,18.39,0.16,19.3,0.29,9.08,0.36,53.0,0.37,5.0,0.46,5.1,0.47,10.0,0.07,0.07,616.017815,1776170210000
1776170212.127,112.127,0.71,9.08,0.64,53.0,0.63,5.0,0.54,5.1,0.53,10.0,0.78,10.0,0.81,50.0,0.82,17.6,0.83,18.39,0.84,19.3,0.22,10.0,0.19,50.0,0.18,17.6,0.17,18.39,0.16,19.3,0.29,9.08,0.36,53.0,0.37,5.0,0.46,5.1,0.47,10.0,0.07,0.07,616.098516,1776170211000
1776170213.164,113.164,0.71,9.08,0.64,53.0,0.63,5.0,0.54,5.1,0.53,10.0,0.78,10.0,0.81,50.0,0.82,17.6,0.83,18.39,0.84,19.3,0.22,10.0,0.19,50.0,0.18,17.6,0.17,18.39,0.16,19.3,0.29,9.08,0.36,53.0,0.37,5.0,0.46,5.1,0.47,10.0,0.07,0.07,616.146525,1776170212000
1776170214.154,114.154,0.71,9.08,0.64,53.0,0.63,5.0,0.54,5.1,0.53,10.0,0.78,10.0,0.81,50.0,0.82,17.6,0.83,18.39,0.84,19.3,0.22,10.0,0.19,50.0,0.18,17.6,0.17,18.39,0.16,19.3,0.29,9.08,0.36,53.0,0.37,5.0,0.46,5.1,0.47,10.0,0.07,0.07,616.156869,1776170213000
1776170215.23,115.23,0.71,9.08,0.64,53.0,0.63,5.0,0.54,5.1,0.53,10.0,0.78,10.0,0.81,50.0,0.82,17.6,0.83,18.39,0.84,19.3,0.22,10.0,0.19,50.0,0.18,17.6,0.17,18.39,0.16,19.3,0.29,9.08,0.36,53.0,0.37,5.0,0.46,5.1,0.47,10.0,0.07,0.07,616.14347,1776170214000
1776170216.239,116.239,0.71,9.08,0.64,53.0,0.63,5.0,0.54,5.1,0.53,10.0,0.78,10.0,0.81,50.0,0.82,17.6,0.83,18.39,0.84,19.3,0.22,10.0,0.19,50.0,0.18,17.6,0.17,18.39,0.16,19.3,0.29,9.08,0.36,53.0,0.37,5.0,0.46,5.1,0.47,10.0,0.07,0.07,616.12178,1776170215000
1776170217.24,117.24,0.71,9.08,0.64,53.0,0.63,5.0,0.54,5.1,0.53,10.0,0.78,10.0,0.81,50.0,0.82,17.6,0.83,18.39,0.84,19.3,0.22,10.0,0.19,50.0,0.18,17.6,0.17,18.39,0.16,19.3,0.29,9.08,0.36,53.0,0.37,5.0,0.46,5.1,0.47,10.0,0.07,0.07,616.10368,1776170216000
1776170217.628,117.628,0.76,23.94,0.72,5.0,0.71,9.08,0.68,12.0,0.67,5.0,0.83,18.39,0.84,19.3,0.85,20.39,0.86,26.6,0.87,23.0,0.22,10.0,0.19,50.0,0.18,17.6,0.17,18.39,0.16,19.3,0.29,9.08,0.36,53.0,0.37,5.0,0.46,5.1,0.47,10.0,0.07,0.07,616.10368,1776170216000
1776170218.403,118.403,0.76,23.94,0.72,5.0,0.71,9.08,0.68,12.0,0.67,5.0,0.83,18.39,0.84,19.3,0.85,20.39,0.86,26.6,0.87,23.0,0.17,18.39,0.16,19.3,0.15,20.39,0.14,26.6,0.13,23.0,0.24,23.94,0.28,5.0,0.29,9.08,0.32,12.0,0.33,5.0,0.07,0.07,616.10606,1776170217000
1776170218.918,118.918,0.76,23.94,0.72,5.0,0.71,9.08,0.68,12.0,0.67,5.0,0.83,18.39,0.84,19.3,0.85,20.39,0.86,26.6,0.87,23.0,0.17,18.39,0.16,19.3,0.15,20.39,0.14,26.6,0.13,23.0,0.24,23.94,0.28,5.0,0.29,9.08,0.32,12.0,0.33,5.0,0.07,0.07,616.10422,1776170218000
1776170220.294,120.294,0.76,23.94,0.72,5.0,0.71,9.08,0.68,12.0,0.67,5.0,0.83,18.39,0.84,19.3,0.85,20.39,0.86,26.6,0.87,23.0,0.17,18.39,0.16,19.3,0.15,20.39,0.14,26.6,0.13,23.0,0.24,23.94,0.28,5.0,0.29,9.08,0.32,12.0,0.33,5.0,0.07,0.07,616.11521,1776170219000
1776170221.145,121.145,0.76,23.94,0.72,5.0,0.71,9.08,0.68,12.0,0.67,5.0,0.83,18.39,0.84,19.3,0.85,20.39,0.86,26.6,0.87,23.0,0.17,18.39,0.16,19.3,0.15,20.39,0.14,26.6,0.13,23.0,0.24,23.94,0.28,5.0,0.29,9.08,0.32,12.0,0.33,5.0,0.07,0.07,616.114799,1776170220000
1776170222.191,122.191,0.76,23.94,0.72,5.0,0.71,9.08,0.68,12.0,0.67,5.0,0.83,18.39,0.84,19.3,0.85,20.39,0.86,26.6,0.87,23.0,0.17,18.39,0.16,19.3,0.15,20.39,0.14,26.6,0.13,23.0,0.24,23.94,0.28,5.0,0.29,9.08,0.32,12.0,0.33,5.0,0.07,0.07,616.11954,1776170221000
1776170223.111,123.111,0.76,23.94,0.72,5.0,0.71,9.08,0.68,12.0,0.67,5.0,0.83,18.39,0.84,19.3,0.85,20.39,0.86,26.6,0.87,23.0,0.17,18.39,0.16,19.3,0.15,20.39,0.14,26.6,0.13,23.0,0.24,23.94,0.28,5.0,0.29,9.08,0.32,12.0,0.33,5.0,0.07,0.07,616.0913,1776170222000
1776170224.024,124.024,0.76,23.94,0.72,5.0,0.71,9.08,0.68,12.0,0.67,5.0,0.83,18.39,0.84,19.3,0.85,20.39,0.86,26.6,0.87,23.0,0.17,18.39,0.16,19.3,0.15,20.39,0.14,26.6,0.13,23.0,0.24,23.94,0.28,5.0,0.29,9.08,0.32,12.0,0.33,5.0,0.07,0.07,616.096646,1776170223000
1776170224.965,124.965,0.76,23.94,0.72,5.0,0.71,9.08,0.68,12.0,0.67,5.0,0.83,18.39,0.84,19.3,0.85,20.39,0.86,26.6,0.87,23.0,0.17,18.39,0.16,19.3,0.15,20.39,0.14,26.6,0.13,23.0,0.24,23.94,0.28,5.0,0.29,9.08,0.32,12.0,0.33,5.0,0.07,0.07,616.09816,1776170224000
1776170225.851,125.851,0.76,23.94,0.72,5.0,0.71,9.08,0.68,12.0,0.67,5.0,0.83,18.39,0.84,19.3,0.85,20.39,0.86,26.6,0.87,23.0,0.17,18.39,0.16,19.3,0.15,20.39,0.14,26.6,0.13,23.0,0.24,23.94,0.28,5.0,0.29,9.08,0.32,12.0,0.33,5.0,0.07,0.07,616.11145,1776170225000
1776170226.709,126.709,0.71,14.08,0.66,11.6,0.65,11.4,0.64,11.3,0.63,11.2,0.77,5.0,0.79,15.7,0.8,51.2,0.81,66.89,0.82,17.6,0.17,18.39,0.16,19.3,0.15,20.39,0.14,26.6,0.13,23.0,0.24,23.94,0.28,5.0,0.29,9.08,0.32,12.0,0.33,5.0,0.06,0.07,616.11145,1776170225000
1776170228.146,128.146,0.71,14.08,0.66,11.6,0.65,11.4,0.64,11.3,0.63,11.2,0.77,5.0,0.79,15.7,0.8,51.2,0.81,66.89,0.82,17.6,0.23,5.0,0.21,15.7,0.2,51.2,0.19,66.89,0.18,17.6,0.29,14.08,0.34,11.6,0.35,11.4,0.36,11.3,0.37,11.2,0.06,0.06,616.074648,1776170227000
1776170229.154,129.154,0.71,14.08,0.66,11.6,0.65,11.4,0.64,11.3,0.63,11.2,0.77,5.0,0.79,15.7,0.8,51.2,0.81,66.89,0.82,17.6,0.23,5.0,0.21,15.7,0.2,51.2,0.19,66.89,0.18,17.6,0.29,14.08,0.34,11.6,0.35,11.4,0.36,11.3,0.37,11.2,0.06,0.06,616.074732,1776170228000
1776170230.026,130.026,0.71,14.08,0.66,11.6,0.65,11.4,0.64,11.3,0.63,11.2,0.77,5.0,0.79,15.7,0.8,51.2,0.81,66.89,0.82,17.6,0.23,5.0,0.21,15.7,0.2,51.2,0.19,66.89,0.18,17.6,0.29,14.08,0.34,11.6,0.35,11.4,0.36,11.3,0.37,11.2,0.06,0.06,616.080795,1776170229000
1776170231.035,131.035,0.71,14.08,0.66,11.6,0.65,11.4,0.64,11.3,0.63,11.2,0.77,5.0,0.79,15.7,0.8,51.2,0.81,66.89,0.82,17.6,0.23,5.0,0.21,15.7,0.2,51.2,0.19,66.89,0.18,17.6,0.29,14.08,0.34,11.6,0.35,11.4,0.36,11.3,0.37,11.2,0.06,0.06,616.081329,1776170230000
1776170232.59,132.59,0.71,14.08,0.66,11.6,0.65,11.4,0.64,11.3,0.63,11.2,0.77,5.0,0.79,15.7,0.8,51.2,0.81,66.89,0.82,17.6,0.23,5.0,0.21,15.7,0.2,51.2,0.19,66.89,0.18,17.6,0.29,14.08,0.34,11.6,0.35,11.4,0.36,11.3,0.37,11.2,0.06,0.06,616.103234,1776170231000
1776170233.309,133.309,0.71,14.08,0.66,11.6,0.65,11.4,0.64,11.3,0.63,11.2,0.77,5.0,0.79,15.7,0.8,51.2,0.81,66.89,0.82,17.6,0.23,5.0,0.21,15.7,0.2,51.2,0.19,66.89,0.18,17.6,0.29,14.08,0.34,11.6,0.35,11.4,0.36,11.3,0.37,11.2,0.06,0.06,616.100295,1776170232000
1776170234.434,134.434,0.71,14.08,0.66,11.6,0.65,11.4,0.64,11.3,0.63,11.2,0.77,5.0,0.79,15.7,0.8,51.2,0.81,66.89,0.82,17.6,0.23,5.0,0.21,15.7,0.2,51.2,0.19,66.89,0.18,17.6,0.29,14.08,0.34,11.6,0.35,11.4,0.36,11.3,0.37,11.2,0.06,0.06,616.114674,1776170233000
1776170234.954,134.954,0.71,14.08,0.66,11.6,0.65,11.4,0.64,11.3,0.63,11.2,0.77,5.0,0.79,15.7,0.8,51.2,0.81,66.89,0.82,17.6,0.23,5.0,0.21,15.7,0.2,51.2,0.19,66.89,0.18,17.6,0.29,14.08,0.34,11.6,0.35,11.4,0.36,11.3,0.37,11.2,0.06,0.06,616.11613,1776170234000
1776170236.087,136.087,0.71,14.08,0.66,11.6,0.65,11.4,0.64,11.3,0.63,11.2,0.77,5.0,0.79,15.7,0.8,51.2,0.81,66.89,0.82,17.6,0.23,5.0,0.21,15.7,0.2,51.2,0.19,66.89,0.18,17.6,0.29,14.08,0.34,11.6,0.35,11.4,0.36,11.3,0.37,11.2,0.06,0.06,616.125021,1776170235000
1776170237.361,137.361,0.71,14.08,0.66,11.6,0.65,11.4,0.64,11.3,0.63,11.2,0.77,5.0,0.79,15.7,0.8,51.2,0.81,66.89,0.82,17.6,0.23,5.0,0.21,15.7,0.2,51.2,0.19,66.89,0.18,17.6,0.29,14.08,0.34,11.6,0.35,11.4,0.36,11.3,0.37,11.2,0.06,0.06,616.12866,1776170236000
1776170238.342,138.342,0.71,14.08,0.66,11.6,0.65,11.4,0.64,11.3,0.63,11.2,0.77,5.0,0.79,15.7,0.8,51.2,0.81,66.89,0.82,17.6,0.23,5.0,0.21,15.7,0.2,51.2,0.19,66.89,0.18,17.6,0.29,14.08,0.34,11.6,0.35,11.4,0.36,11.3,0.37,11.2,0.06,0.06,616.12866,1776170237000
1776170239.515,139.515,0.71,14.08,0.66,11.6,0.65,11.4,0.64,11.3,0.63,11.2,0.77,5.0,0.79,15.7,0.8,51.2,0.81,66.89,0.82,17.6,0.23,5.0,0.21,15.7,0.2,51.2,0.19,66.89,0.18,17.6,0.29,14.08,0.34,11.6,0.35,11.4,0.36,11.3,0.37,11.2,0.06,0.06,616.12847,1776170238000
1776170239.883,139.883,0.71,14.08,0.66,11.6,0.65,11.4,0.64,11.3,0.63,11.2,0.77,5.0,0.79,15.7,0.8,51.2,0.81,66.89,0.82,17.6,0.23,5.0,0.21,15.7,0.2,51.2,0.19,66.89,0.18,17.6,0.29,14.08,0.34,11.6,0.35,11.4,0.36,11.3,0.37,11.2,0.06,0.06,616.12865,1776170239000
1776170241.067,141.067,0.71,14.08,0.66,11.6,0.65,11.4,0.64,11.3,0.63,11.2,0.77,5.0,0.79,15.7,0.8,51.2,0.81,66.89,0.82,17.6,0.23,5.0,0.21,15.7,0.2,51.2,0.19,66.89,0.18,17.6,0.29,14.08,0.34,11.6,0.35,11.4,0.36,11.3,0.37,11.2,0.06,0.06,616.11555,1776170240000
1776170242.127,142.127,0.72,15.17,0.71,26.68,0.7,12.4,0.69,12.2,0.68,11.9,0.77,5.0,0.81,50.0,0.82,10.0,0.83,18.39,0.84,19.3,0.23,5.0,0.19,50.0,0.18,10.0,0.17,18.39,0.16,19.3,0.28,15.17,0.29,26.68,0.3,12.4,0.31,12.2,0.32,11.9,0.05,0.05,616.094766,1776170241000
1776170243.209,143.209,0.72,15.17,0.71,26.68,0.7,12.4,0.69,12.2,0.68,11.9,0.77,5.0,0.81,50.0,0.82,10.0,0.83,18.39,0.84,19.3,0.23,5.0,0.19,50.0,0.18,10.0,0.17,18.39,0.16,19.3,0.28,15.17,0.29,26.68,0.3,12.4,0.31,12.2,0.32,11.9,0.05,0.05,616.090892,1776170242000
1776170244.394,144.394,0.72,28.07,0.71,26.68,0.7,12.4,0.69,12.2,0.68,11.9,0.81,29.0,0.83,28.39,0.84,19.3,0.85,20.39,0.86,21.6,0.19,29.0,0.17,28.39,0.16,19.3,0.15,20.39,0.14,21.6,0.28,28.07,0.29,26.68,0.3,12.4,0.31,12.2,0.32,11.9,0.09,0.09,616.079262,1776170243000
1776170245.064,145.064,0.72,28.07,0.71,26.68,0.7,12.4,0.69,12.2,0.68,11.9,0.81,29.0,0.83,28.39,0.84,19.3,0.85,20.39,0.86,21.6,0.19,29.0,0.17,28.39,0.16,19.3,0.15,20.39,0.14,21.6,0.28,28.07,0.29,26.68,0.3,12.4,0.31,12.2,0.32,11.9,0.09,0.09,616.079365,1776170244000
1776170246.149,146.149,0.72,28.07,0.71,26.68,0.7,12.4,0.69,12.2,0.68,11.9,0.81,29.0,0.83,28.39,0.84,19.3,0.85,20.39,0.86,21.6,0.19,29.0,0.17,28.39,0.16,19.3,0.15,20.39,0.14,21.6,0.28,28.07,0.29,26.68,0.3,12.4,0.31,12.2,0.32,11.9,0.09,0.09,616.08984,1776170245000
1776170246.872,146.872,0.72,25.32,0.71,21.68,0.7,12.4,0.69,12.2,0.68,11.9,0.81,29.0,0.83,28.39,0.84,19.3,0.85,20.39,0.86,21.6,0.19,29.0,0.17,28.39,0.16,19.3,0.15,20.39,0.14,21.6,0.28,28.07,0.29,26.68,0.3,12.4,0.31,12.2,0.32,11.9,0.09,0.09,616.08984,1776170245000
1776170247.279,147.279,0.72,25.32,0.71,21.68,0.7,12.4,0.69,12.2,0.68,11.9,0.81,29.0,0.83,28.39,0.84,19.3,0.85,20.39,0.86,21.6,0.19,29.0,0.17,28.39,0.16,19.3,0.15,20.39,0.14,21.6,0.28,25.32,0.29,21.68,0.3,12.4,0.31,12.2,0.32,11.9,0.09,0.09,616.088338,1776170246000
1776170248.326,148.326,0.72,25.32,0.71,21.68,0.7,12.4,0.69,12.2,0.68,11.9,0.81,29.0,0.83,28.39,0.84,19.3,0.85,20.39,0.86,21.6,0.19,29.0,0.17,28.39,0.16,19.3,0.15,20.39,0.14,21.6,0.28,25.32,0.29,21.68,0.3,12.4,0.31,12.2,0.32,11.9,0.09,0.09,616.092184,1776170247000
1776170249.325,149.325,0.72,25.32,0.71,21.68,0.7,12.4,0.69,12.2,0.68,11.9,0.81,29.0,0.83,28.39,0.84,19.3,0.85,20.39,0.86,21.6,0.19,29.0,0.17,28.39,0.16,19.3,0.15,20.39,0.14,21.6,0.28,25.32,0.29,21.68,0.3,12.4,0.31,12.2,0.32,11.9,0.09,0.09,616.091654,1776170248000
1776170250.345,150.345,0.72,25.32,0.71,21.68,0.7,12.4,0.69,12.2,0.68,11.9,0.81,29.0,0.83,28.39,0.84,19.3,0.85,20.39,0.86,21.6,0.19,29.0,0.17,28.39,0.16,19.3,0.15,20.39,0.14,21.6,0.28,25.32,0.29,21.68,0.3,12.4,0.31,12.2,0.32,11.9,0.09,0.09,616.102585,1776170249000
1776170250.996,150.996,0.74,22.5,0.73,18.3,0.72,23.9,0.71,71.68,0.7,12.4,0.81,24.0,0.84,10.0,0.85,20.39,0.86,21.6,0.87,28.0,0.19,24.0,0.16,29.3,0.15,20.39,0.14,21.6,0.13,28.0,0.27,27.3,0.28,17.9,0.29,21.68,0.3,12.4,0.31,12.2,0.07,0.08,616.102585,1776170249000
1776170251.288,151.288,0.74,22.5,0.73,18.3,0.72,23.9,0.71,71.68,0.7,12.4,0.81,24.0,0.84,10.0,0.85,20.39,0.86,21.6,0.87,28.0,0.19,24.0,0.16,10.0,0.15,20.39,0.14,21.6,0.13,28.0,0.26,22.5,0.27,18.3,0.28,23.9,0.29,71.68,0.3,12.4,0.07,0.07,616.10294,1776170250000
1776170252.339,152.339,0.74,22.5,0.73,18.3,0.72,23.9,0.71,71.68,0.7,12.4,0.81,24.0,0.84,10.0,0.85,20.39,0.86,21.6,0.87,28.0,0.19,24.0,0.16,10.0,0.15,20.39,0.14,21.6,0.13,28.0,0.26,22.5,0.27,18.3,0.28,23.9,0.29,71.68,0.3,12.4,0.07,0.07,616.13651,1776170251000
1776170253.323,153.323,0.74,22.5,0.73,18.3,0.72,23.9,0.71,71.68,0.7,12.4,0.81,24.0,0.84,10.0,0.85,20.39,0.86,21.6,0.87,28.0,0.19,24.0,0.16,10.0,0.15,20.39,0.14,21.6,0.13,28.0,0.26,22.5,0.27,18.3,0.28,23.9,0.29,71.68,0.3,12.4,0.07,0.07,616.144974,1776170252000
1776170254.329,154.329,0.74,22.5,0.73,18.3,0.72,23.9,0.71,71.68,0.7,12.4,0.81,24.0,0.84,10.0,0.85,20.39,0.86,21.6,0.87,28.0,0.19,24.0,0.16,10.0,0.15,20.39,0.14,21.6,0.13,28.0,0.26,22.5,0.27,18.3,0.28,23.9,0.29,71.68,0.3,12.4,0.07,0.07,616.14338,1776170253000
1776170255.448,155.448,0.74,22.5,0.73,18.3,0.72,23.9,0.71,71.68,0.7,12.4,0.81,24.0,0.84,10.0,0.85,20.39,0.86,21.6,0.87,28.0,0.19,24.0,0.16,10.0,0.15,20.39,0.14,21.6,0.13,28.0,0.26,22.5,0.27,18.3,0.28,23.9,0.29,71.68,0.3,12.4,0.07,0.07,616.138103,1776170254000
1776170255.917,155.917,0.74,22.5,0.73,18.3,0.72,23.9,0.71,71.68,0.7,12.4,0.81,24.0,0.84,10.0,0.85,20.39,0.86,21.6,0.87,28.0,0.19,24.0,0.16,10.0,0.15,20.39,0.14,21.6,0.13,28.0,0.26,22.5,0.27,18.3,0.28,23.9,0.29,71.68,0.3,12.4,0.07,0.07,616.146357,1776170255000
1776170257.032,157.032,0.74,22.5,0.73,18.3,0.72,23.9,0.71,71.68,0.7,12.4,0.81,24.0,0.84,10.0,0.85,20.39,0.86,21.6,0.87,28.0,0.19,24.0,0.16,10.0,0.15,20.39,0.14,21.6,0.13,28.0,0.26,22.5,0.27,18.3,0.28,23.9,0.29,71.68,0.3,12.4,0.07,0.07,616.14418,1776170256000
1776170257.965,157.965,0.74,22.5,0.73,18.3,0.72,23.9,0.71,71.68,0.7,12.4,0.81,24.0,0.84,10.0,0.85,20.39,0.86,21.6,0.87,28.0,0.19,24.0,0.16,10.0,0.15,20.39,0.14,21.6,0.13,28.0,0.26,22.5,0.27,18.3,0.28,23.9,0.29,71.68,0.3,12.4,0.07,0.07,616.14418,1776170257000
1776170258.983,158.983,0.74,22.5,0.73,18.3,0.72,23.9,0.71,71.68,0.7,12.4,0.81,24.0,0.84,10.0,0.85,20.39,0.86,21.6,0.87,28.0,0.19,24.0,0.16,10.0,0.15,20.39,0.14,21.6,0.13,28.0,0.26,22.5,0.27,18.3,0.28,23.9,0.29,71.68,0.3,12.4,0.07,0.07,616.16611,1776170258000
1776170260.471,160.471,0.74,22.5,0.73,18.3,0.72,23.9,0.71,71.68,0.7,12.4,0.81,24.0,0.84,10.0,0.85,20.39,0.86,21.6,0.87,28.0,0.19,24.0,0.16,10.0,0.15,20.39,0.14,21.6,0.13,28.0,0.26,22.5,0.27,18.3,0.28,23.9,0.29,71.68,0.3,12.4,0.07,0.07,616.169809,1776170259000
1776170261.025,161.025,0.74,22.5,0.73,18.3,0.72,23.9,0.71,71.68,0.7,12.4,0.81,24.0,0.84,10.0,0.85,20.39,0.86,21.6,0.87,28.0,0.19,24.0,0.16,10.0,0.15,20.39,0.14,21.6,0.13,28.0,0.26,22.5,0.27,18.3,0.28,23.9,0.29,71.68,0.3,12.4,0.07,0.07,616.170034,1776170260000
1776170262.06,162.06,0.74,22.5,0.73,18.3,0.72,23.9,0.71,71.68,0.7,12.4,0.81,24.0,0.84,10.0,0.85,20.39,0.86,21.6,0.87,28.0,0.19,24.0,0.16,10.0,0.15,20.39,0.14,21.6,0.13,28.0,0.26,22.5,0.27,18.3,0.28,23.9,0.29,71.68,0.3,12.4,0.07,0.07,616.170034,1776170261000
1776170263.138,163.138,0.74,22.5,0.73,18.3,0.72,23.9,0.71,71.68,0.7,12.4,0.81,24.0,0.84,10.0,0.85,20.39,0.86,21.6,0.87,28.0,0.19,24.0,0.16,10.0,0.15,20.39,0.14,21.6,0.13,28.0,0.26,22.5,0.27,18.3,0.28,23.9,0.29,71.68,0.3,12.4,0.07,0.07,616.168215,1776170262000
1776170264.087,164.087,0.74,22.5,0.73,18.3,0.72,23.9,0.71,71.68,0.7,12.4,0.81,24.0,0.84,10.0,0.85,20.39,0.86,21.6,0.87,28.0,0.19,24.0,0.16,10.0,0.15,20.39,0.14,21.6,0.13,28.0,0.26,22.5,0.27,18.3,0.28,23.9,0.29,71.68,0.3,12.4,0.07,0.07,616.169564,1776170263000
1776170265.051,165.051,0.74,22.5,0.73,18.3,0.72,23.9,0.71,71.68,0.7,12.4,0.81,24.0,0.84,10.0,0.85,20.39,0.86,21.6,0.87,28.0,0.19,24.0,0.16,10.0,0.15,20.39,0.14,21.6,0.13,28.0,0.26,22.5,0.27,18.3,0.28,23.9,0.29,71.68,0.3,12.4,0.07,0.07,616.188,1776170264000
1776170266.016,166.016,0.74,22.5,0.73,18.3,0.72,23.9,0.71,71.68,0.7,12.4,0.81,24.0,0.84,10.0,0.85,20.39,0.86,21.6,0.87,28.0,0.19,24.0,0.16,10.0,0.15,20.39,0.14,21.6,0.13,28.0,0.26,22.5,0.27,18.3,0.28,23.9,0.29,71.68,0.3,12.4,0.07,0.07,616.17002,1776170265000
1776170266.978,166.978,0.74,22.5,0.73,18.3,0.72,23.9,0.71,71.68,0.7,12.4,0.81,24.0,0.84,10.0,0.85,20.39,0.86,21.6,0.87,28.0,0.19,24.0,0.16,10.0,0.15,20.39,0.14,21.6,0.13,28.0,0.26,22.5,0.27,18.3,0.28,23.9,0.29,71.68,0.3,12.4,0.07,0.07,616.17027,1776170266000
1776170267.983,167.983,0.74,22.5,0.73,18.3,0.72,23.9,0.71,71.68,0.7,12.4,0.81,24.0,0.84,10.0,0.85,20.39,0.86,21.6,0.87,28.0,0.19,24.0,0.16,10.0,0.15,20.39,0.14,21.6,0.13,28.0,0.26,22.5,0.27,18.3,0.28,23.9,0.29,71.68,0.3,12.4,0.07,0.07,616.17027,1776170267000
1776170268.974,168.974,0.74,22.5,0.73,18.3,0.72,23.9,0.71,71.68,0.7,12.4,0.81,24.0,0.84,10.0,0.85,20.39,0.86,21.6,0.87,28.0,0.19,24.0,0.16,10.0,0.15,20.39,0.14,21.6,0.13,28.0,0.26,22.5,0.27,18.3,0.28,23.9,0.29,71.68,0.3,12.4,0.07,0.07,616.147,1776170268000
1776170269.949,169.949,0.74,22.5,0.73,18.3,0.72,23.9,0.71,71.68,0.7,12.4,0.81,24.0,0.84,10.0,0.85,20.39,0.86,21.6,0.87,28.0,0.19,24.0,0.16,10.0,0.15,20.39,0.14,21.6,0.13,28.0,0.26,22.5,0.27,18.3,0.28,23.9,0.29,71.68,0.3,12.4,0.07,0.07,616.129,1776170269000
1776170270.887,170.887,0.74,22.5,0.73,18.3,0.72,23.9,0.71,71.68,0.7,12.4,0.81,24.0,0.84,10.0,0.85,20.39,0.86,21.6,0.87,28.0,0.19,24.0,0.16,10.0,0.15,20.39,0.14,21.6,0.13,28.0,0.26,22.5,0.27,18.3,0.28,23.9,0.29,71.68,0.3,12.4,0.07,0.07,616.10941,1776170270000
1776170271.845,171.845,0.74,22.5,0.73,18.3,0.72,23.9,0.71,71.68,0.7,12.4,0.81,24.0,0.84,10.0,0.85,20.39,0.86,21.6,0.87,28.0,0.19,24.0,0.16,10.0,0.15,20.39,0.14,21.6,0.13,28.0,0.26,22.5,0.27,18.3,0.28,23.9,0.29,71.68,0.3,12.4,0.07,0.07,616.081972,1776170271000
1776170273.423,173.423,0.8,16.0,0.79,15.7,0.78,15.2,0.77,14.7,0.76,19.3,0.81,24.0,0.89,36.6,0.9,28.9,0.91,31.7,0.92,40.29,0.19,24.0,0.16,10.0,0.15,20.39,0.14,21.6,0.13,28.0,0.26,22.5,0.27,18.3,0.28,23.9,0.29,71.68,0.3,12.4,0.01,0.07,616.081972,1776170271000
1776170274.377,174.377,0.8,16.0,0.79,15.7,0.78,15.2,0.77,14.7,0.76,19.3,0.81,24.0,0.89,36.6,0.9,28.9,0.91,31.7,0.92,40.29,0.19,24.0,0.11,36.6,0.1,28.9,0.09,31.7,0.08,40.29,0.2,16.0,0.21,15.7,0.22,15.2,0.23,14.7,0.24,19.3,0.01,0.01,616.11148,1776170273000
1776170275.432,175.432,0.75,6.0,0.71,14.08,0.69,12.2,0.68,11.9,0.67,11.8,0.81,24.0,0.85,10.0,0.86,21.6,0.87,28.0,0.88,24.6,0.19,24.0,0.11,36.6,0.1,28.9,0.09,31.7,0.08,40.29,0.2,16.0,0.21,15.7,0.22,15.2,0.23,14.7,0.24,19.3,0.06,0.01,616.11148,1776170273000
1776170275.646,175.646,0.75,6.0,0.71,14.08,0.69,12.2,0.68,11.9,0.67,11.8,0.81,22.76,0.85,30.39,0.86,21.6,0.87,23.0,0.88,29.6,0.19,24.0,0.15,10.0,0.14,21.6,0.13,28.0,0.12,24.6,0.25,6.0,0.29,14.08,0.31,12.2,0.32,11.9,0.33,11.8,0.06,0.06,616.11535,1776170274000
1776170276.063,176.063,0.75,6.0,0.71,14.08,0.69,12.2,0.68,11.9,0.67,11.8,0.81,22.76,0.85,30.39,0.86,21.6,0.87,23.0,0.88,29.6,0.19,22.76,0.15,30.39,0.14,21.6,0.13,23.0,0.12,29.6,0.25,6.0,0.29,14.08,0.31,12.2,0.32,11.9,0.33,11.8,0.06,0.06,616.11535,1776170275000
1776170277.37,177.37,0.75,6.0,0.71,14.08,0.69,12.2,0.68,11.9,0.67,11.8,0.81,22.76,0.85,30.39,0.86,21.6,0.87,23.0,0.88,29.6,0.19,22.76,0.15,30.39,0.14,21.6,0.13,23.0,0.12,29.6,0.25,6.0,0.29,14.08,0.31,12.2,0.32,11.9,0.33,11.8,0.06,0.06,616.033,1776170276000
1776170278.024,178.024,0.75,6.0,0.71,14.08,0.69,12.2,0.68,11.9,0.67,11.8,0.81,22.76,0.85,30.39,0.86,21.6,0.87,23.0,0.88,29.6,0.19,22.76,0.15,30.39,0.14,21.6,0.13,23.0,0.12,29.6,0.25,6.0,0.29,14.08,0.31,12.2,0.32,11.9,0.33,11.8,0.06,0.06,616.033,1776170277000
1776170279.274,179.274,0.75,6.0,0.71,14.08,0.69,12.2,0.68,11.9,0.67,11.8,0.81,22.76,0.85,30.39,0.86,21.6,0.87,23.0,0.88,29.6,0.19,22.76,0.15,30.39,0.14,21.6,0.13,23.0,0.12,29.6,0.25,6.0,0.29,14.08,0.31,12.2,0.32,11.9,0.33,11.8,0.06,0.06,616.021849,1776170278000
1776170280.399,180.399,0.75,6.0,0.71,14.08,0.69,12.2,0.68,11.9,0.67,11.8,0.81,22.76,0.85,30.39,0.86,21.6,0.87,23.0,0.88,29.6,0.19,22.76,0.15,30.39,0.14,21.6,0.13,23.0,0.12,29.6,0.25,6.0,0.29,14.08,0.31,12.2,0.32,11.9,0.33,11.8,0.06,0.06,616.023588,1776170279000
1776170281.092,181.092,0.75,6.0,0.71,14.08,0.69,12.2,0.68,11.9,0.67,11.8,0.81,22.76,0.85,30.39,0.86,21.6,0.87,23.0,0.88,29.6,0.19,22.76,0.15,30.39,0.14,21.6,0.13,23.0,0.12,29.6,0.25,6.0,0.29,14.08,0.31,12.2,0.32,11.9,0.33,11.8,0.06,0.06,616.027621,1776170280000
1776170282.23,182.23,0.75,6.0,0.71,14.08,0.69,12.2,0.68,11.9,0.67,11.8,0.81,22.76,0.85,30.39,0.86,21.6,0.87,23.0,0.88,29.6,0.19,22.76,0.15,30.39,0.14,21.6,0.13,23.0,0.12,29.6,0.25,6.0,0.29,14.08,0.31,12.2,0.32,11.9,0.33,11.8,0.06,0.06,616.027553,1776170281000
1776170283.537,183.537,0.75,6.0,0.71,14.08,0.69,12.2,0.68,11.9,0.67,11.8,0.81,22.76,0.85,30.39,0.86,21.6,0.87,23.0,0.88,29.6,0.19,22.76,0.15,30.39,0.14,21.6,0.13,23.0,0.12,29.6,0.25,6.0,0.29,14.08,0.31,12.2,0.32,11.9,0.33,11.8,0.06,0.06,616.02816,1776170282000
1776170284.173,184.173,0.75,6.0,0.71,14.08,0.69,12.2,0.68,11.9,0.67,11.8,0.81,22.76,0.85,30.39,0.86,21.6,0.87,23.0,0.88,29.6,0.19,22.76,0.15,30.39,0.14,21.6,0.13,23.0,0.12,29.6,0.25,6.0,0.29,14.08,0.31,12.2,0.32,11.9,0.33,11.8,0.06,0.06,616.028455,1776170283000
1776170285.312,185.312,0.75,6.0,0.71,14.08,0.69,12.2,0.68,11.9,0.67,11.8,0.81,22.76,0.85,30.39,0.86,21.6,0.87,23.0,0.88,29.6,0.19,22.76,0.15,30.39,0.14,21.6,0.13,23.0,0.12,29.6,0.25,6.0,0.29,14.08,0.31,12.2,0.32,11.9,0.33,11.8,0.06,0.06,616.029123,1776170284000
1776170286.605,186.605,0.75,6.0,0.71,14.08,0.69,12.2,0.68,11.9,0.67,11.8,0.81,22.76,0.85,30.39,0.86,21.6,0.87,23.0,0.88,29.6,0.19,22.76,0.15,30.39,0.14,21.6,0.13,23.0,0.12,29.6,0.25,6.0,0.29,14.08,0.31,12.2,0.32,11.9,0.33,11.8,0.06,0.06,616.029224,1776170285000
1776170287.223,187.223,0.75,6.0,0.71,14.08,0.69,12.2,0.68,11.9,0.67,11.8,0.81,22.76,0.85,30.39,0.86,21.6,0.87,23.0,0.88,29.6,0.19,22.76,0.15,30.39,0.14,21.6,0.13,23.0,0.12,29.6,0.25,6.0,0.29,14.08,0.31,12.2,0.32,11.9,0.33,11.8,0.06,0.06,616.030045,1776170286000
1776170288.364,188.364,0.75,6.0,0.71,14.08,0.69,12.2,0.68,11.9,0.67,11.8,0.81,22.76,0.85,30.39,0.86,21.6,0.87,23.0,0.88,29.6,0.19,22.76,0.15,30.39,0.14,21.6,0.13,23.0,0.12,29.6,0.25,6.0,0.29,14.08,0.31,12.2,0.32,11.9,0.33,11.8,0.06,0.06,616.030324,1776170287000
1776170289.333,189.333,0.75,6.0,0.71,14.08,0.69,12.2,0.68,11.9,0.67,11.8,0.81,22.76,0.85,30.39,0.86,21.6,0.87,23.0,0.88,29.6,0.19,22.76,0.15,30.39,0.14,21.6,0.13,23.0,0.12,29.6,0.25,6.0,0.29,14.08,0.31,12.2,0.32,11.9,0.33,11.8,0.06,0.06,616.031,1776170288000
1776170290.285,190.285,0.75,6.0,0.71,14.08,0.69,12.2,0.68,11.9,0.67,11.8,0.81,22.76,0.85,30.39,0.86,21.6,0.87,23.0,0.88,29.6,0.19,22.76,0.15,30.39,0.14,21.6,0.13,23.0,0.12,29.6,0.25,6.0,0.29,14.08,0.31,12.2,0.32,11.9,0.33,11.8,0.06,0.06,616.066,1776170289000
1776170291.368,191.368,0.75,6.0,0.71,14.08,0.69,12.2,0.68,11.9,0.67,11.8,0.81,22.76,0.85,30.39,0.86,21.6,0.87,23.0,0.88,29.6,0.19,22.76,0.15,30.39,0.14,21.6,0.13,23.0,0.12,29.6,0.25,6.0,0.29,14.08,0.31,12.2,0.32,11.9,0.33,11.8,0.06,0.06,616.08,1776170290000
1776170291.938,191.938,0.75,6.0,0.71,14.08,0.69,12.2,0.68,11.9,0.67,11.8,0.81,22.76,0.85,30.39,0.86,21.6,0.87,23.0,0.88,29.6,0.19,22.76,0.15,30.39,0.14,21.6,0.13,23.0,0.12,29.6,0.25,6.0,0.29,14.08,0.31,12.2,0.32,11.9,0.33,11.8,0.06,0.06,616.08,1776170291000
1776170292.944,192.944,0.75,6.0,0.71,14.08,0.69,12.2,0.68,11.9,0.67,11.8,0.81,22.76,0.85,30.39,0.86,21.6,0.87,23.0,0.88,29.6,0.19,22.76,0.15,30.39,0.14,21.6,0.13,23.0,0.12,29.6,0.25,6.0,0.29,14.08,0.31,12.2,0.32,11.9,0.33,11.8,0.06,0.06,616.079,1776170292000
1776170294.068,194.068,0.75,6.0,0.71,14.08,0.69,12.2,0.68,11.9,0.67,11.8,0.81,22.76,0.85,30.39,0.86,21.6,0.87,23.0,0.88,29.6,0.19,22.76,0.15,30.39,0.14,21.6,0.13,23.0,0.12,29.6,0.25,6.0,0.29,14.08,0.31,12.2,0.32,11.9,0.33,11.8,0.06,0.06,616.093,1776170293000
1776170295.275,195.275,0.75,6.0,0.71,14.08,0.69,12.2,0.68,11.9,0.67,11.8,0.81,22.76,0.85,30.39,0.86,21.6,0.87,23.0,0.88,29.6,0.19,22.76,0.15,30.39,0.14,21.6,0.13,23.0,0.12,29.6,0.25,6.0,0.29,14.08,0.31,12.2,0.32,11.9,0.33,11.8,0.06,0.06,616.084,1776170294000
1776170296.343,196.343,0.75,6.0,0.71,14.08,0.69,12.2,0.68,11.9,0.67,11.8,0.81,22.76,0.85,30.39,0.86,21.6,0.87,23.0,0.88,29.6,0.19,22.76,0.15,30.39,0.14,21.6,0.13,23.0,0.12,29.6,0.25,6.0,0.29,14.08,0.31,12.2,0.32,11.9,0.33,11.8,0.06,0.06,616.084,1776170295000
1776170297.342,197.342,0.75,6.0,0.71,14.08,0.69,12.2,0.68,11.9,0.67,11.8,0.81,22.76,0.85,30.39,0.86,21.6,0.87,23.0,0.88,29.6,0.19,22.76,0.15,30.39,0.14,21.6,0.13,23.0,0.12,29.6,0.25,6.0,0.29,14.08,0.31,12.2,0.32,11.9,0.33,11.8,0.06,0.06,616.084,1776170296000
1776170298.334,198.334,0.75,6.0,0.71,14.08,0.69,12.2,0.68,11.9,0.67,11.8,0.81,22.76,0.85,30.39,0.86,21.6,0.87,23.0,0.88,29.6,0.19,22.76,0.15,30.39,0.14,21.6,0.13,23.0,0.12,29.6,0.25,6.0,0.29,14.08,0.31,12.2,0.32,11.9,0.33,11.8,0.06,0.06,616.083,1776170297000
1776170299.489,199.489,0.75,6.0,0.71,14.08,0.69,12.2,0.68,11.9,0.67,11.8,0.81,22.76,0.85,30.39,0.86,21.6,0.87,23.0,0.88,29.6,0.19,22.76,0.15,30.39,0.14,21.6,0.13,23.0,0.12,29.6,0.25,6.0,0.29,14.08,0.31,12.2,0.32,11.9,0.33,11.8,0.06,0.06,616.083,1776170298000
1776170300.097,200.097,0.75,6.0,0.71,14.08,0.69,12.2,0.68,11.9,0.67,11.8,0.81,22.76,0.85,30.39,0.86,21.6,0.87,23.0,0.88,29.6,0.19,22.76,0.15,30.39,0.14,21.6,0.13,23.0,0.12,29.6,0.25,6.0,0.29,14.08,0.31,12.2,0.32,11.9,0.33,11.8,0.06,0.06,616.083,1776170299000
1776170301.061,201.061,0.75,6.0,0.71,14.08,0.69,12.2,0.68,11.9,0.67,11.8,0.81,22.76,0.85,30.39,0.86,21.6,0.87,23.0,0.88,29.6,0.19,22.76,0.15,30.39,0.14,21.6,0.13,23.0,0.12,29.6,0.25,6.0,0.29,14.08,0.31,12.2,0.32,11.9,0.33,11.8,0.06,0.06,616.0479,1776170300000
1776170302.133,202.133,0.75,6.0,0.71,14.08,0.69,12.2,0.68,11.9,0.67,11.8,0.81,22.76,0.85,30.39,0.86,21.6,0.87,23.0,0.88,29.6,0.19,22.76,0.15,30.39,0.14,21.6,0.13,23.0,0.12,29.6,0.25,6.0,0.29,14.08,0.31,12.2,0.32,11.9,0.33,11.8,0.06,0.06,616.09322,1776170301000
1776170303.012,203.012,0.75,6.0,0.71,14.08,0.69,12.2,0.68,11.9,0.67,11.8,0.81,22.76,0.85,30.39,0.86,21.6,0.87,23.0,0.88,29.6,0.19,22.76,0.15,30.39,0.14,21.6,0.13,23.0,0.12,29.6,0.25,6.0,0.29,14.08,0.31,12.2,0.32,11.9,0.33,11.8,0.06,0.06,616.09322,1776170302000
1776170304.043,204.043,0.75,6.0,0.71,14.08,0.69,12.2,0.68,11.9,0.67,11.8,0.81,22.76,0.85,30.39,0.86,21.6,0.87,23.0,0.88,29.6,0.19,22.76,0.15,30.39,0.14,21.6,0.13,23.0,0.12,29.6,0.25,6.0,0.29,14.08,0.31,12.2,0.32,11.9,0.33,11.8,0.06,0.06,616.13131,1776170303000
1776170305.13,205.13,0.75,6.0,0.71,14.08,0.69,12.2,0.68,11.9,0.67,11.8,0.81,22.76,0.85,30.39,0.86,21.6,0.87,23.0,0.88,29.6,0.19,22.76,0.15,30.39,0.14,21.6,0.13,23.0,0.12,29.6,0.25,6.0,0.29,14.08,0.31,12.2,0.32,11.9,0.33,11.8,0.06,0.06,616.123,1776170304000
1776170306.078,206.078,0.75,6.0,0.71,14.08,0.69,12.2,0.68,11.9,0.67,11.8,0.81,22.76,0.85,30.39,0.86,21.6,0.87,23.0,0.88,29.6,0.19,22.76,0.15,30.39,0.14,21.6,0.13,23.0,0.12,29.6,0.25,6.0,0.29,14.08,0.31,12.2,0.32,11.9,0.33,11.8,0.06,0.06,616.08242,1776170305000
1776170307.262,207.262,0.75,6.0,0.71,14.08,0.69,12.2,0.68,11.9,0.67,11.8,0.81,22.76,0.85,30.39,0.86,21.6,0.87,23.0,0.88,29.6,0.19,22.76,0.15,30.39,0.14,21.6,0.13,23.0,0.12,29.6,0.25,6.0,0.29,14.08,0.31,12.2,0.32,11.9,0.33,11.8,0.06,0.06,616.08594,1776170306000
1776170308.296,208.296,0.75,6.0,0.71,14.08,0.69,12.2,0.68,11.9,0.67,11.8,0.81,22.76,0.85,30.39,0.86,21.6,0.87,23.0,0.88,29.6,0.19,22.76,0.15,30.39,0.14,21.6,0.13,23.0,0.12,29.6,0.25,6.0,0.29,14.08,0.31,12.2,0.32,11.9,0.33,11.8,0.06,0.06,616.102,1776170307000
1776170308.626,208.626,0.8,7.68,0.79,15.7,0.78,15.2,0.77,14.7,0.76,14.3,0.81,15.55,0.9,28.9,0.91,31.7,0.92,35.29,0.93,39.9,0.19,15.55,0.1,28.9,0.09,31.7,0.08,35.29,0.07,39.9,0.2,33.3,0.21,15.7,0.22,15.2,0.23,14.7,0.24,14.3,0.01,0.01,616.102,1776170307000
1776170309.285,209.285,0.8,7.68,0.79,15.7,0.78,15.2,0.77,14.7,0.76,14.3,0.81,10.48,0.9,28.9,0.91,31.7,0.92,35.29,0.93,39.9,0.19,10.48,0.1,28.9,0.09,31.7,0.08,35.29,0.07,39.9,0.2,7.68,0.21,15.7,0.22,15.2,0.23,14.7,0.24,14.3,0.01,0.01,616.097799,1776170308000
1776170310.25,210.25,0.8,7.68,0.79,15.7,0.78,15.2,0.77,14.7,0.76,14.3,0.81,10.48,0.9,28.9,0.91,31.7,0.92,35.29,0.93,39.9,0.19,10.48,0.1,28.9,0.09,31.7,0.08,35.29,0.07,39.9,0.2,7.68,0.21,15.7,0.22,15.2,0.23,14.7,0.24,14.3,0.01,0.01,616.109,1776170309000
1776170311.236,211.236,0.8,7.68,0.79,15.7,0.78,15.2,0.77,14.7,0.76,14.3,0.81,10.48,0.9,28.9,0.91,31.7,0.92,35.29,0.93,39.9,0.19,10.48,0.1,28.9,0.09,31.7,0.08,35.29,0.07,39.9,0.2,7.68,0.21,15.7,0.22,15.2,0.23,14.7,0.24,14.3,0.01,0.01,616.109,1776170310000
1776170312.275,212.275,0.8,7.68,0.79,15.7,0.78,15.2,0.77,14.7,0.76,14.3,0.81,10.48,0.9,28.9,0.91,31.7,0.92,35.29,0.93,39.9,0.19,10.48,0.1,28.9,0.09,31.7,0.08,35.29,0.07,39.9,0.2,7.68,0.21,15.7,0.22,15.2,0.23,14.7,0.24,14.3,0.01,0.01,616.108,1776170311000
1776170313.353,213.353,0.8,7.68,0.79,15.7,0.78,15.2,0.77,14.7,0.76,14.3,0.81,10.48,0.9,28.9,0.91,31.7,0.92,35.29,0.93,39.9,0.19,10.48,0.1,28.9,0.09,31.7,0.08,35.29,0.07,39.9,0.2,7.68,0.21,15.7,0.22,15.2,0.23,14.7,0.24,14.3,0.01,0.01,616.11,1776170312000
1776170313.902,213.902,0.8,7.68,0.79,15.7,0.78,15.2,0.77,14.7,0.76,14.3,0.81,10.48,0.9,28.9,0.91,31.7,0.92,35.29,0.93,39.9,0.19,10.48,0.1,28.9,0.09,31.7,0.08,35.29,0.07,39.9,0.2,7.68,0.21,15.7,0.22,15.2,0.23,14.7,0.24,14.3,0.01,0.01,616.11,1776170313000
1776170314.953,214.953,0.8,39.98,0.79,15.7,0.78,15.2,0.77,14.7,0.76,14.3,0.81,5.34,0.96,72.7,0.97,89.3,0.98,142.69,0.99,5733.69,0.19,5.34,0.04,72.7,0.03,89.3,0.02,142.69,0.01,5733.69,0.2,39.98,0.21,15.7,0.22,15.2,0.23,14.7,0.24,14.3,0.01,0.01,616.107,1776170314000
1776170316.572,216.572,0.8,33.98,0.79,15.7,0.78,15.2,0.77,14.7,0.76,14.3,0.96,5.0,0.97,89.3,0.98,142.69,0.99,5733.69,,,0.04,5.0,0.03,89.3,0.02,142.69,0.01,5733.69,,,0.2,33.98,0.21,15.7,0.22,15.2,0.23,14.7,0.24,14.3,0.16,0.16,616.12111,1776170315000
1776170317.154,217.154,0.8,33.98,0.79,15.7,0.78,15.2,0.77,14.7,0.76,14.3,0.96,5.0,0.97,89.3,0.98,142.69,0.99,5733.69,,,0.04,5.0,0.03,89.3,0.02,142.69,0.01,5733.69,,,0.2,33.98,0.21,15.7,0.22,15.2,0.23,14.7,0.24,14.3,0.16,0.16,616.198313,1776170316000
1776170318.858,218.858,0.8,33.98,0.79,15.7,0.78,15.2,0.77,14.7,0.76,14.3,0.96,5.0,0.97,89.3,0.98,142.69,0.99,5733.69,,,0.04,5.0,0.03,89.3,0.02,142.69,0.01,5733.69,,,0.2,33.98,0.21,15.7,0.22,15.2,0.23,14.7,0.24,14.3,0.16,0.16,616.22756,1776170317000
1776170319.634,219.634,0.8,33.98,0.79,15.7,0.78,15.2,0.77,14.7,0.76,14.3,0.96,5.0,0.97,89.3,0.98,142.69,0.99,5733.69,,,0.04,5.0,0.03,89.3,0.02,142.69,0.01,5733.69,,,0.2,33.98,0.21,15.7,0.22,15.2,0.23,14.7,0.24,14.3,0.16,0.16,616.22756,1776170318000
1776170320.439,220.439,0.8,33.98,0.79,15.7,0.78,15.2,0.77,14.7,0.76,14.3,0.96,5.0,0.97,89.3,0.98,142.69,0.99,5733.69,,,0.04,5.0,0.03,89.3,0.02,142.69,0.01,5733.69,,,0.2,33.98,0.21,15.7,0.22,15.2,0.23,14.7,0.24,14.3,0.16,0.16,616.23413,1776170319000
1776170321.119,221.119,0.8,33.98,0.79,15.7,0.78,15.2,0.77,14.7,0.76,14.3,0.96,5.0,0.97,89.3,0.98,142.69,0.99,5733.69,,,0.04,5.0,0.03,89.3,0.02,142.69,0.01,5733.69,,,0.2,33.98,0.21,15.7,0.22,15.2,0.23,14.7,0.24,14.3,0.16,0.16,616.22952,1776170320000
1776170322.396,222.396,0.8,33.98,0.79,15.7,0.78,15.2,0.77,14.7,0.76,14.3,0.96,5.0,0.97,89.3,0.98,142.69,0.99,5733.69,,,0.04,5.0,0.03,89.3,0.02,142.69,0.01,5733.69,,,0.2,33.98,0.21,15.7,0.22,15.2,0.23,14.7,0.24,14.3,0.16,0.16,616.27728,1776170321000
1776170323.118,223.118,0.8,33.98,0.79,15.7,0.78,15.2,0.77,14.7,0.76,14.3,0.96,5.0,0.97,89.3,0.98,142.69,0.99,5733.69,,,0.04,5.0,0.03,89.3,0.02,142.69,0.01,5733.69,,,0.2,33.98,0.21,15.7,0.22,15.2,0.23,14.7,0.24,14.3,0.16,0.16,616.27728,1776170322000
1776170324.689,224.689,0.8,33.98,0.79,15.7,0.78,15.2,0.77,14.7,0.76,14.3,0.96,5.0,0.97,89.3,0.98,142.69,0.99,5733.69,,,0.04,5.0,0.03,89.3,0.02,142.69,0.01,5733.69,,,0.2,33.98,0.21,15.7,0.22,15.2,0.23,14.7,0.24,14.3,0.16,0.16,616.25979,1776170323000
1776170325.573,225.573,0.8,33.98,0.79,15.7,0.78,15.2,0.77,14.7,0.76,14.3,0.96,5.0,0.97,89.3,0.98,142.69,0.99,5733.69,,,0.04,5.0,0.03,89.3,0.02,142.69,0.01,5733.69,,,0.2,33.98,0.21,15.7,0.22,15.2,0.23,14.7,0.24,14.3,0.16,0.16,616.28407,1776170324000
1776170326.305,226.305,0.8,33.98,0.79,15.7,0.78,15.2,0.77,14.7,0.76,14.3,0.96,5.0,0.97,89.3,0.98,142.69,0.99,5733.69,,,0.04,5.0,0.03,89.3,0.02,142.69,0.01,5733.69,,,0.2,33.98,0.21,15.7,0.22,15.2,0.23,14.7,0.24,14.3,0.16,0.16,616.28304,1776170325000
1776170327.071,227.071,0.8,33.98,0.79,15.7,0.78,15.2,0.77,14.7,0.76,14.3,0.96,5.0,0.97,89.3,0.98,142.69,0.99,5733.69,,,0.04,5.0,0.03,89.3,0.02,142.69,0.01,5733.69,,,0.2,33.98,0.21,15.7,0.22,15.2,0.23,14.7,0.24,14.3,0.16,0.16,616.26809,1776170326000
1776170328.599,228.599,0.8,33.98,0.79,15.7,0.78,15.2,0.77,14.7,0.76,14.3,0.96,5.0,0.97,89.3,0.98,142.69,0.99,5733.69,,,0.04,5.0,0.03,89.3,0.02,142.69,0.01,5733.69,,,0.2,33.98,0.21,15.7,0.22,15.2,0.23,14.7,0.24,14.3,0.16,0.16,616.22804,1776170327000
1776170329.224,229.224,0.8,33.98,0.79,15.7,0.78,15.2,0.77,14.7,0.76,14.3,0.96,5.0,0.97,89.3,0.98,142.69,0.99,5733.69,,,0.04,5.0,0.03,89.3,0.02,142.69,0.01,5733.69,,,0.2,33.98,0.21,15.7,0.22,15.2,0.23,14.7,0.24,14.3,0.16,0.16,616.25988,1776170328000
1776170330.178,230.178,0.94,46.1,0.93,39.9,0.92,35.29,0.91,81.7,0.9,28.9,0.96,1.87,0.97,89.3,0.98,142.69,0.99,5733.69,,,0.04,5.0,0.03,89.3,0.02,142.69,0.01,5733.69,,,0.2,33.98,0.21,15.7,0.22,15.2,0.23,14.7,0.24,14.3,0.02,0.16,616.25988,1776170328000
1776170331.059,231.059,0.94,46.1,0.93,39.9,0.92,35.29,0.91,81.7,0.9,28.9,0.96,1.87,0.97,89.3,0.98,142.69,0.99,5733.69,,,0.04,1.87,0.03,89.3,0.02,142.69,0.01,5733.69,,,0.06,46.1,0.07,39.9,0.08,35.29,0.09,81.7,0.1,28.9,0.02,0.02,616.2182,1776170329000
1776170331.714,231.714,0.94,46.1,0.93,39.9,0.92,35.29,0.91,81.7,0.9,28.9,0.96,1.87,0.97,89.3,0.98,142.69,0.99,5733.69,,,0.04,1.87,0.03,89.3,0.02,142.69,0.01,5733.69,,,0.06,46.1,0.07,39.9,0.08,35.29,0.09,81.7,0.1,28.9,0.02,0.02,616.22455,1776170330000
1776170332.544,232.544,0.94,46.1,0.93,39.9,0.92,35.29,0.91,81.7,0.9,28.9,0.96,1.87,0.97,89.3,0.98,142.69,0.99,5733.69,,,0.04,1.87,0.03,89.3,0.02,142.69,0.01,5733.69,,,0.06,46.1,0.07,39.9,0.08,35.29,0.09,81.7,0.1,28.9,0.02,0.02,616.20532,1776170331000
1776170333.203,233.203,0.94,46.1,0.93,39.9,0.92,35.29,0.91,81.7,0.9,28.9,0.96,1.87,0.97,89.3,0.98,142.69,0.99,5733.69,,,0.04,1.87,0.03,89.3,0.02,142.69,0.01,5733.69,,,0.06,46.1,0.07,39.9,0.08,35.29,0.09,81.7,0.1,28.9,0.02,0.02,616.24044,1776170332000
1776170334.649,234.649,0.94,46.1,0.93,39.9,0.92,35.29,0.91,81.7,0.9,28.9,0.96,1.87,0.97,89.3,0.98,142.69,0.99,5733.69,,,0.04,1.87,0.03,89.3,0.02,142.69,0.01,5733.69,,,0.06,46.1,0.07,39.9,0.08,35.29,0.09,81.7,0.1,28.9,0.02,0.02,616.22933,1776170333000
1776170335.437,235.437,0.92,35.29,0.91,88.7,0.9,28.9,0.89,26.6,0.88,24.6,0.96,59.99,0.97,89.3,0.98,142.69,0.99,5733.69,,,0.04,1.87,0.03,89.3,0.02,142.69,0.01,5733.69,,,0.06,46.1,0.07,39.9,0.08,35.29,0.09,81.7,0.1,28.9,0.04,0.02,616.22933,1776170333000
1776170336.187,236.187,0.92,35.29,0.91,88.7,0.9,28.9,0.89,26.6,0.88,24.6,0.96,59.99,0.97,89.3,0.98,142.69,0.99,5733.69,,,0.04,59.99,0.03,89.3,0.02,142.69,0.01,5733.69,,,0.08,35.29,0.09,88.7,0.1,28.9,0.11,26.6,0.12,24.6,0.04,0.04,616.24624,1776170335000
1776170337.082,237.082,0.92,35.29,0.91,88.7,0.9,28.9,0.89,26.6,0.88,24.6,0.96,59.99,0.97,89.3,0.98,142.69,0.99,5733.69,,,0.04,59.99,0.03,89.3,0.02,142.69,0.01,5733.69,,,0.08,35.29,0.09,88.7,0.1,28.9,0.11,26.6,0.12,24.6,0.04,0.04,616.22126,1776170336000
1776170338.021,238.021,0.92,35.29,0.91,88.7,0.9,28.9,0.89,26.6,0.88,24.6,0.96,59.99,0.97,89.3,0.98,142.69,0.99,5733.69,,,0.04,59.99,0.03,89.3,0.02,142.69,0.01,5733.69,,,0.08,35.29,0.09,88.7,0.1,28.9,0.11,26.6,0.12,24.6,0.04,0.04,616.22118,1776170337000
1776170339.177,239.177,0.92,35.29,0.91,88.7,0.9,28.9,0.89,26.6,0.88,24.6,0.96,59.99,0.97,89.3,0.98,142.69,0.99,5733.69,,,0.04,59.99,0.03,89.3,0.02,142.69,0.01,5733.69,,,0.08,35.29,0.09,88.7,0.1,28.9,0.11,26.6,0.12,24.6,0.04,0.04,616.21722,1776170338000
1776170340.059,240.059,0.92,35.29,0.91,88.7,0.9,28.9,0.89,26.6,0.88,24.6,0.96,59.99,0.97,89.3,0.98,142.69,0.99,5733.69,,,0.04,59.99,0.03,89.3,0.02,142.69,0.01,5733.69,,,0.08,35.29,0.09,88.7,0.1,28.9,0.11,26.6,0.12,24.6,0.04,0.04,616.21562,1776170339000
1776170340.959,240.959,0.92,35.29,0.91,88.7,0.9,28.9,0.89,26.6,0.88,24.6,0.96,59.99,0.97,89.3,0.98,142.69,0.99,5733.69,,,0.04,59.99,0.03,89.3,0.02,142.69,0.01,5733.69,,,0.08,35.29,0.09,88.7,0.1,28.9,0.11,26.6,0.12,24.6,0.04,0.04,616.21629,1776170340000
1776170341.959,241.959,0.92,35.29,0.91,88.7,0.9,28.9,0.89,26.6,0.88,24.6,0.96,59.99,0.97,89.3,0.98,142.69,0.99,5733.69,,,0.04,59.99,0.03,89.3,0.02,142.69,0.01,5733.69,,,0.08,35.29,0.09,88.7,0.1,28.9,0.11,26.6,0.12,24.6,0.04,0.04,616.19799,1776170341000
1776170343.083,243.083,0.92,35.29,0.91,88.7,0.9,28.9,0.89,26.6,0.88,24.6,0.96,59.99,0.97,89.3,0.98,142.69,0.99,5733.69,,,0.04,59.99,0.03,89.3,0.02,142.69,0.01,5733.69,,,0.08,35.29,0.09,88.7,0.1,28.9,0.11,26.6,0.12,24.6,0.04,0.04,616.19813,1776170342000
1776170344.062,244.062,0.92,35.29,0.91,88.7,0.9,28.9,0.89,26.6,0.88,24.6,0.96,59.99,0.97,89.3,0.98,142.69,0.99,5733.69,,,0.04,59.99,0.03,89.3,0.02,142.69,0.01,5733.69,,,0.08,35.29,0.09,88.7,0.1,28.9,0.11,26.6,0.12,24.6,0.04,0.04,616.198981,1776170343000
1776170345.063,245.063,0.97,79.87,0.96,67.7,0.95,54.7,0.94,46.1,0.93,39.9,0.98,10.0,0.99,5733.69,,,,,,,0.02,10.0,0.01,5733.69,,,,,,,0.03,79.87,0.04,67.7,0.05,54.7,0.06,46.1,0.07,39.9,0.01,0.01,616.253,1776170344000
1776170345.481,245.481,0.97,79.87,0.96,67.7,0.95,54.7,0.94,46.1,0.93,39.9,0.99,5533.69,,,,,,,,,0.02,10.0,0.01,5733.69,,,,,,,0.03,79.87,0.04,67.7,0.05,54.7,0.06,46.1,0.07,39.9,0.02,0.01,616.253,1776170344000
1776170346.201,246.201,0.97,79.87,0.96,67.7,0.95,54.7,0.94,46.1,0.93,39.9,0.99,5533.69,,,,,,,,,0.01,5533.69,,,,,,,,,0.03,79.87,0.04,67.7,0.05,54.7,0.06,46.1,0.07,39.9,0.02,0.02,616.254922,1776170345000
1776170347.103,247.103,0.97,79.87,0.96,67.7,0.95,54.7,0.94,46.1,0.93,39.9,0.99,5533.69,,,,,,,,,0.01,5533.69,,,,,,,,,0.03,79.87,0.04,67.7,0.05,54.7,0.06,46.1,0.07,39.9,0.02,0.02,616.29464,1776170346000
1776170348.609,248.609,0.97,79.87,0.96,67.7,0.95,54.7,0.94,46.1,0.93,39.9,0.99,5533.69,,,,,,,,,0.01,5533.69,,,,,,,,,0.03,79.87,0.04,67.7,0.05,54.7,0.06,46.1,0.07,39.9,0.02,0.02,616.24618,1776170347000
1776170349.3,249.3,0.97,79.87,0.96,67.7,0.95,54.7,0.94,46.1,0.93,39.9,0.99,5533.69,,,,,,,,,0.01,5533.69,,,,,,,,,0.03,79.87,0.04,67.7,0.05,54.7,0.06,46.1,0.07,39.9,0.02,0.02,616.24618,1776170348000
1776170350.212,250.212,0.97,79.87,0.96,67.7,0.95,54.7,0.94,46.1,0.93,39.9,0.99,5533.69,,,,,,,,,0.01,5533.69,,,,,,,,,0.03,79.87,0.04,67.7,0.05,54.7,0.06,46.1,0.07,39.9,0.02,0.02,616.24608,1776170349000
1776170351.395,251.395,0.97,79.87,0.96,67.7,0.95,54.7,0.94,46.1,0.93,39.9,0.99,5533.69,,,,,,,,,0.01,5533.69,,,,,,,,,0.03,79.87,0.04,67.7,0.05,54.7,0.06,46.1,0.07,39.9,0.02,0.02,616.24646,1776170350000
1776170351.952,251.952,0.97,79.87,0.96,67.7,0.95,54.7,0.94,46.1,0.93,39.9,0.99,5533.69,,,,,,,,,0.01,5533.69,,,,,,,,,0.03,79.87,0.04,67.7,0.05,54.7,0.06,46.1,0.07,39.9,0.02,0.02,616.24646,1776170351000
1776170353.189,253.189,0.97,79.87,0.96,67.7,0.95,54.7,0.94,46.1,0.93,39.9,0.99,5533.69,,,,,,,,,0.01,5533.69,,,,,,,,,0.03,79.87,0.04,67.7,0.05,54.7,0.06,46.1,0.07,39.9,0.02,0.02,616.274496,1776170352000
1776170353.395,253.395,0.98,132.69,0.97,79.87,0.96,67.7,0.95,54.7,0.94,46.1,0.99,258.04,,,,,,,,,0.01,5533.69,,,,,,,,,0.03,79.87,0.04,67.7,0.05,54.7,0.06,46.1,0.07,39.9,0.01,0.02,616.274496,1776170352000
1776170354.206,254.206,0.98,132.69,0.97,79.87,0.96,67.7,0.95,54.7,0.94,46.1,0.99,258.04,,,,,,,,,0.01,258.04,,,,,,,,,0.02,132.69,0.03,79.87,0.04,67.7,0.05,54.7,0.06,46.1,0.01,0.01,616.266,1776170353000
1776170355.147,255.147,0.98,132.69,0.97,79.87,0.96,67.7,0.95,54.7,0.94,46.1,0.99,258.04,,,,,,,,,0.01,258.04,,,,,,,,,0.02,132.69,0.03,79.87,0.04,67.7,0.05,54.7,0.06,46.1,0.01,0.01,616.286,1776170354000
1776170356.248,256.248,0.98,132.69,0.97,79.87,0.96,67.7,0.95,54.7,0.94,46.1,0.99,258.04,,,,,,,,,0.01,258.04,,,,,,,,,0.02,132.69,0.03,79.87,0.04,67.7,0.05,54.7,0.06,46.1,0.01,0.01,616.282,1776170355000
1776170357.281,257.281,0.98,132.69,0.97,79.87,0.96,67.7,0.95,54.7,0.94,46.1,0.99,258.04,,,,,,,,,0.01,258.04,,,,,,,,,0.02,132.69,0.03,79.87,0.04,67.7,0.05,54.7,0.06,46.1,0.01,0.01,616.282,1776170356000
1776170358.38,258.38,0.98,132.69,0.97,79.87,0.96,67.7,0.95,54.7,0.94,46.1,0.99,258.04,,,,,,,,,0.01,258.04,,,,,,,,,0.02,132.69,0.03,79.87,0.04,67.7,0.05,54.7,0.06,46.1,0.01,0.01,616.287,1776170357000
1776170358.945,258.945,0.98,132.69,0.97,79.87,0.96,67.7,0.95,54.7,0.94,46.1,0.99,258.04,,,,,,,,,0.01,258.04,,,,,,,,,0.02,132.69,0.03,79.87,0.04,67.7,0.05,54.7,0.06,46.1,0.01,0.01,616.287,1776170358000
1776170360.013,260.013,0.98,132.69,0.97,79.87,0.96,67.7,0.95,54.7,0.94,46.1,0.99,258.04,,,,,,,,,0.01,258.04,,,,,,,,,0.02,132.69,0.03,79.87,0.04,67.7,0.05,54.7,0.06,46.1,0.01,0.01,616.29,1776170359000
1776170361.059,261.059,0.98,132.69,0.97,79.87,0.96,67.7,0.95,54.7,0.94,46.1,0.99,258.04,,,,,,,,,0.01,258.04,,,,,,,,,0.02,132.69,0.03,79.87,0.04,67.7,0.05,54.7,0.06,46.1,0.01,0.01,616.295,1776170360000
1776170362.805,262.805,0.98,132.69,0.97,79.87,0.96,67.7,0.95,54.7,0.94,46.1,0.99,258.04,,,,,,,,,0.01,258.04,,,,,,,,,0.02,132.69,0.03,79.87,0.04,67.7,0.05,54.7,0.06,46.1,0.01,0.01,616.294,1776170361000
1776170363.413,263.413,0.98,132.69,0.97,79.87,0.96,67.7,0.95,54.7,0.94,46.1,0.99,258.04,,,,,,,,,0.01,258.04,,,,,,,,,0.02,132.69,0.03,79.87,0.04,67.7,0.05,54.7,0.06,46.1,0.01,0.01,616.291,1776170362000
1776170363.917,263.917,0.98,132.69,0.97,79.87,0.96,67.7,0.95,54.7,0.94,46.1,0.99,258.04,,,,,,,,,0.01,258.04,,,,,,,,,0.02,132.69,0.03,79.87,0.04,67.7,0.05,54.7,0.06,46.1,0.01,0.01,616.291,1776170363000
1776170364.182,264.182,0.98,132.69,0.97,79.87,0.96,67.7,0.95,54.7,0.94,46.1,0.99,189.22,,,,,,,,,0.01,258.04,,,,,,,,,0.02,132.69,0.03,79.87,0.04,67.7,0.05,54.7,0.06,46.1,0.01,0.01,616.291,1776170363000
1776170364.485,264.485,0.98,132.69,0.97,79.87,0.96,67.7,0.95,54.7,0.94,46.1,0.99,188.2,,,,,,,,,0.01,189.22,,,,,,,,,0.02,132.69,0.03,79.87,0.04,67.7,0.05,54.7,0.06,46.1,0.01,0.01,616.291,1776170363000
1776170365.173,265.173,0.98,132.69,0.97,79.87,0.96,67.7,0.95,54.7,0.94,46.1,0.99,188.2,,,,,,,,,0.01,188.2,,,,,,,,,0.02,132.69,0.03,79.87,0.04,67.7,0.05,54.7,0.06,46.1,0.01,0.01,616.289,1776170364000
1776170366.315,266.315,0.98,132.69,0.97,79.87,0.96,67.7,0.95,54.7,0.94,46.1,0.99,188.2,,,,,,,,,0.01,188.2,,,,,,,,,0.02,132.69,0.03,79.87,0.04,67.7,0.05,54.7,0.06,46.1,0.01,0.01,616.281,1776170365000
1776170367.549,267.549,0.98,132.69,0.97,79.87,0.96,67.7,0.95,54.7,0.94,46.1,0.99,188.2,,,,,,,,,0.01,188.2,,,,,,,,,0.02,132.69,0.03,79.87,0.04,67.7,0.05,54.7,0.06,46.1,0.01,0.01,616.291,1776170366000
1776170368.016,268.016,0.98,132.69,0.97,79.87,0.96,67.7,0.95,54.7,0.94,46.1,0.99,188.2,,,,,,,,,0.01,188.2,,,,,,,,,0.02,132.69,0.03,79.87,0.04,67.7,0.05,54.7,0.06,46.1,0.01,0.01,616.291,1776170367000
1776170369.165,269.165,0.98,132.69,0.97,79.87,0.96,67.7,0.95,54.7,0.94,46.1,0.99,188.2,,,,,,,,,0.01,188.2,,,,,,,,,0.02,132.69,0.03,79.87,0.04,67.7,0.05,54.7,0.06,46.1,0.01,0.01,616.295,1776170368000
1776170370.32,270.32,0.98,132.69,0.97,79.87,0.96,67.7,0.95,54.7,0.94,46.1,0.99,188.2,,,,,,,,,0.01,188.2,,,,,,,,,0.02,132.69,0.03,79.87,0.04,67.7,0.05,54.7,0.06,46.1,0.01,0.01,616.302,1776170369000
1776170370.969,270.969,0.98,132.69,0.97,79.87,0.96,67.7,0.95,54.7,0.94,46.1,0.99,188.2,,,,,,,,,0.01,188.2,,,,,,,,,0.02,132.69,0.03,79.87,0.04,67.7,0.05,54.7,0.06,46.1,0.01,0.01,616.280002,1776170370000
1776170372.193,272.193,0.98,132.69,0.97,79.87,0.96,67.7,0.95,54.7,0.94,46.1,0.99,188.2,,,,,,,,,0.01,188.2,,,,,,,,,0.02,132.69,0.03,79.87,0.04,67.7,0.05,54.7,0.06,46.1,0.01,0.01,616.285,1776170371000
1776170373.504,273.504,0.98,132.69,0.97,79.87,0.96,67.7,0.95,54.7,0.94,46.1,0.99,188.2,,,,,,,,,0.01,188.2,,,,,,,,,0.02,132.69,0.03,79.87,0.04,67.7,0.05,54.7,0.06,46.1,0.01,0.01,616.299,1776170372000
1776170374.014,274.014,0.98,132.69,0.97,79.87,0.96,67.7,0.95,54.7,0.94,46.1,0.99,188.2,,,,,,,,,0.01,188.2,,,,,,,,,0.02,132.69,0.03,79.87,0.04,67.7,0.05,54.7,0.06,46.1,0.01,0.01,616.299,1776170373000
1776170375.215,275.215,0.98,132.69,0.97,79.87,0.96,67.7,0.95,54.7,0.94,46.1,0.99,188.2,,,,,,,,,0.01,188.2,,,,,,,,,0.02,132.69,0.03,79.87,0.04,67.7,0.05,54.7,0.06,46.1,0.01,0.01,616.321,1776170374000
1776170376.426,276.426,0.96,10.0,0.91,50.0,0.89,5.0,0.81,50.0,0.71,59.08,0.99,162.95,,,,,,,,,0.01,162.95,,,,,,,,,0.04,10.0,0.09,50.0,0.11,5.0,0.19,50.0,0.29,59.08,0.03,0.03,616.326,1776170375000
1776170377.054,277.054,0.96,10.0,0.91,50.0,0.89,5.0,0.81,50.0,0.71,59.08,0.99,162.95,,,,,,,,,0.01,162.95,,,,,,,,,0.04,10.0,0.09,50.0,0.11,5.0,0.19,50.0,0.29,59.08,0.03,0.03,616.326,1776170376000
1776170378.174,278.174,0.96,10.0,0.91,50.0,0.89,5.0,0.81,50.0,0.71,59.08,0.99,162.95,,,,,,,,,0.01,162.95,,,,,,,,,0.04,10.0,0.09,50.0,0.11,5.0,0.19,50.0,0.29,59.08,0.03,0.03,616.326,1776170377000
1776170378.56,278.56,0.96,10.0,0.91,50.0,0.89,5.0,0.81,50.0,0.71,59.08,0.99,152.84,,,,,,,,,0.01,162.95,,,,,,,,,0.04,10.0,0.09,50.0,0.11,5.0,0.19,50.0,0.29,59.08,0.03,0.03,616.326,1776170377000
1776170379.228,279.228,0.96,10.0,0.91,50.0,0.89,5.0,0.81,50.0,0.71,59.08,0.99,151.82,,,,,,,,,0.01,152.84,,,,,,,,,0.04,10.0,0.09,50.0,0.11,5.0,0.19,50.0,0.29,59.08,0.03,0.03,616.326,1776170377000
1776170380.326,280.326,0.96,10.0,0.91,50.0,0.89,5.0,0.81,50.0,0.71,59.08,0.99,151.82,,,,,,,,,0.01,151.82,,,,,,,,,0.04,10.0,0.09,50.0,0.11,5.0,0.19,50.0,0.29,59.08,0.03,0.03,616.309467,1776170379000
1776170381.454,281.454,0.96,10.0,0.91,50.0,0.89,5.0,0.81,50.0,0.71,59.08,0.99,151.82,,,,,,,,,0.01,151.82,,,,,,,,,0.04,10.0,0.09,50.0,0.11,5.0,0.19,50.0,0.29,59.08,0.03,0.03,616.309532,1776170380000
1776170382.074,282.074,0.96,10.0,0.91,50.0,0.89,5.0,0.81,50.0,0.71,59.08,0.99,151.82,,,,,,,,,0.01,151.82,,,,,,,,,0.04,10.0,0.09,50.0,0.11,5.0,0.19,50.0,0.29,59.08,0.03,0.03,616.309532,1776170381000
1776170383.122,283.122,0.96,10.0,0.91,50.0,0.89,5.0,0.81,50.0,0.71,59.08,0.99,151.82,,,,,,,,,0.01,151.82,,,,,,,,,0.04,10.0,0.09,50.0,0.11,5.0,0.19,50.0,0.29,59.08,0.03,0.03,616.313522,1776170382000
1776170384.316,284.316,0.97,10.0,0.91,50.0,0.89,5.0,0.81,50.0,0.71,59.08,0.99,126.57,,,,,,,,,0.01,126.57,,,,,,,,,0.03,10.0,0.09,50.0,0.11,5.0,0.19,50.0,0.29,59.08,0.02,0.02,616.302,1776170383000
1776170385.466,285.466,0.97,10.0,0.91,50.0,0.89,5.0,0.81,50.0,0.71,59.08,0.99,126.57,,,,,,,,,0.01,126.57,,,,,,,,,0.03,10.0,0.09,50.0,0.11,5.0,0.19,50.0,0.29,59.08,0.02,0.02,616.302,1776170384000
1776170386.057,286.057,0.97,10.0,0.91,50.0,0.89,5.0,0.81,50.0,0.71,59.08,0.99,126.57,,,,,,,,,0.01,126.57,,,,,,,,,0.03,10.0,0.09,50.0,0.11,5.0,0.19,50.0,0.29,59.08,0.02,0.02,616.298,1776170385000
1776170386.832,286.832,0.99,873.43,0.97,41.0,0.91,50.0,0.89,5.0,0.81,50.0,,,,,,,,,,,0.01,126.57,,,,,,,,,0.03,10.0,0.09,50.0,0.11,5.0,0.19,50.0,0.29,59.08,,0.02,616.298,1776170385000
1776170387.281,287.281,0.99,873.43,0.97,41.0,0.91,50.0,0.89,5.0,0.81,50.0,,,,,,,,,,,,,,,,,,,,,0.01,873.43,0.03,41.0,0.09,50.0,0.11,5.0,0.19,50.0,,,616.297,1776170386000
1776170388.623,288.623,0.99,873.43,0.97,41.0,0.91,50.0,0.89,5.0,0.81,50.0,,,,,,,,,,,,,,,,,,,,,0.01,873.43,0.03,41.0,0.09,50.0,0.11,5.0,0.19,50.0,,,616.294305,1776170387000
1776170389.243,289.243,0.99,873.43,0.97,41.0,0.91,50.0,0.89,5.0,0.81,50.0,,,,,,,,,,,,,,,,,,,,,0.01,873.43,0.03,41.0,0.09,50.0,0.11,5.0,0.19,50.0,,,616.294305,1776170388000
1776170390.404,290.404,0.99,873.43,0.97,41.0,0.91,50.0,0.89,5.0,0.81,50.0,,,,,,,,,,,,,,,,,,,,,0.01,873.43,0.03,41.0,0.09,50.0,0.11,5.0,0.19,50.0,,,616.39722,1776170389000
1776170391.071,291.071,0.99,873.43,0.97,41.0,0.91,50.0,0.89,5.0,0.81,50.0,,,,,,,,,,,,,,,,,,,,,0.01,873.43,0.03,41.0,0.09,50.0,0.11,5.0,0.19,50.0,,,616.40001,1776170390000
1776170392.243,292.243,0.99,873.43,0.97,41.0,0.91,50.0,0.89,5.0,0.81,50.0,,,,,,,,,,,,,,,,,,,,,0.01,873.43,0.03,41.0,0.09,50.0,0.11,5.0,0.19,50.0,,,616.40066,1776170391000
1776170393.284,293.284,0.99,873.43,0.97,41.0,0.91,50.0,0.89,5.0,0.81,50.0,,,,,,,,,,,,,,,,,,,,,0.01,873.43,0.03,41.0,0.09,50.0,0.11,5.0,0.19,50.0,,,616.39982,1776170392000
1776170394.835,294.835,0.99,873.43,0.97,41.0,0.91,50.0,0.89,5.0,0.81,50.0,,,,,,,,,,,,,,,,,,,,,0.01,873.43,0.03,41.0,0.09,50.0,0.11,5.0,0.19,50.0,,,616.39546,1776170393000
1776170395.599,295.599,0.99,873.43,0.97,41.0,0.91,50.0,0.89,5.0,0.81,50.0,,,,,,,,,,,,,,,,,,,,,0.01,873.43,0.03,41.0,0.09,50.0,0.11,5.0,0.19,50.0,,,616.39672,1776170394000
1776170396.158,296.158,0.99,873.43,0.97,41.0,0.91,50.0,0.89,5.0,0.81,50.0,,,,,,,,,,,,,,,,,,,,,0.01,873.43,0.03,41.0,0.09,50.0,0.11,5.0,0.19,50.0,,,616.35595,1776170395000
1776170397.592,297.592,0.99,873.43,0.97,41.0,0.91,50.0,0.89,5.0,0.81,50.0,,,,,,,,,,,,,,,,,,,,,0.01,873.43,0.03,41.0,0.09,50.0,0.11,5.0,0.19,50.0,,,616.36318,1776170396000
1776170398.157,298.157,0.99,873.43,0.97,41.0,0.91,50.0,0.89,5.0,0.81,50.0,,,,,,,,,,,,,,,,,,,,,0.01,873.43,0.03,41.0,0.09,50.0,0.11,5.0,0.19,50.0,,,616.39239,1776170397000
1776170399.719,299.719,0.99,873.43,0.97,41.0,0.91,50.0,0.89,5.0,0.81,50.0,,,,,,,,,,,,,,,,,,,,,0.01,873.43,0.03,41.0,0.09,50.0,0.11,5.0,0.19,50.0,,,616.39796,1776170398000
1776170400.381,300.381,0.99,873.43,0.97,41.0,0.91,50.0,0.89,5.0,0.81,50.0,,,,,,,,,,,,,,,,,,,,,0.01,873.43,0.03,41.0,0.09,50.0,0.11,5.0,0.19,50.0,,,616.33915,1776170399000
1776170401.124,301.124,0.99,873.43,0.97,41.0,0.91,50.0,0.89,5.0,0.81,50.0,,,,,,,,,,,,,,,,,,,,,0.01,873.43,0.03,41.0,0.09,50.0,0.11,5.0,0.19,50.0,,,616.29209,1776170400000
1776170402.46,302.46,0.99,873.43,0.97,41.0,0.91,50.0,0.89,5.0,0.81,50.0,,,,,,,,,,,,,,,,,,,,,0.01,873.43,0.03,41.0,0.09,50.0,0.11,5.0,0.19,50.0,,,616.297,1776170401000

# RESULT,winner=Up,slug=bnb-updown-5m-1776170100,ticks=308
