timestamp,elapsed_sec,up_bid_p1,up_bid_s1,up_bid_p2,up_bid_s2,up_ask_p1,up_ask_s1,up_ask_p2,up_ask_s2,down_bid_p1,down_bid_s1,down_bid_p2,down_bid_s2,down_ask_p1,down_ask_s1,down_ask_p2,down_ask_s2,up_spread,down_spread,bnb_price,bnb_oracle_ts
1776316200.97,0.97,0.5,6.0,0.47,5.0,0.53,5.0,0.59,37.0,0.47,5.0,0.41,37.0,0.5,6.0,0.53,5.0,0.03,0.03,623.105,1776316200000
1776316202.078,2.078,0.5,6.0,0.47,5.0,0.53,5.0,0.59,37.0,0.47,5.0,0.41,37.0,0.5,6.0,0.53,5.0,0.03,0.03,623.075,1776316201000
1776316203.262,3.262,0.5,6.0,0.47,5.0,0.53,5.0,0.59,37.0,0.47,5.0,0.41,37.0,0.5,6.0,0.53,5.0,0.03,0.03,623.146,1776316202000
1776316204.349,4.349,0.5,6.0,0.47,5.0,0.53,5.0,0.59,37.0,0.47,5.0,0.41,37.0,0.5,6.0,0.53,5.0,0.03,0.03,623.122,1776316203000
1776316205.62,5.62,0.5,6.0,0.47,5.0,0.53,5.0,0.59,37.0,0.47,5.0,0.41,37.0,0.5,6.0,0.53,5.0,0.03,0.03,623.123,1776316204000
1776316206.129,6.129,0.5,6.0,0.47,5.0,0.53,5.0,0.59,37.0,0.47,5.0,0.41,37.0,0.5,6.0,0.53,5.0,0.03,0.03,623.125,1776316205000
1776316207.694,7.694,0.5,6.0,0.47,5.0,0.53,5.0,0.59,37.0,0.47,5.0,0.41,37.0,0.5,6.0,0.53,5.0,0.03,0.03,623.132,1776316206000
1776316208.232,8.232,0.5,6.0,0.47,5.0,0.53,5.0,0.59,37.0,0.47,5.0,0.41,37.0,0.5,6.0,0.53,5.0,0.03,0.03,623.121,1776316207000
1776316209.308,9.308,0.5,6.0,0.47,5.0,0.53,5.0,0.59,37.0,0.47,5.0,0.41,37.0,0.5,6.0,0.53,5.0,0.03,0.03,623.123,1776316208000
1776316209.886,9.886,0.5,6.0,0.47,5.0,0.53,5.0,0.59,37.0,0.47,5.0,0.41,37.0,0.5,6.0,0.53,5.0,0.03,0.03,623.123,1776316209000
1776316215.623,15.623,0.5,1.0,0.42,5.0,0.51,10.0,0.52,5.0,0.47,5.0,0.41,37.0,0.5,6.0,0.53,5.0,0.01,0.03,623.091255,1776316214000
1776316216.608,16.608,0.29,5.0,0.28,5.0,0.51,55.0,0.52,5.0,0.49,10.0,0.48,5.0,0.5,1.0,0.58,5.0,0.22,0.01,623.091255,1776316214000
1776316217.005,17.005,0.26,10.0,0.25,10.0,0.29,5.0,0.3,5.0,0.49,55.0,0.48,5.0,0.71,5.0,0.72,5.0,0.03,0.22,623.091255,1776316214000
1776316217.506,17.506,0.29,5.0,0.28,5.0,0.32,5.0,0.33,5.0,0.7,5.0,0.69,5.0,0.74,10.0,0.75,20.0,0.03,0.04,623.061,1776316216000
1776316218.905,18.905,0.25,3.49,0.24,5.0,0.26,5.0,0.27,5.0,0.7,5.0,0.69,5.0,0.72,5.0,0.73,5.0,0.01,0.02,622.997706,1776316217000
1776316227.461,27.461,0.26,5.0,0.25,5.0,0.28,5.0,0.29,10.0,0.74,5.0,0.73,5.0,0.75,0.24,0.76,5.0,0.02,0.01,622.83432,1776316226000
1776316228.898,28.898,0.28,3.44,0.27,5.0,0.29,5.0,0.3,5.0,0.72,5.0,0.71,10.0,0.74,5.0,0.75,5.0,0.01,0.02,622.83215,1776316227000
1776316241.685,41.685,0.35,5.0,0.34,5.0,0.38,10.0,0.39,10.0,0.71,5.0,0.7,5.0,0.72,3.44,0.73,5.0,0.03,0.01,622.80766,1776316240000
1776316261.525,61.525,0.46,5.0,0.45,5.0,0.48,5.0,0.49,5.0,0.63,5.0,0.62,10.0,0.66,5.0,0.67,5.0,0.02,0.03,622.917432,1776316260000
1776316266.118,66.118,0.48,3.07,0.47,5.0,0.49,5.0,0.5,10.0,0.52,5.0,0.51,5.0,0.54,5.0,0.55,5.0,0.01,0.02,622.997,1776316264000
1776316294.012,94.012,0.41,5.0,0.39,10.0,0.46,5.0,0.47,5.0,0.51,5.0,0.5,10.0,0.52,3.07,0.53,5.0,0.05,0.01,623.046275,1776316292000
1776316310.139,110.139,0.35,8.0,0.34,5.0,0.37,5.0,0.38,5.0,0.54,5.0,0.53,5.0,0.59,5.0,0.61,10.0,0.02,0.05,622.979248,1776316309000
1776316312.265,112.265,0.25,3.48,0.24,5.0,0.27,5.0,0.28,5.0,0.63,5.0,0.62,5.0,0.65,8.0,0.66,5.0,0.02,0.02,622.935,1776316311000
1776316316.725,116.725,0.24,5.0,0.23,5.0,0.29,1.72,0.3,5.0,0.73,5.0,0.72,5.0,0.75,3.48,0.76,5.0,0.05,0.02,622.837,1776316315000
1776316346.249,146.249,0.28,5.0,0.27,5.0,0.29,6.0,0.36,5.0,0.71,1.72,0.7,5.0,0.76,5.0,0.77,5.0,0.01,0.05,622.906058,1776316344000
1776316346.587,146.587,0.28,5.0,0.27,5.0,0.29,0.82,0.36,5.0,0.71,6.0,0.64,5.0,0.72,5.0,0.73,5.0,0.01,0.01,622.906052,1776316345000
1776316350.589,150.589,0.27,5.0,0.26,5.0,0.29,0.82,0.36,5.0,0.71,0.82,0.64,5.0,0.72,5.0,0.73,5.0,0.02,0.01,622.908726,1776316349000
1776316364.924,164.924,0.28,5.0,0.27,5.0,0.38,5.0,0.39,5.0,0.71,0.82,0.64,5.0,0.73,5.0,0.74,5.0,0.1,0.02,622.921541,1776316363000
1776316369.422,169.422,0.45,5.0,0.44,5.0,0.48,5.0,0.49,5.0,0.62,5.0,0.61,5.0,0.72,5.0,0.73,5.0,0.03,0.1,622.978858,1776316367000
1776316369.757,169.757,0.44,5.0,0.43,5.0,0.46,5.0,0.47,5.0,0.52,5.0,0.51,5.0,0.55,5.0,0.56,5.0,0.02,0.03,622.978859,1776316368000
1776316370.469,170.469,0.43,3.01,0.42,5.0,0.45,5.0,0.46,5.0,0.54,5.0,0.53,5.0,0.56,5.0,0.57,5.0,0.02,0.02,622.978859,1776316368000
1776316372.698,172.698,0.39,1.72,0.38,5.0,0.41,5.0,0.42,5.0,0.55,5.0,0.54,5.0,0.57,3.01,0.58,5.0,0.02,0.02,623.023411,1776316370000
1776316388.449,188.449,0.37,5.0,0.34,16.6,0.39,5.0,0.4,5.0,0.59,5.0,0.58,5.0,0.61,1.72,0.62,5.0,0.02,0.02,623.050407,1776316387000
1776316393.537,193.537,0.34,11.6,0.33,16.8,0.38,5.0,0.39,5.0,0.61,5.0,0.6,5.0,0.63,5.0,0.66,16.6,0.04,0.02,623.050526,1776316392000
1776316394.133,194.133,0.34,11.6,0.33,16.8,0.36,5.0,0.37,5.0,0.62,5.0,0.61,5.0,0.66,11.6,0.67,16.8,0.02,0.04,623.048209,1776316393000
1776316394.97,194.97,0.32,11.9,0.31,17.2,0.34,5.0,0.35,5.0,0.64,5.0,0.63,5.0,0.66,11.6,0.67,16.8,0.02,0.02,623.047903,1776316394000
1776316400.503,200.503,0.34,0.5,0.33,5.0,0.36,5.0,0.37,5.0,0.66,5.0,0.65,5.0,0.68,11.9,0.69,17.2,0.02,0.02,623.04205,1776316399000
1776316401.073,201.073,0.32,1.47,0.31,5.0,0.33,5.0,0.34,5.0,0.64,5.0,0.63,5.0,0.67,1.05,0.68,5.0,0.01,0.03,623.04205,1776316399000
1776316403.552,203.552,0.19,1.33,0.18,5.0,0.2,5.0,0.21,5.0,0.67,5.0,0.66,5.0,0.68,1.47,0.69,5.0,0.01,0.01,622.960421,1776316402000
1776316404.292,204.292,0.2,5.0,0.19,5.0,0.23,5.0,0.24,5.0,0.79,5.0,0.78,5.0,0.81,1.33,0.82,5.0,0.03,0.02,622.960234,1776316403000
1776316406.185,206.185,0.21,5.0,0.2,5.0,0.22,1.56,0.23,5.0,0.77,5.0,0.76,5.0,0.8,5.0,0.81,5.0,0.01,0.03,622.936252,1776316405000
1776316438.72,238.72,0.07,3.92,0.06,5.0,0.08,55.29,0.09,36.7,0.78,1.56,0.77,5.0,0.79,5.0,0.8,5.0,0.01,0.01,622.774185,1776316437000
1776316439.657,239.657,0.04,10.0,0.03,10.0,0.08,55.29,0.09,36.7,0.92,55.29,0.91,36.7,0.93,3.92,0.94,5.0,0.04,0.01,622.744,1776316438000
1776316442.476,242.476,0.04,7.91,0.03,10.0,0.05,54.7,0.06,51.1,0.92,55.29,0.91,36.7,0.96,10.0,0.97,10.0,0.01,0.04,622.736075,1776316441000
1776316445.281,245.281,0.07,1.0,0.06,5.0,0.09,31.7,0.1,33.9,0.95,54.7,0.94,51.1,0.96,7.91,0.97,10.0,0.02,0.01,622.747,1776316444000
1776316446.229,246.229,0.11,3.33,0.1,5.0,0.13,5.0,0.14,26.6,0.91,31.7,0.9,33.9,0.93,1.0,0.94,5.0,0.02,0.02,622.794862,1776316445000
1776316449.813,249.813,0.11,5.0,0.1,5.0,0.18,6.83,0.19,5.0,0.88,5.0,0.87,5.0,0.9,4.11,0.91,5.0,0.07,0.02,622.843,1776316448000
1776316465.618,265.618,0.16,3.21,0.15,5.0,0.17,5.0,0.18,5.0,0.78,0.81,0.77,5.0,0.89,5.0,0.9,5.0,0.01,0.11,622.955851,1776316464000
1776316468.282,268.282,0.13,5.0,0.12,5.0,0.16,5.0,0.17,5.0,0.83,5.0,0.82,5.0,0.84,2.01,0.85,5.0,0.03,0.01,622.955339,1776316467000
1776316468.826,268.826,0.13,5.0,0.12,5.0,0.15,3.83,0.16,5.0,0.84,5.0,0.83,5.0,0.87,5.0,0.88,5.0,0.02,0.03,622.955339,1776316467000
1776316476.861,276.861,0.11,3.7,0.1,5.0,0.15,5.0,0.16,5.0,0.85,3.83,0.84,5.0,0.87,5.0,0.88,5.0,0.04,0.02,622.962277,1776316475000
1776316480.345,280.345,0.06,1.84,0.05,5.0,0.08,5.0,0.09,10.0,0.85,5.0,0.84,5.0,0.89,3.7,0.9,5.0,0.02,0.04,622.959958,1776316479000
1776316480.827,280.827,0.04,5.37,0.03,10.0,0.06,5.0,0.07,5.0,0.92,5.0,0.91,10.0,0.95,0.56,0.96,7.91,0.02,0.03,622.959958,1776316479000
1776316481.186,281.186,0.04,1.14,0.03,10.0,0.05,5.0,0.06,5.0,0.94,5.0,0.93,5.0,0.96,2.27,0.97,10.0,0.01,0.02,622.959958,1776316479000
1776316491.251,291.251,0.02,20.0,0.01,200.0,0.04,5.0,0.05,5.0,0.95,5.0,0.94,5.0,0.97,6.54,0.98,70.0,0.02,0.02,622.94801,1776316490000
1776316494.237,294.237,0.02,15.0,0.01,100.0,0.03,0.82,0.04,5.0,0.96,5.0,0.95,5.0,0.98,20.0,0.99,200.0,0.01,0.02,622.952408,1776316492000
1776316495.334,295.334,0.01,100.0,,,0.03,0.82,0.04,5.0,0.97,0.82,0.96,5.0,0.98,15.0,0.99,100.0,0.02,0.01,622.951805,1776316494000
1776316495.803,295.803,0.01,81.0,,,0.03,0.82,0.04,5.0,0.97,0.82,0.96,5.0,0.99,100.0,,,0.02,0.02,622.951805,1776316494000
1776316496.127,296.127,0.01,81.0,,,0.04,4.7,0.05,5.0,0.97,0.82,0.96,5.0,0.99,81.0,,,0.03,0.02,622.951805,1776316494000
1776316496.415,296.415,0.02,3.97,0.01,81.0,0.04,4.7,0.05,5.0,0.96,4.7,0.95,5.0,0.99,81.0,,,0.02,0.03,622.951495,1776316495000
1776316497.049,297.049,0.01,63.62,,,0.03,5.0,0.04,4.7,0.96,4.7,0.95,5.0,0.98,2.86,0.99,81.0,0.02,0.02,622.951495,1776316495000
1776316497.594,297.594,,,,,0.01,1039.88,0.02,5.0,0.99,936.38,0.97,5.0,,,,,,,622.951236,1776316496000

# RESULT,winner=Down,slug=bnb-updown-5m-1776316200,ticks=62
