timestamp,elapsed_sec,up_bid_p1,up_bid_s1,up_bid_p2,up_bid_s2,up_ask_p1,up_ask_s1,up_ask_p2,up_ask_s2,down_bid_p1,down_bid_s1,down_bid_p2,down_bid_s2,down_ask_p1,down_ask_s1,down_ask_p2,down_ask_s2,up_spread,down_spread,bnb_price,bnb_oracle_ts
1776210911.276,11.276,,,,,,,,,,,,,,,,,,,614.06784,1776210910000
1776210911.519,11.519,0.41,77.0,0.37,5.0,0.5,7.78,0.61,5.0,0.5,7.78,0.39,5.0,0.59,77.0,0.63,5.0,0.09,0.09,614.06784,1776210910000
1776210912.846,12.846,0.41,77.0,0.37,5.0,0.61,5.0,0.62,5.0,0.39,5.0,0.38,5.0,0.59,77.0,0.63,5.0,0.2,0.2,614.04996,1776210911000
1776210914.903,14.903,0.41,77.0,0.37,5.0,0.61,5.0,0.62,5.0,0.39,5.0,0.38,5.0,0.59,77.0,0.63,5.0,0.2,0.2,614.04997,1776210914000
1776210915.915,15.915,0.41,77.0,0.37,5.0,0.61,5.0,0.62,5.0,0.39,5.0,0.38,5.0,0.59,77.0,0.63,5.0,0.2,0.2,614.04018,1776210915000
1776210916.912,16.912,0.41,77.0,0.37,5.0,0.61,5.0,0.62,5.0,0.39,5.0,0.38,5.0,0.59,77.0,0.63,5.0,0.2,0.2,614.04491,1776210916000
1776210917.989,17.989,0.41,77.0,0.37,5.0,0.61,5.0,0.62,5.0,0.39,5.0,0.38,5.0,0.59,77.0,0.63,5.0,0.2,0.2,614.04284,1776210917000
1776210919.208,19.208,0.41,77.0,0.37,5.0,0.61,5.0,0.62,5.0,0.39,5.0,0.38,5.0,0.59,77.0,0.63,5.0,0.2,0.2,614.03657,1776210918000
1776210920.301,20.301,0.41,77.0,0.37,5.0,0.61,5.0,0.62,5.0,0.39,5.0,0.38,5.0,0.59,77.0,0.63,5.0,0.2,0.2,614.03651,1776210919000
1776210921.322,21.322,0.41,77.0,0.37,5.0,0.61,5.0,0.62,5.0,0.39,5.0,0.38,5.0,0.59,77.0,0.63,5.0,0.2,0.2,614.053,1776210920000
1776210921.902,21.902,0.41,77.0,0.37,5.0,0.61,5.0,0.62,5.0,0.39,5.0,0.38,5.0,0.59,77.0,0.63,5.0,0.2,0.2,614.04366,1776210921000
1776210922.942,22.942,0.41,77.0,0.37,5.0,0.61,5.0,0.62,5.0,0.39,5.0,0.38,5.0,0.59,77.0,0.63,5.0,0.2,0.2,614.054328,1776210922000
1776210923.911,23.911,0.41,77.0,0.37,5.0,0.61,5.0,0.62,5.0,0.39,5.0,0.38,5.0,0.59,77.0,0.63,5.0,0.2,0.2,614.099,1776210923000
1776210925.019,25.019,0.41,77.0,0.37,5.0,0.61,5.0,0.62,5.0,0.39,5.0,0.38,5.0,0.59,77.0,0.63,5.0,0.2,0.2,614.068,1776210924000
1776210926.789,26.789,0.41,77.0,0.37,5.0,0.61,5.0,0.62,5.0,0.39,5.0,0.38,5.0,0.59,77.0,0.63,5.0,0.2,0.2,614.078222,1776210925000
1776210927.786,27.786,0.41,77.0,0.37,5.0,0.61,5.0,0.62,5.0,0.39,5.0,0.38,5.0,0.59,77.0,0.63,5.0,0.2,0.2,614.093332,1776210926000
1776210928.42,28.42,0.41,77.0,0.37,5.0,0.61,5.0,0.62,5.0,0.39,5.0,0.38,5.0,0.59,77.0,0.63,5.0,0.2,0.2,614.093494,1776210927000
1776210929.234,29.234,0.41,77.0,0.37,5.0,0.61,5.0,0.62,5.0,0.39,5.0,0.38,5.0,0.59,77.0,0.63,5.0,0.2,0.2,614.09225,1776210928000
1776210930.454,30.454,0.41,77.0,0.37,5.0,0.61,5.0,0.62,5.0,0.39,5.0,0.38,5.0,0.59,77.0,0.63,5.0,0.2,0.2,614.08027,1776210929000
1776210931.202,31.202,0.41,77.0,0.37,5.0,0.61,5.0,0.62,5.0,0.39,5.0,0.38,5.0,0.59,77.0,0.63,5.0,0.2,0.2,614.06828,1776210930000
1776210932.488,32.488,0.41,77.0,0.37,5.0,0.61,5.0,0.62,5.0,0.39,5.0,0.38,5.0,0.59,77.0,0.63,5.0,0.2,0.2,614.06616,1776210931000
1776210933.103,33.103,0.41,77.0,0.37,5.0,0.61,5.0,0.62,5.0,0.39,5.0,0.38,5.0,0.59,77.0,0.63,5.0,0.2,0.2,614.06616,1776210932000
1776210934.434,34.434,0.41,77.0,0.37,5.0,0.61,5.0,0.62,5.0,0.39,5.0,0.38,5.0,0.59,77.0,0.63,5.0,0.2,0.2,614.06677,1776210933000
1776210934.998,34.998,0.41,77.0,0.37,5.0,0.61,5.0,0.62,5.0,0.39,5.0,0.38,5.0,0.59,77.0,0.63,5.0,0.2,0.2,614.067072,1776210934000
1776210936.3,36.3,0.41,77.0,0.37,5.0,0.61,5.0,0.62,5.0,0.39,5.0,0.38,5.0,0.59,77.0,0.63,5.0,0.2,0.2,614.08083,1776210935000
1776210937.007,37.007,0.41,77.0,0.37,5.0,0.61,5.0,0.62,5.0,0.39,5.0,0.38,5.0,0.59,77.0,0.63,5.0,0.2,0.2,614.08101,1776210936000
1776210938.426,38.426,0.41,77.0,0.37,5.0,0.61,5.0,0.62,5.0,0.39,5.0,0.38,5.0,0.59,77.0,0.63,5.0,0.2,0.2,614.08338,1776210937000
1776210939.332,39.332,0.41,77.0,0.37,5.0,0.61,5.0,0.62,5.0,0.39,5.0,0.38,5.0,0.59,77.0,0.63,5.0,0.2,0.2,614.08338,1776210938000
1776210940.698,40.698,0.41,77.0,0.37,5.0,0.61,5.0,0.62,5.0,0.39,5.0,0.38,5.0,0.59,77.0,0.63,5.0,0.2,0.2,614.07347,1776210939000
1776210941.309,41.309,0.41,77.0,0.37,5.0,0.61,5.0,0.62,5.0,0.39,5.0,0.38,5.0,0.59,77.0,0.63,5.0,0.2,0.2,614.089226,1776210940000
1776210942.739,42.739,0.41,77.0,0.37,5.0,0.61,5.0,0.62,5.0,0.39,5.0,0.38,5.0,0.59,77.0,0.63,5.0,0.2,0.2,614.089368,1776210941000
1776210943.559,43.559,0.41,77.0,0.37,5.0,0.61,5.0,0.62,5.0,0.39,5.0,0.38,5.0,0.59,77.0,0.63,5.0,0.2,0.2,614.089368,1776210942000
1776210944.604,44.604,0.41,77.0,0.37,5.0,0.61,5.0,0.62,5.0,0.39,5.0,0.38,5.0,0.59,77.0,0.63,5.0,0.2,0.2,614.082067,1776210943000
1776210945.197,45.197,0.41,77.0,0.37,5.0,0.61,5.0,0.62,5.0,0.39,5.0,0.38,5.0,0.59,77.0,0.63,5.0,0.2,0.2,614.082217,1776210944000
1776210946.494,46.494,0.41,77.0,0.37,5.0,0.61,5.0,0.62,5.0,0.39,5.0,0.38,5.0,0.59,77.0,0.63,5.0,0.2,0.2,614.081303,1776210945000
1776210947.183,47.183,0.41,77.0,0.37,5.0,0.61,5.0,0.62,5.0,0.39,5.0,0.38,5.0,0.59,77.0,0.63,5.0,0.2,0.2,614.081303,1776210946000
1776210948.386,48.386,0.41,77.0,0.37,5.0,0.61,5.0,0.62,5.0,0.39,5.0,0.38,5.0,0.59,77.0,0.63,5.0,0.2,0.2,614.077464,1776210947000
1776210948.938,48.938,0.41,77.0,0.37,5.0,0.61,5.0,0.62,5.0,0.39,5.0,0.38,5.0,0.59,77.0,0.63,5.0,0.2,0.2,614.077465,1776210948000
1776210950.132,50.132,0.41,77.0,0.37,5.0,0.61,5.0,0.62,5.0,0.39,5.0,0.38,5.0,0.59,77.0,0.63,5.0,0.2,0.2,614.077465,1776210949000
1776210951.357,51.357,0.41,77.0,0.37,5.0,0.61,5.0,0.62,5.0,0.39,5.0,0.38,5.0,0.59,77.0,0.63,5.0,0.2,0.2,614.077465,1776210950000
1776210951.864,51.864,0.41,77.0,0.37,5.0,0.61,5.0,0.62,5.0,0.39,5.0,0.38,5.0,0.59,77.0,0.63,5.0,0.2,0.2,614.077465,1776210951000
1776210953.024,53.024,0.41,77.0,0.37,5.0,0.61,5.0,0.62,5.0,0.39,5.0,0.38,5.0,0.59,77.0,0.63,5.0,0.2,0.2,614.086464,1776210952000
1776210954.157,54.157,0.41,77.0,0.37,5.0,0.61,5.0,0.62,5.0,0.39,5.0,0.38,5.0,0.59,77.0,0.63,5.0,0.2,0.2,614.087368,1776210953000
1776210955.317,55.317,0.41,77.0,0.37,5.0,0.61,5.0,0.62,5.0,0.39,5.0,0.38,5.0,0.59,77.0,0.63,5.0,0.2,0.2,614.090776,1776210954000
1776210955.958,55.958,0.41,77.0,0.37,5.0,0.61,5.0,0.62,5.0,0.39,5.0,0.38,5.0,0.59,77.0,0.63,5.0,0.2,0.2,614.090135,1776210955000
1776210957.011,57.011,0.41,77.0,0.37,5.0,0.61,5.0,0.62,5.0,0.39,5.0,0.38,5.0,0.59,77.0,0.63,5.0,0.2,0.2,614.09182,1776210956000
1776210957.51,57.51,0.54,10.0,0.53,5.0,0.68,11.9,0.69,12.2,0.39,5.0,0.38,5.0,0.59,77.0,0.63,5.0,0.14,0.2,614.09182,1776210956000
1776210958.23,58.23,0.54,10.0,0.53,5.0,0.68,11.9,0.69,12.2,0.32,11.9,0.31,12.2,0.46,10.0,0.47,5.0,0.14,0.14,614.091857,1776210957000
1776210960.075,60.075,0.54,10.0,0.53,5.0,0.68,11.9,0.69,12.2,0.32,11.9,0.31,12.2,0.46,10.0,0.47,5.0,0.14,0.14,614.091857,1776210958000
1776210961.192,61.192,0.54,10.0,0.53,5.0,0.68,11.9,0.69,12.2,0.32,11.9,0.31,12.2,0.46,10.0,0.47,5.0,0.14,0.14,614.090726,1776210959000
1776210961.989,61.989,0.54,10.0,0.53,5.0,0.68,11.9,0.69,12.2,0.32,11.9,0.31,12.2,0.46,10.0,0.47,5.0,0.14,0.14,614.090726,1776210960000
1776210962.74,62.74,0.54,10.0,0.53,5.0,0.68,11.9,0.69,12.2,0.32,11.9,0.31,12.2,0.46,10.0,0.47,5.0,0.14,0.14,614.090788,1776210961000
1776210963.697,63.697,0.54,10.0,0.53,5.0,0.68,11.9,0.69,12.2,0.32,11.9,0.31,12.2,0.46,10.0,0.47,5.0,0.14,0.14,614.092129,1776210962000
1776210964.342,64.342,0.54,10.0,0.53,5.0,0.68,11.9,0.69,12.2,0.32,11.9,0.31,12.2,0.46,10.0,0.47,5.0,0.14,0.14,614.109,1776210963000
1776210965.11,65.11,0.54,10.0,0.53,5.0,0.68,11.9,0.69,12.2,0.32,11.9,0.31,12.2,0.46,10.0,0.47,5.0,0.14,0.14,614.109,1776210964000
1776210966.556,66.556,0.54,10.0,0.53,5.0,0.68,11.9,0.69,12.2,0.32,11.9,0.31,12.2,0.46,10.0,0.47,5.0,0.14,0.14,614.107,1776210965000
1776210967.367,67.367,0.54,10.0,0.53,5.0,0.68,11.9,0.69,12.2,0.32,11.9,0.31,12.2,0.46,10.0,0.47,5.0,0.14,0.14,614.110725,1776210966000
1776210968.149,68.149,0.54,10.0,0.53,5.0,0.68,11.9,0.69,12.2,0.32,11.9,0.31,12.2,0.46,10.0,0.47,5.0,0.14,0.14,614.115,1776210967000
1776210969.81,69.81,0.54,10.0,0.53,5.0,0.68,11.9,0.69,12.2,0.32,11.9,0.31,12.2,0.46,10.0,0.47,5.0,0.14,0.14,614.168891,1776210968000
1776210970.521,70.521,0.54,10.0,0.53,5.0,0.68,11.9,0.69,12.2,0.32,11.9,0.31,12.2,0.46,10.0,0.47,5.0,0.14,0.14,614.168891,1776210969000
1776210971.274,71.274,0.54,10.0,0.53,5.0,0.68,11.9,0.69,12.2,0.32,11.9,0.31,12.2,0.46,10.0,0.47,5.0,0.14,0.14,614.168938,1776210970000
1776210972.037,72.037,0.6,5.0,0.59,10.7,0.71,45.0,0.72,10.0,0.32,11.9,0.31,12.2,0.46,10.0,0.47,5.0,0.11,0.14,614.168938,1776210970000
1776210972.728,72.728,0.6,5.0,0.59,10.7,0.71,45.0,0.72,10.0,0.29,45.0,0.28,10.0,0.4,5.0,0.41,10.7,0.11,0.11,614.169164,1776210971000
1776210973.492,73.492,0.6,5.0,0.59,10.7,0.71,45.0,0.72,10.0,0.29,45.0,0.28,10.0,0.4,5.0,0.41,10.7,0.11,0.11,614.159643,1776210972000
1776210974.255,74.255,0.6,5.0,0.59,10.7,0.71,45.0,0.72,10.0,0.29,45.0,0.28,10.0,0.4,5.0,0.41,10.7,0.11,0.11,614.159038,1776210973000
1776210975.792,75.792,0.6,5.0,0.59,10.7,0.71,45.0,0.72,10.0,0.29,45.0,0.28,10.0,0.4,5.0,0.41,10.7,0.11,0.11,614.158988,1776210974000
1776210976.498,76.498,0.6,5.0,0.59,10.7,0.71,45.0,0.72,10.0,0.29,45.0,0.28,10.0,0.4,5.0,0.41,10.7,0.11,0.11,614.158741,1776210975000
1776210977.15,77.15,0.6,5.0,0.59,10.7,0.71,45.0,0.72,10.0,0.29,45.0,0.28,10.0,0.4,5.0,0.41,10.7,0.11,0.11,614.167221,1776210976000
1776210978.596,78.596,0.6,15.8,0.59,10.7,0.71,36.99,0.72,10.0,0.29,36.99,0.28,10.0,0.4,15.8,0.41,10.7,0.11,0.11,614.167157,1776210977000
1776210979.244,79.244,0.6,15.8,0.59,10.7,0.71,35.45,0.72,10.0,0.29,36.99,0.28,10.0,0.4,15.8,0.41,10.7,0.11,0.11,614.167157,1776210977000
1776210979.778,79.778,0.6,15.8,0.59,10.7,0.71,35.45,0.72,10.0,0.29,35.45,0.28,10.0,0.4,15.8,0.41,10.7,0.11,0.11,614.167157,1776210978000
1776210980.186,80.186,0.6,15.8,0.59,10.7,0.71,35.45,0.72,10.0,0.29,35.45,0.28,10.0,0.4,15.8,0.41,10.7,0.11,0.11,614.167135,1776210979000
1776210981.167,81.167,0.6,15.8,0.59,10.7,0.71,35.45,0.72,10.0,0.29,35.45,0.28,10.0,0.4,15.8,0.41,10.7,0.11,0.11,614.167519,1776210980000
1776210981.381,81.381,0.6,15.8,0.59,10.7,0.71,25.38,0.72,10.0,0.29,35.45,0.28,10.0,0.4,15.8,0.41,10.7,0.11,0.11,614.167519,1776210980000
1776210982.163,82.163,0.6,15.8,0.59,10.7,0.71,25.38,0.72,10.0,0.29,25.38,0.28,10.0,0.4,15.8,0.41,10.7,0.11,0.11,614.16689,1776210981000
1776210982.846,82.846,0.6,15.8,0.59,10.7,0.73,2.22,0.74,13.5,0.29,25.38,0.28,10.0,0.4,15.8,0.41,10.7,0.13,0.11,614.16689,1776210981000
1776210983.155,83.155,0.6,15.8,0.59,10.7,0.73,2.22,0.74,13.5,0.27,2.22,0.26,13.5,0.4,15.8,0.41,10.7,0.13,0.13,614.166417,1776210982000
1776210984.134,84.134,0.6,15.8,0.59,10.7,0.73,2.22,0.74,13.5,0.27,2.22,0.26,13.5,0.4,15.8,0.41,10.7,0.13,0.13,614.166302,1776210983000
1776210984.512,84.512,0.61,50.0,0.6,15.8,0.74,13.5,0.75,21.9,0.27,2.22,0.26,13.5,0.4,15.8,0.41,10.7,0.13,0.13,614.166302,1776210983000
1776210985.146,85.146,0.61,50.0,0.6,15.8,0.74,13.5,0.75,21.9,0.26,13.5,0.25,21.9,0.39,50.0,0.4,15.8,0.13,0.13,614.166182,1776210984000
1776210986.28,86.28,0.61,50.0,0.6,15.8,0.74,13.5,0.75,21.9,0.26,13.5,0.25,21.9,0.39,50.0,0.4,15.8,0.13,0.13,614.161995,1776210985000
1776210987.159,87.159,0.61,50.0,0.6,15.8,0.74,13.5,0.75,21.9,0.26,13.5,0.25,21.9,0.39,50.0,0.4,15.8,0.13,0.13,614.158706,1776210986000
1776210988.229,88.229,0.61,50.0,0.6,15.8,0.74,13.5,0.75,21.9,0.26,13.5,0.25,21.9,0.39,50.0,0.4,15.8,0.13,0.13,614.159006,1776210987000
1776210989.075,89.075,0.61,50.0,0.6,15.8,0.74,13.5,0.75,21.9,0.26,13.5,0.25,21.9,0.39,50.0,0.4,15.8,0.13,0.13,614.159006,1776210988000
1776210990.096,90.096,0.61,50.0,0.6,15.8,0.74,13.5,0.75,21.9,0.26,13.5,0.25,21.9,0.39,50.0,0.4,15.8,0.13,0.13,614.157859,1776210989000
1776210991.068,91.068,0.61,50.0,0.6,15.8,0.74,13.5,0.75,21.9,0.26,13.5,0.25,21.9,0.39,50.0,0.4,15.8,0.13,0.13,614.157925,1776210990000
1776210992.467,92.467,0.61,50.0,0.6,15.8,0.74,13.5,0.75,21.9,0.26,13.5,0.25,21.9,0.39,50.0,0.4,15.8,0.13,0.13,614.157815,1776210991000
1776210992.954,92.954,0.61,50.0,0.6,15.8,0.74,13.5,0.75,21.9,0.26,13.5,0.25,21.9,0.39,50.0,0.4,15.8,0.13,0.13,614.157815,1776210992000
1776210994.013,94.013,0.61,50.0,0.6,15.8,0.74,13.5,0.75,21.9,0.26,13.5,0.25,21.9,0.39,50.0,0.4,15.8,0.13,0.13,614.159619,1776210993000
1776210995.07,95.07,0.61,50.0,0.6,15.8,0.74,13.5,0.75,21.9,0.26,13.5,0.25,21.9,0.39,50.0,0.4,15.8,0.13,0.13,614.160118,1776210994000
1776210996.228,96.228,0.61,50.0,0.6,15.8,0.74,13.5,0.75,21.9,0.26,13.5,0.25,21.9,0.39,50.0,0.4,15.8,0.13,0.13,614.160149,1776210995000
1776210997.359,97.359,0.61,50.0,0.6,15.8,0.74,13.5,0.75,21.9,0.26,13.5,0.25,21.9,0.39,50.0,0.4,15.8,0.13,0.13,614.162318,1776210996000
1776210998.485,98.485,0.61,50.0,0.6,15.8,0.74,13.5,0.75,21.9,0.26,13.5,0.25,21.9,0.39,50.0,0.4,15.8,0.13,0.13,614.158134,1776210997000
1776210998.967,98.967,0.61,50.0,0.6,15.8,0.74,13.5,0.75,21.9,0.26,13.5,0.25,21.9,0.39,50.0,0.4,15.8,0.13,0.13,614.158134,1776210998000
1776211000.027,100.027,0.61,50.0,0.6,15.8,0.74,13.5,0.75,21.9,0.26,13.5,0.25,21.9,0.39,50.0,0.4,15.8,0.13,0.13,614.160848,1776210999000
1776211001.116,101.116,0.61,50.0,0.6,15.8,0.74,13.5,0.75,21.9,0.26,13.5,0.25,21.9,0.39,50.0,0.4,15.8,0.13,0.13,614.160833,1776211000000
1776211002.16,102.16,0.61,50.0,0.6,15.8,0.74,13.5,0.75,21.9,0.26,13.5,0.25,21.9,0.39,50.0,0.4,15.8,0.13,0.13,614.15806,1776211001000
1776211003.212,103.212,0.61,50.0,0.6,15.8,0.74,13.5,0.75,21.9,0.26,13.5,0.25,21.9,0.39,50.0,0.4,15.8,0.13,0.13,614.158967,1776211002000
1776211004.287,104.287,0.61,50.0,0.6,15.8,0.74,13.5,0.75,21.9,0.26,13.5,0.25,21.9,0.39,50.0,0.4,15.8,0.13,0.13,614.159025,1776211003000
1776211005.401,105.401,0.61,50.0,0.6,15.8,0.74,13.5,0.75,21.9,0.26,13.5,0.25,21.9,0.39,50.0,0.4,15.8,0.13,0.13,614.159025,1776211004000
1776211006.41,106.41,0.61,50.0,0.6,15.8,0.74,13.5,0.75,21.9,0.26,13.5,0.25,21.9,0.39,50.0,0.4,15.8,0.13,0.13,614.163517,1776211005000
1776211006.967,106.967,0.61,50.0,0.6,15.8,0.74,13.5,0.75,21.9,0.26,13.5,0.25,21.9,0.39,50.0,0.4,15.8,0.13,0.13,614.163517,1776211006000
1776211007.948,107.948,0.61,50.0,0.6,15.8,0.74,13.5,0.75,21.9,0.26,13.5,0.25,21.9,0.39,50.0,0.4,15.8,0.13,0.13,614.163517,1776211007000
1776211009.028,109.028,0.61,50.0,0.6,15.8,0.74,13.5,0.75,21.9,0.26,13.5,0.25,21.9,0.39,50.0,0.4,15.8,0.13,0.13,614.163581,1776211008000
1776211010.083,110.083,0.61,50.0,0.6,15.8,0.74,13.5,0.75,21.9,0.26,13.5,0.25,21.9,0.39,50.0,0.4,15.8,0.13,0.13,614.164522,1776211009000
1776211011.045,111.045,0.61,50.0,0.6,15.8,0.74,13.5,0.75,21.9,0.26,13.5,0.25,21.9,0.39,50.0,0.4,15.8,0.13,0.13,614.164522,1776211010000
1776211012.013,112.013,0.61,50.0,0.6,15.8,0.74,13.5,0.75,21.9,0.26,13.5,0.25,21.9,0.39,50.0,0.4,15.8,0.13,0.13,614.164518,1776211011000
1776211012.996,112.996,0.61,50.0,0.6,15.8,0.74,13.5,0.75,21.9,0.26,13.5,0.25,21.9,0.39,50.0,0.4,15.8,0.13,0.13,614.164518,1776211012000
1776211013.971,113.971,0.61,50.0,0.6,15.8,0.74,13.5,0.75,21.9,0.26,13.5,0.25,21.9,0.39,50.0,0.4,15.8,0.13,0.13,614.163637,1776211013000
1776211015.038,115.038,0.61,50.0,0.6,15.8,0.74,13.5,0.75,21.9,0.26,13.5,0.25,21.9,0.39,50.0,0.4,15.8,0.13,0.13,614.163184,1776211014000
1776211016.011,116.011,0.61,50.0,0.6,15.8,0.74,13.5,0.75,21.9,0.26,13.5,0.25,21.9,0.39,50.0,0.4,15.8,0.13,0.13,614.163184,1776211015000
1776211017.013,117.013,0.61,50.0,0.6,15.8,0.74,13.5,0.75,21.9,0.26,13.5,0.25,21.9,0.39,50.0,0.4,15.8,0.13,0.13,614.163184,1776211016000
1776211018.086,118.086,0.61,50.0,0.6,15.8,0.74,13.5,0.75,21.9,0.26,13.5,0.25,21.9,0.39,50.0,0.4,15.8,0.13,0.13,614.163879,1776211017000
1776211019.367,119.367,0.61,50.0,0.6,15.8,0.74,13.5,0.75,21.9,0.26,13.5,0.25,21.9,0.39,50.0,0.4,15.8,0.13,0.13,614.163915,1776211018000
1776211019.946,119.946,0.61,50.0,0.6,15.8,0.74,13.5,0.75,21.9,0.26,13.5,0.25,21.9,0.39,50.0,0.4,15.8,0.13,0.13,614.167511,1776211019000
1776211021.13,121.13,0.61,50.0,0.6,15.8,0.74,13.5,0.75,21.9,0.26,13.5,0.25,21.9,0.39,50.0,0.4,15.8,0.13,0.13,614.178219,1776211020000
1776211022.275,122.275,0.61,50.0,0.6,15.8,0.74,13.5,0.75,21.9,0.26,13.5,0.25,21.9,0.39,50.0,0.4,15.8,0.13,0.13,614.17843,1776211021000
1776211022.844,122.844,0.61,50.0,0.6,15.8,0.74,13.5,0.75,21.9,0.26,13.5,0.25,21.9,0.39,50.0,0.4,15.8,0.13,0.13,614.191152,1776211022000
1776211023.781,123.781,0.61,50.0,0.6,15.8,0.74,13.5,0.75,21.9,0.26,13.5,0.25,21.9,0.39,50.0,0.4,15.8,0.13,0.13,614.188688,1776211023000
1776211024.894,124.894,0.61,50.0,0.6,15.8,0.74,13.5,0.75,21.9,0.26,13.5,0.25,21.9,0.39,50.0,0.4,15.8,0.13,0.13,614.184624,1776211024000
1776211026.313,126.313,0.61,50.0,0.6,15.8,0.74,13.5,0.75,21.9,0.26,13.5,0.25,21.9,0.39,50.0,0.4,15.8,0.13,0.13,614.188545,1776211025000
1776211027.247,127.247,0.61,50.0,0.6,15.8,0.74,13.5,0.75,21.9,0.26,13.5,0.25,21.9,0.39,50.0,0.4,15.8,0.13,0.13,614.188106,1776211026000
1776211028.196,128.196,0.61,50.0,0.6,15.8,0.74,13.5,0.75,21.9,0.26,13.5,0.25,21.9,0.39,50.0,0.4,15.8,0.13,0.13,614.188106,1776211027000
1776211029.592,129.592,0.61,50.0,0.6,15.8,0.74,13.5,0.75,21.9,0.26,13.5,0.25,21.9,0.39,50.0,0.4,15.8,0.13,0.13,614.18806,1776211028000
1776211030.16,130.16,0.61,50.0,0.6,15.8,0.74,13.5,0.75,21.9,0.26,13.5,0.25,21.9,0.39,50.0,0.4,15.8,0.13,0.13,614.188976,1776211029000
1776211031.192,131.192,0.61,50.0,0.6,15.8,0.74,13.5,0.75,21.9,0.26,13.5,0.25,21.9,0.39,50.0,0.4,15.8,0.13,0.13,614.194329,1776211030000
1776211032.243,132.243,0.61,50.0,0.6,15.8,0.74,13.5,0.75,21.9,0.26,13.5,0.25,21.9,0.39,50.0,0.4,15.8,0.13,0.13,614.194375,1776211031000
1776211033.265,133.265,0.61,50.0,0.6,15.8,0.74,13.5,0.75,21.9,0.26,13.5,0.25,21.9,0.39,50.0,0.4,15.8,0.13,0.13,614.194385,1776211032000
1776211034.329,134.329,0.61,50.0,0.6,15.8,0.74,13.5,0.75,21.9,0.26,13.5,0.25,21.9,0.39,50.0,0.4,15.8,0.13,0.13,614.19454,1776211033000
1776211035.334,135.334,0.61,50.0,0.6,15.8,0.74,13.5,0.75,21.9,0.26,13.5,0.25,21.9,0.39,50.0,0.4,15.8,0.13,0.13,614.191276,1776211034000
1776211036.125,136.125,0.61,50.0,0.6,15.8,0.74,13.5,0.75,21.9,0.26,13.5,0.25,21.9,0.39,50.0,0.4,15.8,0.13,0.13,614.18802,1776211035000
1776211037.355,137.355,0.61,50.0,0.6,15.8,0.74,13.5,0.75,21.9,0.26,13.5,0.25,21.9,0.39,50.0,0.4,15.8,0.13,0.13,614.18479,1776211036000
1776211038.135,138.135,0.61,50.0,0.6,15.8,0.74,13.5,0.75,21.9,0.26,13.5,0.25,21.9,0.39,50.0,0.4,15.8,0.13,0.13,614.18122,1776211037000
1776211039.32,139.32,0.61,50.0,0.6,15.8,0.74,13.5,0.75,21.9,0.26,13.5,0.25,21.9,0.39,50.0,0.4,15.8,0.13,0.13,614.1735,1776211038000
1776211040.058,140.058,0.61,50.0,0.6,15.8,0.74,13.5,0.75,21.9,0.26,13.5,0.25,21.9,0.39,50.0,0.4,15.8,0.13,0.13,614.18064,1776211039000
1776211041.224,141.224,0.61,50.0,0.6,15.8,0.74,13.5,0.75,21.9,0.26,13.5,0.25,21.9,0.39,50.0,0.4,15.8,0.13,0.13,614.19327,1776211040000
1776211042.462,142.462,0.61,50.0,0.6,15.8,0.74,13.5,0.75,21.9,0.26,13.5,0.25,21.9,0.39,50.0,0.4,15.8,0.13,0.13,614.193454,1776211041000
1776211043.114,143.114,0.61,50.0,0.6,15.8,0.74,13.5,0.75,21.9,0.26,13.5,0.25,21.9,0.39,50.0,0.4,15.8,0.13,0.13,614.19327,1776211042000
1776211044.452,144.452,0.61,50.0,0.6,15.8,0.74,13.5,0.75,21.9,0.26,13.5,0.25,21.9,0.39,50.0,0.4,15.8,0.13,0.13,614.19064,1776211043000
1776211045.019,145.019,0.61,50.0,0.6,15.8,0.74,13.5,0.75,21.9,0.26,13.5,0.25,21.9,0.39,50.0,0.4,15.8,0.13,0.13,614.194763,1776211044000
1776211046.259,146.259,0.61,50.0,0.6,15.8,0.74,13.5,0.75,21.9,0.26,13.5,0.25,21.9,0.39,50.0,0.4,15.8,0.13,0.13,614.200106,1776211045000
1776211047.551,147.551,0.61,50.0,0.6,15.8,0.74,13.5,0.75,21.9,0.26,13.5,0.25,21.9,0.39,50.0,0.4,15.8,0.13,0.13,614.202896,1776211046000
1776211048.296,148.296,0.61,50.0,0.6,15.8,0.74,13.5,0.75,21.9,0.26,13.5,0.25,21.9,0.39,50.0,0.4,15.8,0.13,0.13,614.202695,1776211047000
1776211050.066,150.066,0.61,50.0,0.6,15.8,0.74,13.5,0.75,21.9,0.26,13.5,0.25,21.9,0.39,50.0,0.4,15.8,0.13,0.13,614.201365,1776211049000
1776211051.494,151.494,0.61,50.0,0.6,15.8,0.74,13.5,0.75,21.9,0.26,13.5,0.25,21.9,0.39,50.0,0.4,15.8,0.13,0.13,614.200639,1776211050000
1776211052.077,152.077,0.61,50.0,0.6,15.8,0.74,13.5,0.75,21.9,0.26,13.5,0.25,21.9,0.39,50.0,0.4,15.8,0.13,0.13,614.205227,1776211051000
1776211053.589,153.589,0.61,50.0,0.6,15.8,0.74,13.5,0.75,21.9,0.26,13.5,0.25,21.9,0.39,50.0,0.4,15.8,0.13,0.13,614.195882,1776211052000
1776211054.386,154.386,0.61,50.0,0.6,15.8,0.74,13.5,0.75,21.9,0.26,13.5,0.25,21.9,0.39,50.0,0.4,15.8,0.13,0.13,614.220067,1776211053000
1776211054.944,154.944,0.61,50.0,0.6,15.8,0.74,13.5,0.75,21.9,0.26,13.5,0.25,21.9,0.39,50.0,0.4,15.8,0.13,0.13,614.220067,1776211054000
1776211056.422,156.422,0.61,50.0,0.6,15.8,0.74,13.5,0.75,21.9,0.26,13.5,0.25,21.9,0.39,50.0,0.4,15.8,0.13,0.13,614.219626,1776211055000
1776211057.111,157.111,0.61,50.0,0.6,15.8,0.74,13.5,0.75,21.9,0.26,13.5,0.25,21.9,0.39,50.0,0.4,15.8,0.13,0.13,614.219603,1776211056000
1776211058.482,158.482,0.61,50.0,0.6,15.8,0.74,13.5,0.75,21.9,0.26,13.5,0.25,21.9,0.39,50.0,0.4,15.8,0.13,0.13,614.219603,1776211057000
1776211059.169,159.169,0.61,50.0,0.6,15.8,0.74,13.5,0.75,21.9,0.26,13.5,0.25,21.9,0.39,50.0,0.4,15.8,0.13,0.13,614.219603,1776211058000
1776211060.524,160.524,0.71,12.6,0.7,12.4,0.82,6.6,0.83,18.39,0.18,6.6,0.17,18.39,0.29,12.6,0.3,12.4,0.11,0.11,614.221931,1776211059000
1776211061.213,161.213,0.71,12.6,0.7,12.4,0.82,6.6,0.83,18.39,0.18,6.6,0.17,18.39,0.29,12.6,0.3,12.4,0.11,0.11,614.221931,1776211060000
1776211062.695,162.695,0.71,12.6,0.7,12.4,0.82,6.6,0.83,18.39,0.18,6.6,0.17,18.39,0.29,12.6,0.3,12.4,0.11,0.11,614.221867,1776211061000
1776211063.432,163.432,0.71,12.6,0.7,12.4,0.82,6.6,0.83,18.39,0.18,6.6,0.17,18.39,0.29,12.6,0.3,12.4,0.11,0.11,614.220866,1776211062000
1776211064.238,164.238,0.71,12.6,0.7,12.4,0.82,6.6,0.83,18.39,0.18,6.6,0.17,18.39,0.29,12.6,0.3,12.4,0.11,0.11,614.224234,1776211063000
1776211065.743,165.743,0.71,12.6,0.7,12.4,0.82,6.6,0.83,18.39,0.18,6.6,0.17,18.39,0.29,12.6,0.3,12.4,0.11,0.11,614.224282,1776211064000
1776211066.39,166.39,0.71,12.6,0.7,12.4,0.82,6.6,0.83,18.39,0.18,6.6,0.17,18.39,0.29,12.6,0.3,12.4,0.11,0.11,614.224282,1776211065000
1776211067.018,167.018,0.71,12.6,0.7,12.4,0.82,6.6,0.83,18.39,0.18,6.6,0.17,18.39,0.29,12.6,0.3,12.4,0.11,0.11,614.21701,1776211066000
1776211068.142,168.142,0.71,12.6,0.7,12.4,0.82,6.6,0.83,18.39,0.18,6.6,0.17,18.39,0.29,12.6,0.3,12.4,0.11,0.11,614.21646,1776211067000
1776211069.684,169.684,0.71,12.6,0.7,12.4,0.82,6.6,0.83,18.39,0.18,6.6,0.17,18.39,0.29,12.6,0.3,12.4,0.11,0.11,614.218207,1776211068000
1776211070.304,170.304,0.71,12.6,0.7,12.4,0.82,6.6,0.83,18.39,0.18,6.6,0.17,18.39,0.29,12.6,0.3,12.4,0.11,0.11,614.21628,1776211069000
1776211071.127,171.127,0.71,12.6,0.7,12.4,0.82,6.6,0.83,18.39,0.18,6.6,0.17,18.39,0.29,12.6,0.3,12.4,0.11,0.11,614.20189,1776211070000
1776211072.338,172.338,0.71,12.6,0.7,12.4,0.82,6.6,0.83,18.39,0.18,6.6,0.17,18.39,0.29,12.6,0.3,12.4,0.11,0.11,614.218401,1776211071000
1776211073.312,173.312,0.71,12.6,0.7,12.4,0.82,6.6,0.83,18.39,0.18,6.6,0.17,18.39,0.29,12.6,0.3,12.4,0.11,0.11,614.218337,1776211072000
1776211074.691,174.691,0.71,12.6,0.7,12.4,0.82,6.6,0.83,18.39,0.18,6.6,0.17,18.39,0.29,12.6,0.3,12.4,0.11,0.11,614.2035,1776211073000
1776211075.448,175.448,0.71,12.6,0.7,12.4,0.82,6.6,0.83,18.39,0.18,6.6,0.17,18.39,0.29,12.6,0.3,12.4,0.11,0.11,614.20304,1776211074000
1776211076.088,176.088,0.71,12.6,0.7,12.4,0.82,6.6,0.83,18.39,0.18,6.6,0.17,18.39,0.29,12.6,0.3,12.4,0.11,0.11,614.20304,1776211075000
1776211077.317,177.317,0.71,12.6,0.7,12.4,0.82,6.6,0.83,18.39,0.18,6.6,0.17,18.39,0.29,12.6,0.3,12.4,0.11,0.11,614.20111,1776211076000
1776211078.27,178.27,0.71,12.6,0.7,12.4,0.82,6.6,0.83,18.39,0.18,6.6,0.17,18.39,0.29,12.6,0.3,12.4,0.11,0.11,614.19993,1776211077000
1776211079.609,179.609,0.71,12.6,0.7,12.4,0.82,6.6,0.83,18.39,0.18,6.6,0.17,18.39,0.29,12.6,0.3,12.4,0.11,0.11,614.20026,1776211078000
1776211080.244,180.244,0.71,12.6,0.7,12.4,0.82,6.6,0.83,18.39,0.18,6.6,0.17,18.39,0.29,12.6,0.3,12.4,0.11,0.11,614.18205,1776211079000
1776211081.502,181.502,0.71,12.6,0.7,12.4,0.82,6.6,0.83,18.39,0.18,6.6,0.17,18.39,0.29,12.6,0.3,12.4,0.11,0.11,614.2131,1776211080000
1776211082.272,182.272,0.71,12.6,0.7,12.4,0.82,6.6,0.83,18.39,0.18,6.6,0.17,18.39,0.29,12.6,0.3,12.4,0.11,0.11,614.21653,1776211081000
1776211083.58,183.58,0.71,12.6,0.7,12.4,0.82,6.6,0.83,18.39,0.18,6.6,0.17,18.39,0.29,12.6,0.3,12.4,0.11,0.11,614.21581,1776211082000
1776211084.279,184.279,0.71,12.6,0.7,12.4,0.82,6.6,0.83,18.39,0.18,6.6,0.17,18.39,0.29,12.6,0.3,12.4,0.11,0.11,614.222139,1776211083000
1776211085.917,185.917,0.71,12.6,0.7,12.4,0.82,6.6,0.83,18.39,0.18,6.6,0.17,18.39,0.29,12.6,0.3,12.4,0.11,0.11,614.250172,1776211084000
1776211086.388,186.388,0.71,12.6,0.7,12.4,0.82,6.6,0.83,18.39,0.18,6.6,0.17,18.39,0.29,12.6,0.3,12.4,0.11,0.11,614.250172,1776211085000
1776211086.939,186.939,0.71,12.6,0.7,12.4,0.82,6.6,0.83,18.39,0.18,6.6,0.17,18.39,0.29,12.6,0.3,12.4,0.11,0.11,614.254171,1776211086000
1776211088.037,188.037,0.71,12.6,0.7,12.4,0.82,6.6,0.83,18.39,0.18,6.6,0.17,18.39,0.29,12.6,0.3,12.4,0.11,0.11,614.254168,1776211087000
1776211089.1,189.1,0.71,12.6,0.7,12.4,0.82,6.6,0.83,18.39,0.18,6.6,0.17,18.39,0.29,12.6,0.3,12.4,0.11,0.11,614.262509,1776211088000
1776211090.051,190.051,0.71,12.6,0.7,12.4,0.82,6.6,0.83,18.39,0.18,6.6,0.17,18.39,0.29,12.6,0.3,12.4,0.11,0.11,614.262713,1776211089000
1776211091.109,191.109,0.71,12.6,0.7,12.4,0.82,6.6,0.83,18.39,0.18,6.6,0.17,18.39,0.29,12.6,0.3,12.4,0.11,0.11,614.268896,1776211090000
1776211092.02,192.02,0.71,12.6,0.7,12.4,0.82,6.6,0.83,18.39,0.18,6.6,0.17,18.39,0.29,12.6,0.3,12.4,0.11,0.11,614.317411,1776211091000
1776211093.071,193.071,0.71,12.6,0.7,12.4,0.82,6.6,0.83,18.39,0.18,6.6,0.17,18.39,0.29,12.6,0.3,12.4,0.11,0.11,614.329798,1776211092000
1776211094.108,194.108,0.71,12.6,0.7,12.4,0.82,6.6,0.83,18.39,0.18,6.6,0.17,18.39,0.29,12.6,0.3,12.4,0.11,0.11,614.329783,1776211093000
1776211095.065,195.065,0.71,12.6,0.7,12.4,0.82,6.6,0.83,18.39,0.18,6.6,0.17,18.39,0.29,12.6,0.3,12.4,0.11,0.11,614.329683,1776211094000
1776211096.032,196.032,0.71,12.6,0.7,12.4,0.82,6.6,0.83,18.39,0.18,6.6,0.17,18.39,0.29,12.6,0.3,12.4,0.11,0.11,614.329698,1776211095000
1776211097.004,197.004,0.71,12.6,0.7,12.4,0.82,6.6,0.83,18.39,0.18,6.6,0.17,18.39,0.29,12.6,0.3,12.4,0.11,0.11,614.335008,1776211096000
1776211097.948,197.948,0.71,12.6,0.7,12.4,0.82,6.6,0.83,18.39,0.18,6.6,0.17,18.39,0.29,12.6,0.3,12.4,0.11,0.11,614.32319,1776211097000
1776211099.376,199.376,0.71,12.6,0.7,12.4,0.82,6.6,0.83,18.39,0.18,6.6,0.17,18.39,0.29,12.6,0.3,12.4,0.11,0.11,614.32306,1776211098000
1776211099.898,199.898,0.71,12.6,0.7,12.4,0.82,6.6,0.83,18.39,0.18,6.6,0.17,18.39,0.29,12.6,0.3,12.4,0.11,0.11,614.329106,1776211099000
1776211100.909,200.909,0.71,12.6,0.7,12.4,0.82,6.6,0.83,18.39,0.18,6.6,0.17,18.39,0.29,12.6,0.3,12.4,0.11,0.11,614.334251,1776211100000
1776211101.695,201.695,0.88,24.6,0.87,23.0,0.94,43.97,0.95,54.7,0.18,6.6,0.17,18.39,0.29,12.6,0.3,12.4,0.06,0.11,614.334251,1776211100000
1776211101.951,201.951,0.88,24.6,0.87,23.0,0.94,43.97,0.95,54.7,0.06,43.97,0.05,54.7,0.12,24.6,0.13,23.0,0.06,0.06,614.334251,1776211101000
1776211103.036,203.036,0.88,24.6,0.87,23.0,0.94,43.97,0.95,54.7,0.06,43.97,0.05,54.7,0.12,24.6,0.13,23.0,0.06,0.06,614.334239,1776211102000
1776211104.212,204.212,0.88,24.6,0.87,23.0,0.94,43.97,0.95,54.7,0.06,43.97,0.05,54.7,0.12,24.6,0.13,23.0,0.06,0.06,614.334239,1776211103000
1776211104.695,204.695,0.9,28.9,0.89,26.6,0.95,52.59,0.96,72.7,0.06,43.97,0.05,54.7,0.12,24.6,0.13,23.0,0.05,0.06,614.334239,1776211103000
1776211105.268,205.268,0.9,28.9,0.89,26.6,0.95,52.59,0.96,72.7,0.05,52.59,0.04,72.7,0.1,28.9,0.11,26.6,0.05,0.05,614.33622,1776211104000
1776211106.396,206.396,0.9,28.9,0.89,26.6,0.95,52.59,0.96,72.7,0.05,52.59,0.04,72.7,0.1,28.9,0.11,26.6,0.05,0.05,614.336266,1776211105000
1776211106.852,206.852,0.9,28.9,0.89,26.6,0.95,52.59,0.96,72.7,0.05,52.59,0.04,72.7,0.1,28.9,0.11,26.6,0.05,0.05,614.336609,1776211106000
1776211107.99,207.99,0.9,28.9,0.89,26.6,0.95,52.59,0.96,72.7,0.05,52.59,0.04,72.7,0.1,28.9,0.11,26.6,0.05,0.05,614.337369,1776211107000
1776211109.005,209.005,0.9,28.9,0.89,26.6,0.95,52.59,0.96,72.7,0.05,52.59,0.04,72.7,0.1,28.9,0.11,26.6,0.05,0.05,614.336734,1776211108000
1776211110.006,210.006,0.9,28.9,0.89,26.6,0.95,52.59,0.96,72.7,0.05,52.59,0.04,72.7,0.1,28.9,0.11,26.6,0.05,0.05,614.336746,1776211109000
1776211111.071,211.071,0.9,28.9,0.89,26.6,0.95,52.59,0.96,72.7,0.05,52.59,0.04,72.7,0.1,28.9,0.11,26.6,0.05,0.05,614.336809,1776211110000
1776211112.778,212.778,0.9,28.9,0.89,26.6,0.95,52.59,0.96,72.7,0.05,52.59,0.04,72.7,0.1,28.9,0.11,26.6,0.05,0.05,614.336817,1776211111000
1776211113.344,213.344,0.92,35.29,0.91,102.7,0.98,127.69,0.99,737.6,0.05,52.59,0.04,72.7,0.1,28.9,0.11,26.6,0.06,0.05,614.336817,1776211111000
1776211114.048,214.048,0.92,35.29,0.91,102.7,0.98,127.69,0.99,737.6,0.02,127.69,0.01,737.6,0.08,35.29,0.09,102.7,0.06,0.06,614.335013,1776211113000
1776211115.133,215.133,0.94,46.1,0.93,39.9,0.98,121.69,0.99,737.6,0.02,127.69,0.01,737.6,0.08,35.29,0.09,102.7,0.04,0.06,614.335013,1776211113000
1776211115.403,215.403,0.94,46.1,0.93,39.9,0.98,121.69,0.99,737.6,0.02,121.69,0.01,737.6,0.06,46.1,0.07,39.9,0.04,0.04,614.377436,1776211114000
1776211116.085,216.085,0.94,46.1,0.93,39.9,0.98,121.69,0.99,737.6,0.02,121.69,0.01,737.6,0.06,46.1,0.07,39.9,0.04,0.04,614.377187,1776211115000
1776211117.326,217.326,0.94,46.1,0.93,39.9,0.98,121.69,0.99,737.6,0.02,121.69,0.01,737.6,0.06,46.1,0.07,39.9,0.04,0.04,614.379208,1776211116000
1776211118.046,218.046,0.94,46.1,0.93,39.9,0.98,121.69,0.99,737.6,0.02,121.69,0.01,737.6,0.06,46.1,0.07,39.9,0.04,0.04,614.379208,1776211117000
1776211119.298,219.298,0.94,46.1,0.93,39.9,0.98,121.69,0.99,737.6,0.02,121.69,0.01,737.6,0.06,46.1,0.07,39.9,0.04,0.04,614.379861,1776211118000
1776211120.492,220.492,0.94,46.1,0.93,39.9,0.98,121.69,0.99,737.6,0.02,121.69,0.01,737.6,0.06,46.1,0.07,39.9,0.04,0.04,614.380058,1776211119000
1776211121.113,221.113,0.94,46.1,0.93,39.9,0.98,121.69,0.99,737.6,0.02,121.69,0.01,737.6,0.06,46.1,0.07,39.9,0.04,0.04,614.381827,1776211120000
1776211122.503,222.503,0.94,46.1,0.93,39.9,0.98,121.69,0.99,737.6,0.02,121.69,0.01,737.6,0.06,46.1,0.07,39.9,0.04,0.04,614.381827,1776211121000
1776211123.099,223.099,0.94,46.1,0.93,39.9,0.98,121.69,0.99,737.6,0.02,121.69,0.01,737.6,0.06,46.1,0.07,39.9,0.04,0.04,614.381827,1776211122000
1776211124.327,224.327,0.94,46.1,0.93,39.9,0.98,121.69,0.99,737.6,0.02,121.69,0.01,737.6,0.06,46.1,0.07,39.9,0.04,0.04,614.381827,1776211123000
1776211125.5,225.5,0.94,46.1,0.93,39.9,0.98,121.69,0.99,737.6,0.02,121.69,0.01,737.6,0.06,46.1,0.07,39.9,0.04,0.04,614.372223,1776211124000
1776211126.143,226.143,0.94,46.1,0.93,39.9,0.98,121.69,0.99,737.6,0.02,121.69,0.01,737.6,0.06,46.1,0.07,39.9,0.04,0.04,614.372223,1776211125000
1776211127.303,227.303,0.94,46.1,0.93,39.9,0.98,121.69,0.99,737.6,0.02,121.69,0.01,737.6,0.06,46.1,0.07,39.9,0.04,0.04,614.372192,1776211126000
1776211129.169,229.169,0.94,46.1,0.93,39.9,0.98,121.69,0.99,737.6,0.02,121.69,0.01,737.6,0.06,46.1,0.07,39.9,0.04,0.04,614.372192,1776211128000
1776211131.259,231.259,0.94,46.1,0.93,39.9,0.98,121.69,0.99,737.6,0.02,121.69,0.01,737.6,0.06,46.1,0.07,39.9,0.04,0.04,614.370628,1776211129000
1776211131.888,231.888,0.94,46.1,0.93,39.9,0.98,121.69,0.99,737.6,0.02,121.69,0.01,737.6,0.06,46.1,0.07,39.9,0.04,0.04,614.370758,1776211130000
1776211132.614,232.614,0.94,46.1,0.93,39.9,0.98,121.69,0.99,737.6,0.02,121.69,0.01,737.6,0.06,46.1,0.07,39.9,0.04,0.04,614.370758,1776211131000
1776211133.366,233.366,0.94,46.1,0.93,39.9,0.98,121.69,0.99,737.6,0.02,121.69,0.01,737.6,0.06,46.1,0.07,39.9,0.04,0.04,614.370758,1776211132000
1776211134.044,234.044,0.94,46.1,0.93,39.9,0.98,121.69,0.99,737.6,0.02,121.69,0.01,737.6,0.06,46.1,0.07,39.9,0.04,0.04,614.370509,1776211133000
1776211135.53,235.53,0.94,46.1,0.93,39.9,0.98,121.69,0.99,737.6,0.02,121.69,0.01,737.6,0.06,46.1,0.07,39.9,0.04,0.04,614.368211,1776211134000
1776211136.119,236.119,0.9,28.9,0.89,26.6,0.96,67.7,0.97,89.3,0.02,121.69,0.01,737.6,0.06,46.1,0.07,39.9,0.06,0.04,614.368211,1776211134000
1776211137.075,237.075,0.9,28.9,0.89,26.6,0.96,67.7,0.97,89.3,0.04,67.7,0.03,89.3,0.1,28.9,0.11,26.6,0.06,0.06,614.33636,1776211136000
1776211137.317,237.317,0.86,21.6,0.85,20.39,0.94,23.05,0.95,54.7,0.04,67.7,0.03,89.3,0.1,28.9,0.11,26.6,0.08,0.06,614.33636,1776211136000
1776211138.377,238.377,0.86,21.6,0.85,20.39,0.94,23.05,0.95,54.7,0.06,23.05,0.05,54.7,0.14,21.6,0.15,20.39,0.08,0.08,614.32681,1776211137000
1776211139.151,239.151,0.86,21.6,0.85,20.39,0.94,23.05,0.95,54.7,0.06,23.05,0.05,54.7,0.14,21.6,0.15,20.39,0.08,0.08,614.305505,1776211138000
1776211140.536,240.536,0.86,21.6,0.85,20.39,0.94,23.05,0.95,54.7,0.06,23.05,0.05,54.7,0.14,21.6,0.15,20.39,0.08,0.08,614.238,1776211139000
1776211141.237,241.237,0.86,21.6,0.85,20.39,0.94,23.05,0.95,54.7,0.06,23.05,0.05,54.7,0.14,21.6,0.15,20.39,0.08,0.08,614.21579,1776211140000
1776211142.754,242.754,0.86,21.6,0.85,20.39,0.94,23.05,0.95,54.7,0.06,23.05,0.05,54.7,0.14,21.6,0.15,20.39,0.08,0.08,614.196,1776211141000
1776211143.552,243.552,0.86,21.6,0.85,20.39,0.94,23.05,0.95,54.7,0.06,23.05,0.05,54.7,0.14,21.6,0.15,20.39,0.08,0.08,614.172882,1776211142000
1776211144.344,244.344,0.86,21.6,0.85,20.39,0.94,23.05,0.95,54.7,0.06,23.05,0.05,54.7,0.14,21.6,0.15,20.39,0.08,0.08,614.172771,1776211143000
1776211144.995,244.995,0.86,21.6,0.85,20.39,0.94,23.05,0.95,54.7,0.06,23.05,0.05,54.7,0.14,21.6,0.15,20.39,0.08,0.08,614.17629,1776211144000
1776211146.462,246.462,0.86,21.6,0.85,20.39,0.94,23.05,0.95,54.7,0.06,23.05,0.05,54.7,0.14,21.6,0.15,20.39,0.08,0.08,614.165,1776211145000
1776211147.074,247.074,0.86,21.6,0.85,20.39,0.94,23.05,0.95,54.7,0.06,23.05,0.05,54.7,0.14,21.6,0.15,20.39,0.08,0.08,614.165,1776211146000
1776211149.991,249.991,0.86,21.6,0.85,20.39,0.94,23.05,0.95,54.7,0.06,23.05,0.05,54.7,0.14,21.6,0.15,20.39,0.08,0.08,614.163,1776211147000
1776211150.516,250.516,0.86,21.6,0.85,20.39,0.94,23.05,0.95,54.7,0.06,23.05,0.05,54.7,0.14,21.6,0.15,20.39,0.08,0.08,614.161436,1776211149000
1776211151.042,251.042,0.54,7.58,0.53,10.4,0.81,50.0,0.84,19.3,0.19,50.0,0.16,19.3,0.46,7.58,0.47,10.4,0.27,0.27,614.161436,1776211150000
1776211152.075,252.075,0.54,7.58,0.53,10.4,0.81,50.0,0.84,19.3,0.19,50.0,0.16,19.3,0.46,7.58,0.47,10.4,0.27,0.27,614.119522,1776211151000
1776211153.101,253.101,0.54,7.58,0.53,10.4,0.81,50.0,0.84,19.3,0.19,50.0,0.16,19.3,0.46,7.58,0.47,10.4,0.27,0.27,614.050306,1776211152000
1776211154.14,254.14,0.54,7.58,0.53,10.4,0.81,50.0,0.84,19.3,0.19,50.0,0.16,19.3,0.46,7.58,0.47,10.4,0.27,0.27,614.05,1776211153000
1776211155.196,255.196,0.54,7.58,0.53,10.4,0.81,50.0,0.84,19.3,0.19,50.0,0.16,19.3,0.46,7.58,0.47,10.4,0.27,0.27,614.05282,1776211154000
1776211156.286,256.286,0.54,7.58,0.53,10.4,0.81,50.0,0.84,19.3,0.19,50.0,0.16,19.3,0.46,7.58,0.47,10.4,0.27,0.27,614.05282,1776211155000
1776211157.197,257.197,0.54,7.58,0.53,10.4,0.81,50.0,0.84,19.3,0.19,50.0,0.16,19.3,0.46,7.58,0.47,10.4,0.27,0.27,614.05293,1776211156000
1776211158.194,258.194,0.54,7.58,0.53,10.4,0.81,50.0,0.84,19.3,0.19,50.0,0.16,19.3,0.46,7.58,0.47,10.4,0.27,0.27,614.082,1776211157000
1776211159.208,259.208,0.54,7.58,0.53,10.4,0.81,50.0,0.84,19.3,0.19,50.0,0.16,19.3,0.46,7.58,0.47,10.4,0.27,0.27,614.08537,1776211158000
1776211160.273,260.273,0.54,7.58,0.53,10.4,0.81,50.0,0.84,19.3,0.19,50.0,0.16,19.3,0.46,7.58,0.47,10.4,0.27,0.27,614.08673,1776211159000
1776211161.196,261.196,0.54,7.58,0.53,10.4,0.81,50.0,0.84,19.3,0.19,50.0,0.16,19.3,0.46,7.58,0.47,10.4,0.27,0.27,614.08204,1776211160000
1776211162.228,262.228,0.54,7.58,0.53,10.4,0.81,50.0,0.84,19.3,0.19,50.0,0.16,19.3,0.46,7.58,0.47,10.4,0.27,0.27,614.08604,1776211161000
1776211163.784,263.784,0.54,7.58,0.53,10.4,0.81,50.0,0.84,19.3,0.19,50.0,0.16,19.3,0.46,7.58,0.47,10.4,0.27,0.27,614.08639,1776211162000
1776211164.271,264.271,0.54,7.58,0.53,10.4,0.81,50.0,0.84,19.3,0.19,50.0,0.16,19.3,0.46,7.58,0.47,10.4,0.27,0.27,614.087,1776211163000
1776211165.296,265.296,0.54,7.58,0.53,10.4,0.81,50.0,0.84,19.3,0.19,50.0,0.16,19.3,0.46,7.58,0.47,10.4,0.27,0.27,614.08695,1776211164000
1776211166.161,266.161,0.54,7.58,0.53,10.4,0.81,50.0,0.84,19.3,0.19,50.0,0.16,19.3,0.46,7.58,0.47,10.4,0.27,0.27,614.08616,1776211165000
1776211167.19,267.19,0.54,7.58,0.53,10.4,0.81,50.0,0.84,19.3,0.19,50.0,0.16,19.3,0.46,7.58,0.47,10.4,0.27,0.27,614.08701,1776211166000
1776211168.206,268.206,0.54,7.58,0.53,10.4,0.81,50.0,0.84,19.3,0.19,50.0,0.16,19.3,0.46,7.58,0.47,10.4,0.27,0.27,614.098,1776211167000
1776211169.308,269.308,0.54,7.58,0.53,10.4,0.81,50.0,0.84,19.3,0.19,50.0,0.16,19.3,0.46,7.58,0.47,10.4,0.27,0.27,614.095,1776211168000
1776211170.225,270.225,0.54,7.58,0.53,10.4,0.81,50.0,0.84,19.3,0.19,50.0,0.16,19.3,0.46,7.58,0.47,10.4,0.27,0.27,614.095,1776211169000
1776211171.219,271.219,0.54,7.58,0.53,10.4,0.81,50.0,0.84,19.3,0.19,50.0,0.16,19.3,0.46,7.58,0.47,10.4,0.27,0.27,614.097,1776211170000
1776211171.6,271.6,0.58,3.62,0.57,10.6,0.79,15.0,0.81,50.0,0.19,50.0,0.16,19.3,0.46,7.58,0.47,10.4,0.21,0.27,614.097,1776211170000
1776211172.192,272.192,0.58,3.62,0.57,10.6,0.79,15.0,0.81,50.0,0.21,15.0,0.19,50.0,0.42,3.62,0.43,10.6,0.21,0.21,614.10461,1776211171000
1776211173.182,273.182,0.58,3.62,0.57,10.6,0.79,15.0,0.81,50.0,0.21,15.0,0.19,50.0,0.42,3.62,0.43,10.6,0.21,0.21,614.09335,1776211172000
1776211174.256,274.256,0.58,3.62,0.57,10.6,0.79,15.0,0.81,50.0,0.21,15.0,0.19,50.0,0.42,3.62,0.43,10.6,0.21,0.21,614.047,1776211173000
1776211175.199,275.199,0.58,3.62,0.57,10.6,0.79,15.0,0.81,50.0,0.21,15.0,0.19,50.0,0.42,3.62,0.43,10.6,0.21,0.21,614.06,1776211174000
1776211176.677,276.677,0.58,3.62,0.57,10.6,0.79,15.0,0.81,50.0,0.21,15.0,0.19,50.0,0.42,3.62,0.43,10.6,0.21,0.21,614.064,1776211175000
1776211177.204,277.204,0.58,3.62,0.57,10.6,0.79,15.0,0.81,50.0,0.21,15.0,0.19,50.0,0.42,3.62,0.43,10.6,0.21,0.21,614.068,1776211176000
1776211178.206,278.206,0.58,3.62,0.57,10.6,0.79,15.0,0.81,50.0,0.21,15.0,0.19,50.0,0.42,3.62,0.43,10.6,0.21,0.21,614.07134,1776211177000
1776211179.214,279.214,0.58,3.62,0.57,10.6,0.79,15.0,0.81,50.0,0.21,15.0,0.19,50.0,0.42,3.62,0.43,10.6,0.21,0.21,614.07961,1776211178000
1776211180.247,280.247,0.58,3.62,0.57,10.6,0.79,15.0,0.81,50.0,0.21,15.0,0.19,50.0,0.42,3.62,0.43,10.6,0.21,0.21,614.0721,1776211179000
1776211181.121,281.121,0.58,3.62,0.57,10.6,0.79,15.0,0.81,50.0,0.21,15.0,0.19,50.0,0.42,3.62,0.43,10.6,0.21,0.21,614.08067,1776211180000
1776211182.273,282.273,0.58,3.62,0.57,10.6,0.79,15.0,0.81,50.0,0.21,15.0,0.19,50.0,0.42,3.62,0.43,10.6,0.21,0.21,614.06689,1776211181000
1776211183.159,283.159,0.58,3.62,0.57,10.6,0.79,15.0,0.81,50.0,0.21,15.0,0.19,50.0,0.42,3.62,0.43,10.6,0.21,0.21,614.07022,1776211182000
1776211184.188,284.188,0.58,3.62,0.57,10.6,0.79,15.0,0.81,50.0,0.21,15.0,0.19,50.0,0.42,3.62,0.43,10.6,0.21,0.21,614.07208,1776211183000
1776211184.947,284.947,0.71,64.0,0.61,50.0,0.79,10.0,0.95,40.0,0.21,15.0,0.19,50.0,0.42,3.62,0.43,10.6,0.08,0.21,614.07208,1776211183000
1776211185.731,285.731,0.71,64.0,0.61,50.0,0.79,5.0,0.95,40.0,0.21,10.0,0.05,40.0,0.29,64.0,0.39,50.0,0.08,0.08,614.05805,1776211184000
1776211186.233,286.233,0.71,64.0,0.61,50.0,0.79,5.0,0.95,40.0,0.21,5.0,0.05,40.0,0.29,64.0,0.39,50.0,0.08,0.08,614.056,1776211185000
1776211187.225,287.225,0.71,64.0,0.61,50.0,0.79,5.0,0.95,40.0,0.21,5.0,0.05,40.0,0.29,64.0,0.39,50.0,0.08,0.08,614.056,1776211186000
1776211188.181,288.181,0.71,64.0,0.61,50.0,0.79,5.0,0.95,40.0,0.21,5.0,0.05,40.0,0.29,64.0,0.39,50.0,0.08,0.08,614.04831,1776211187000
1776211189.855,289.855,0.71,64.0,0.61,50.0,0.79,5.0,0.95,40.0,0.21,5.0,0.05,40.0,0.29,64.0,0.39,50.0,0.08,0.08,614.05091,1776211188000
1776211190.364,290.364,0.71,64.0,0.61,50.0,0.95,40.0,0.98,250.0,0.05,40.0,0.02,250.0,0.29,64.0,0.39,50.0,0.24,0.24,614.05091,1776211189000
1776211190.907,290.907,0.71,64.0,0.61,50.0,0.95,40.0,0.98,250.0,0.05,40.0,0.02,250.0,0.29,64.0,0.39,50.0,0.24,0.24,614.05,1776211190000
1776211192.037,292.037,0.71,64.0,0.61,50.0,0.95,40.0,0.98,250.0,0.05,40.0,0.02,250.0,0.29,64.0,0.39,50.0,0.24,0.24,614.04984,1776211191000
1776211193.226,293.226,0.71,64.0,0.61,50.0,0.95,40.0,0.98,250.0,0.05,40.0,0.02,250.0,0.29,64.0,0.39,50.0,0.24,0.24,614.051,1776211192000
1776211194.371,294.371,0.71,64.0,0.61,50.0,0.95,40.0,0.98,250.0,0.05,40.0,0.02,250.0,0.29,64.0,0.39,50.0,0.24,0.24,614.059,1776211193000
1776211194.945,294.945,0.71,64.0,0.61,50.0,0.95,40.0,0.98,250.0,0.05,40.0,0.02,250.0,0.29,64.0,0.39,50.0,0.24,0.24,614.059,1776211194000
1776211196.11,296.11,0.71,64.0,0.61,50.0,0.95,40.0,0.98,250.0,0.05,40.0,0.02,250.0,0.29,64.0,0.39,50.0,0.24,0.24,614.06305,1776211195000
1776211196.424,296.424,0.91,38.88,0.81,50.0,0.97,9.13,0.99,200.0,0.03,10.26,0.01,200.0,0.09,38.88,0.19,50.0,0.06,0.06,614.06305,1776211195000
1776211197.212,297.212,0.91,38.88,0.81,50.0,0.97,9.13,0.99,200.0,0.03,9.13,0.01,200.0,0.09,38.88,0.19,50.0,0.06,0.06,614.057,1776211196000
1776211197.442,297.442,0.91,38.88,0.81,50.0,0.97,4.75,0.99,200.0,0.03,5.88,0.01,200.0,0.09,38.88,0.19,50.0,0.06,0.06,614.057,1776211196000
1776211197.844,297.844,0.91,38.88,0.81,50.0,0.97,3.7,0.99,200.0,0.03,4.75,0.01,200.0,0.09,38.88,0.19,50.0,0.06,0.06,614.057,1776211196000
1776211198.246,298.246,0.91,38.88,0.81,50.0,0.99,169.59,,,0.01,193.59,,,0.09,38.88,0.19,50.0,0.08,0.08,614.057,1776211196000
1776211198.452,298.452,0.91,38.88,0.81,50.0,0.99,168.57,,,0.01,169.59,,,0.09,38.88,0.19,50.0,0.08,0.08,614.06348,1776211197000
1776211198.835,298.835,0.91,38.88,0.81,50.0,0.99,27.46,,,0.01,52.46,,,0.09,38.88,0.19,50.0,0.08,0.08,614.06348,1776211197000
1776211199.37,299.37,0.91,38.88,0.81,50.0,,,,,,,,,0.09,38.88,0.19,50.0,,,614.083,1776211198000
1776211199.951,299.951,0.77,5.0,0.61,6.0,,,,,,,,,0.23,5.0,0.39,6.0,,,614.083,1776211199000
1776211201.109,301.109,0.77,5.0,0.61,6.0,,,,,,,,,0.23,5.0,0.39,6.0,,,614.065,1776211200000
1776211202.198,302.198,0.77,5.0,0.61,6.0,,,,,,,,,0.23,5.0,0.39,6.0,,,614.072,1776211201000

# RESULT,winner=Down,slug=bnb-updown-5m-1776210900,ticks=305
