timestamp,elapsed_sec,up_bid_p1,up_bid_s1,up_bid_p2,up_bid_s2,up_ask_p1,up_ask_s1,up_ask_p2,up_ask_s2,down_bid_p1,down_bid_s1,down_bid_p2,down_bid_s2,down_ask_p1,down_ask_s1,down_ask_p2,down_ask_s2,up_spread,down_spread,bnb_price,bnb_oracle_ts
1776344400.848,0.848,0.41,37.0,0.4,33.0,0.5,6.0,0.59,37.0,0.5,6.0,0.41,37.0,0.59,37.0,0.6,33.0,0.09,0.09,621.64568,1776344400000
1776344401.88,1.88,0.41,37.0,0.4,33.0,0.5,6.0,0.59,37.0,0.5,6.0,0.41,37.0,0.59,37.0,0.6,33.0,0.09,0.09,621.64733,1776344401000
1776344402.866,2.866,0.41,37.0,0.4,33.0,0.5,6.0,0.59,37.0,0.5,6.0,0.41,37.0,0.59,37.0,0.6,33.0,0.09,0.09,621.645819,1776344402000
1776344404.406,4.406,0.41,37.0,0.4,33.0,0.5,6.0,0.59,37.0,0.5,6.0,0.41,37.0,0.59,37.0,0.6,33.0,0.09,0.09,621.644437,1776344403000
1776344405.013,5.013,0.41,37.0,0.4,33.0,0.5,6.0,0.59,37.0,0.5,6.0,0.41,37.0,0.59,37.0,0.6,33.0,0.09,0.09,621.641493,1776344404000
1776344406.38,6.38,0.41,37.0,0.4,33.0,0.5,6.0,0.59,37.0,0.5,6.0,0.41,37.0,0.59,37.0,0.6,33.0,0.09,0.09,621.65302,1776344405000
1776344407.334,7.334,0.41,37.0,0.4,33.0,0.5,6.0,0.59,37.0,0.5,6.0,0.41,37.0,0.59,37.0,0.6,33.0,0.09,0.09,621.646412,1776344406000
1776344407.938,7.938,0.47,5.0,0.46,5.0,0.48,2.91,0.49,5.0,0.5,6.0,0.41,37.0,0.59,37.0,0.6,33.0,0.01,0.09,621.646412,1776344406000
1776344408.398,8.398,0.47,5.0,0.46,5.0,0.48,2.91,0.49,5.0,0.52,2.91,0.51,5.0,0.53,5.0,0.54,5.0,0.01,0.01,621.642,1776344407000
1776344409.41,9.41,0.47,5.0,0.46,5.0,0.48,2.91,0.49,5.0,0.52,2.91,0.51,5.0,0.53,5.0,0.54,5.0,0.01,0.01,621.638,1776344408000
1776344410.126,10.126,0.47,5.0,0.46,5.0,0.48,2.91,0.49,5.0,0.52,2.91,0.51,5.0,0.53,5.0,0.54,5.0,0.01,0.01,621.631515,1776344409000
1776344411.294,11.294,0.47,5.0,0.46,5.0,0.48,2.91,0.49,5.0,0.52,2.91,0.51,5.0,0.53,5.0,0.54,5.0,0.01,0.01,621.631515,1776344410000
1776344412.345,12.345,0.47,5.0,0.46,5.0,0.48,2.91,0.49,5.0,0.52,2.91,0.51,5.0,0.53,5.0,0.54,5.0,0.01,0.01,621.629123,1776344411000
1776344412.64,12.64,0.46,5.0,0.45,15.0,0.49,5.0,0.5,11.0,0.52,2.91,0.51,5.0,0.53,5.0,0.54,5.0,0.03,0.01,621.629123,1776344411000
1776344412.861,12.861,0.46,5.0,0.45,15.0,0.49,5.0,0.5,11.0,0.51,5.0,0.5,11.0,0.54,5.0,0.55,15.0,0.03,0.03,621.61897,1776344412000
1776344413.951,13.951,0.46,5.0,0.45,15.0,0.49,5.0,0.5,11.0,0.51,5.0,0.5,11.0,0.54,5.0,0.55,15.0,0.03,0.03,621.611092,1776344413000
1776344414.611,14.611,0.45,15.0,0.44,5.0,0.48,5.0,0.49,5.0,0.51,5.0,0.5,11.0,0.54,5.0,0.55,15.0,0.03,0.03,621.611092,1776344413000
1776344415.136,15.136,0.45,15.0,0.44,5.0,0.48,5.0,0.49,5.0,0.52,5.0,0.51,5.0,0.55,15.0,0.56,5.0,0.03,0.03,621.612722,1776344414000
1776344416.21,16.21,0.45,15.0,0.44,5.0,0.48,5.0,0.49,5.0,0.52,5.0,0.51,5.0,0.55,15.0,0.56,5.0,0.03,0.03,621.62815,1776344415000
1776344417.248,17.248,0.45,15.0,0.44,5.0,0.48,5.0,0.49,5.0,0.52,5.0,0.51,5.0,0.55,15.0,0.56,5.0,0.03,0.03,621.62874,1776344416000
1776344418.266,18.266,0.45,15.0,0.44,5.0,0.48,5.0,0.49,5.0,0.52,5.0,0.51,5.0,0.55,15.0,0.56,5.0,0.03,0.03,621.627884,1776344417000
1776344419.625,19.625,0.45,15.0,0.44,5.0,0.48,5.0,0.49,5.0,0.52,5.0,0.51,5.0,0.55,15.0,0.56,5.0,0.03,0.03,621.627884,1776344418000
1776344420.001,20.001,0.45,15.0,0.44,5.0,0.48,5.0,0.49,5.0,0.52,5.0,0.51,5.0,0.55,15.0,0.56,5.0,0.03,0.03,621.627884,1776344419000
1776344421.173,21.173,0.45,15.0,0.44,5.0,0.48,5.0,0.49,5.0,0.52,5.0,0.51,5.0,0.55,15.0,0.56,5.0,0.03,0.03,621.628688,1776344420000
1776344422.178,22.178,0.45,15.0,0.44,5.0,0.48,5.0,0.49,5.0,0.52,5.0,0.51,5.0,0.55,15.0,0.56,5.0,0.03,0.03,621.6392,1776344421000
1776344423.268,23.268,0.45,15.0,0.44,5.0,0.48,5.0,0.49,5.0,0.52,5.0,0.51,5.0,0.55,15.0,0.56,5.0,0.03,0.03,621.62795,1776344422000
1776344423.925,23.925,0.45,15.0,0.44,5.0,0.48,5.0,0.49,5.0,0.52,5.0,0.51,5.0,0.55,15.0,0.56,5.0,0.03,0.03,621.62795,1776344423000
1776344425.042,25.042,0.45,15.0,0.44,5.0,0.48,5.0,0.49,5.0,0.52,5.0,0.51,5.0,0.55,15.0,0.56,5.0,0.03,0.03,621.639558,1776344424000
1776344426.067,26.067,0.45,15.0,0.44,5.0,0.48,5.0,0.49,5.0,0.52,5.0,0.51,5.0,0.55,15.0,0.56,5.0,0.03,0.03,621.64133,1776344425000
1776344427.219,27.219,0.45,15.0,0.44,5.0,0.48,5.0,0.49,5.0,0.52,5.0,0.51,5.0,0.55,15.0,0.56,5.0,0.03,0.03,621.64052,1776344426000
1776344428.285,28.285,0.45,15.0,0.44,5.0,0.48,5.0,0.49,5.0,0.52,5.0,0.51,5.0,0.55,15.0,0.56,5.0,0.03,0.03,621.63087,1776344427000
1776344428.859,28.859,0.45,15.0,0.44,5.0,0.48,5.0,0.49,5.0,0.52,5.0,0.51,5.0,0.55,15.0,0.56,5.0,0.03,0.03,621.63144,1776344428000
1776344429.929,29.929,0.45,15.0,0.44,5.0,0.48,5.0,0.49,5.0,0.52,5.0,0.51,5.0,0.55,15.0,0.56,5.0,0.03,0.03,621.627749,1776344429000
1776344431.01,31.01,0.45,15.0,0.44,5.0,0.48,5.0,0.49,5.0,0.52,5.0,0.51,5.0,0.55,15.0,0.56,5.0,0.03,0.03,621.627749,1776344430000
1776344432.961,32.961,0.45,15.0,0.44,5.0,0.48,5.0,0.49,5.0,0.52,5.0,0.51,5.0,0.55,15.0,0.56,5.0,0.03,0.03,621.6254,1776344431000
1776344433.475,33.475,0.45,15.0,0.44,5.0,0.48,5.0,0.49,5.0,0.52,5.0,0.51,5.0,0.55,15.0,0.56,5.0,0.03,0.03,621.627749,1776344432000
1776344434.146,34.146,0.45,15.0,0.44,5.0,0.48,5.0,0.49,5.0,0.52,5.0,0.51,5.0,0.55,15.0,0.56,5.0,0.03,0.03,621.629618,1776344433000
1776344435.359,35.359,0.45,15.0,0.44,5.0,0.48,5.0,0.49,5.0,0.52,5.0,0.51,5.0,0.55,15.0,0.56,5.0,0.03,0.03,621.644673,1776344434000
1776344436.552,36.552,0.45,15.0,0.44,5.0,0.48,5.0,0.49,5.0,0.52,5.0,0.51,5.0,0.55,15.0,0.56,5.0,0.03,0.03,621.651127,1776344435000
1776344437.128,37.128,0.45,15.0,0.44,5.0,0.48,5.0,0.49,5.0,0.52,5.0,0.51,5.0,0.55,15.0,0.56,5.0,0.03,0.03,621.650784,1776344436000
1776344438.321,38.321,0.45,15.0,0.44,5.0,0.48,5.0,0.49,5.0,0.52,5.0,0.51,5.0,0.55,15.0,0.56,5.0,0.03,0.03,621.622946,1776344437000
1776344439.528,39.528,0.45,15.0,0.44,5.0,0.48,5.0,0.49,5.0,0.52,5.0,0.51,5.0,0.55,15.0,0.56,5.0,0.03,0.03,621.621999,1776344438000
1776344440.126,40.126,0.45,15.0,0.44,5.0,0.48,5.0,0.49,5.0,0.52,5.0,0.51,5.0,0.55,15.0,0.56,5.0,0.03,0.03,621.621999,1776344439000
1776344441.375,41.375,0.45,15.0,0.44,5.0,0.48,5.0,0.49,5.0,0.52,5.0,0.51,5.0,0.55,15.0,0.56,5.0,0.03,0.03,621.6013,1776344440000
1776344442.082,42.082,0.45,15.0,0.44,5.0,0.48,5.0,0.49,5.0,0.52,5.0,0.51,5.0,0.55,15.0,0.56,5.0,0.03,0.03,621.595488,1776344441000
1776344443.096,43.096,0.42,5.0,0.41,10.0,0.45,5.0,0.46,5.0,0.55,5.0,0.54,5.0,0.58,5.0,0.59,10.0,0.03,0.03,621.589775,1776344442000
1776344444.28,44.28,0.42,5.0,0.41,10.0,0.45,5.0,0.46,5.0,0.55,5.0,0.54,5.0,0.58,5.0,0.59,10.0,0.03,0.03,621.589775,1776344443000
1776344444.943,44.943,0.42,5.0,0.41,5.0,0.44,5.0,0.45,5.0,0.56,5.0,0.55,5.0,0.58,5.0,0.59,5.0,0.02,0.02,621.589775,1776344444000
1776344446.026,46.026,0.42,5.0,0.41,5.0,0.44,5.0,0.45,5.0,0.56,5.0,0.55,5.0,0.58,5.0,0.59,5.0,0.02,0.02,621.589775,1776344445000
1776344446.367,46.367,0.41,5.0,0.4,10.0,0.43,5.0,0.44,5.0,0.56,5.0,0.55,5.0,0.58,5.0,0.59,5.0,0.02,0.02,621.589775,1776344445000
1776344447.107,47.107,0.41,5.0,0.4,10.0,0.43,5.0,0.44,5.0,0.57,5.0,0.56,5.0,0.59,5.0,0.6,10.0,0.02,0.02,621.588476,1776344446000
1776344448.291,48.291,0.41,5.0,0.4,10.0,0.43,5.0,0.44,5.0,0.57,5.0,0.56,5.0,0.59,5.0,0.6,10.0,0.02,0.02,621.589775,1776344447000
1776344449.244,49.244,0.41,5.0,0.4,10.0,0.43,5.0,0.44,5.0,0.57,5.0,0.56,5.0,0.59,5.0,0.6,10.0,0.02,0.02,621.589775,1776344448000
1776344449.587,49.587,0.4,10.0,0.39,5.0,0.42,5.0,0.43,5.0,0.57,5.0,0.56,5.0,0.59,5.0,0.6,10.0,0.02,0.02,621.589775,1776344448000
1776344450.238,50.238,0.4,10.0,0.39,5.0,0.42,5.0,0.43,5.0,0.58,5.0,0.57,5.0,0.6,10.0,0.61,5.0,0.02,0.02,621.589775,1776344449000
1776344451.312,51.312,0.4,10.0,0.39,5.0,0.42,5.0,0.43,5.0,0.58,5.0,0.57,5.0,0.6,10.0,0.61,5.0,0.02,0.02,621.589775,1776344450000
1776344452.312,52.312,0.42,5.0,0.41,5.0,0.45,5.0,0.46,5.0,0.55,5.0,0.54,5.0,0.58,5.0,0.59,5.0,0.03,0.03,621.588643,1776344451000
1776344453.292,53.292,0.42,5.0,0.41,5.0,0.45,5.0,0.46,5.0,0.55,5.0,0.54,5.0,0.58,5.0,0.59,5.0,0.03,0.03,621.62574,1776344452000
1776344454.219,54.219,0.42,5.0,0.41,5.0,0.45,5.0,0.46,5.0,0.55,5.0,0.54,5.0,0.58,5.0,0.59,5.0,0.03,0.03,621.634,1776344453000
1776344455.302,55.302,0.42,5.0,0.41,5.0,0.45,5.0,0.46,5.0,0.55,5.0,0.54,5.0,0.58,5.0,0.59,5.0,0.03,0.03,621.6085,1776344454000
1776344456.247,56.247,0.42,5.0,0.41,5.0,0.45,5.0,0.46,5.0,0.55,5.0,0.54,5.0,0.58,5.0,0.59,5.0,0.03,0.03,621.60845,1776344455000
1776344457.315,57.315,0.42,5.0,0.41,5.0,0.45,5.0,0.46,5.0,0.55,5.0,0.54,5.0,0.58,5.0,0.59,5.0,0.03,0.03,621.59669,1776344456000
1776344458.336,58.336,0.42,5.0,0.41,5.0,0.45,5.0,0.46,5.0,0.55,5.0,0.54,5.0,0.58,5.0,0.59,5.0,0.03,0.03,621.609,1776344457000
1776344458.8,58.8,0.42,5.0,0.41,5.0,0.45,5.0,0.46,5.0,0.55,5.0,0.54,5.0,0.58,5.0,0.59,5.0,0.03,0.03,621.60737,1776344458000
1776344460.364,60.364,0.42,5.0,0.41,5.0,0.45,5.0,0.46,5.0,0.55,5.0,0.54,5.0,0.58,5.0,0.59,5.0,0.03,0.03,621.611,1776344459000
1776344461.414,61.414,0.42,5.0,0.41,5.0,0.45,5.0,0.46,5.0,0.55,5.0,0.54,5.0,0.58,5.0,0.59,5.0,0.03,0.03,621.609,1776344460000
1776344462.266,62.266,0.46,10.0,0.45,5.0,0.47,4.43,0.5,11.0,0.55,5.0,0.54,5.0,0.58,5.0,0.59,5.0,0.01,0.03,621.609,1776344460000
1776344463.502,63.502,0.46,10.0,0.45,5.0,0.47,4.43,0.5,11.0,0.53,4.43,0.5,11.0,0.54,10.0,0.55,5.0,0.01,0.01,621.644694,1776344462000
1776344464.123,64.123,0.46,10.0,0.45,10.0,0.49,4.43,0.5,11.0,0.51,4.43,0.5,11.0,0.54,10.0,0.55,10.0,0.03,0.03,621.677379,1776344463000
1776344464.396,64.396,0.49,5.0,0.48,5.0,0.5,0.5,0.51,5.0,0.51,4.43,0.5,11.0,0.54,10.0,0.55,10.0,0.01,0.03,621.677379,1776344463000
1776344465.245,65.245,0.5,10.5,0.49,5.0,0.51,5.0,0.52,5.0,0.49,5.0,0.48,5.0,0.5,10.5,0.51,5.0,0.01,0.01,621.689156,1776344464000
1776344466.835,66.835,0.5,10.5,0.49,5.0,0.51,5.0,0.52,5.0,0.49,5.0,0.48,5.0,0.5,10.5,0.51,5.0,0.01,0.01,621.695412,1776344465000
1776344467.347,67.347,0.5,10.5,0.49,5.0,0.51,5.0,0.52,5.0,0.49,5.0,0.48,5.0,0.5,10.5,0.51,5.0,0.01,0.01,621.7052,1776344466000
1776344467.577,67.577,0.5,10.5,0.48,5.0,0.52,5.0,0.53,5.0,0.49,5.0,0.48,5.0,0.5,10.5,0.51,5.0,0.02,0.01,621.7052,1776344466000
1776344467.998,67.998,0.5,10.5,0.48,5.0,0.52,5.0,0.53,5.0,0.48,5.0,0.47,5.0,0.5,10.5,0.52,5.0,0.02,0.02,621.70533,1776344467000
1776344469.205,69.205,0.5,10.5,0.48,5.0,0.52,5.0,0.53,5.0,0.48,5.0,0.47,5.0,0.5,10.5,0.52,5.0,0.02,0.02,621.70138,1776344468000
1776344469.434,69.434,0.5,10.5,0.48,5.0,0.52,5.0,0.53,5.0,0.48,5.0,0.47,5.0,0.5,10.5,0.52,5.0,0.02,0.02,621.70138,1776344468000
1776344470.307,70.307,0.5,10.5,0.48,5.0,0.52,5.0,0.53,5.0,0.48,5.0,0.47,5.0,0.5,10.5,0.52,5.0,0.02,0.02,621.70398,1776344469000
1776344471.483,71.483,0.5,10.5,0.48,5.0,0.52,5.0,0.53,5.0,0.48,5.0,0.47,5.0,0.5,10.5,0.52,5.0,0.02,0.02,621.6938,1776344470000
1776344472.015,72.015,0.5,10.5,0.48,5.0,0.52,5.0,0.53,5.0,0.48,5.0,0.47,5.0,0.5,10.5,0.52,5.0,0.02,0.02,621.69272,1776344471000
1776344473.172,73.172,0.5,10.5,0.48,5.0,0.52,5.0,0.53,5.0,0.48,5.0,0.47,5.0,0.5,10.5,0.52,5.0,0.02,0.02,621.688493,1776344472000
1776344474.376,74.376,0.5,10.5,0.48,5.0,0.52,5.0,0.53,5.0,0.48,5.0,0.47,5.0,0.5,10.5,0.52,5.0,0.02,0.02,621.69247,1776344473000
1776344474.912,74.912,0.5,10.5,0.48,5.0,0.52,5.0,0.53,5.0,0.48,5.0,0.47,5.0,0.5,10.5,0.52,5.0,0.02,0.02,621.69271,1776344474000
1776344475.204,75.204,0.51,5.0,0.5,15.5,0.54,5.0,0.55,5.0,0.48,5.0,0.47,5.0,0.5,10.5,0.52,5.0,0.03,0.02,621.69271,1776344474000
1776344476.065,76.065,0.51,5.0,0.5,15.5,0.54,5.0,0.55,5.0,0.46,5.0,0.45,5.0,0.49,5.0,0.5,15.5,0.03,0.03,621.69282,1776344475000
1776344477.289,77.289,0.51,5.0,0.5,15.5,0.54,5.0,0.55,5.0,0.46,5.0,0.45,5.0,0.49,5.0,0.5,15.5,0.03,0.03,621.69818,1776344476000
1776344477.585,77.585,0.61,5.0,0.6,5.0,0.63,5.0,0.64,5.0,0.46,5.0,0.45,5.0,0.49,5.0,0.5,15.5,0.02,0.03,621.69818,1776344476000
1776344477.876,77.876,0.61,5.0,0.6,5.0,0.63,5.0,0.64,5.0,0.37,5.0,0.36,5.0,0.39,5.0,0.4,5.0,0.02,0.02,621.69772,1776344477000
1776344478.588,78.588,0.56,47.0,0.55,5.0,0.58,5.0,0.59,5.0,0.37,5.0,0.36,5.0,0.39,5.0,0.4,5.0,0.02,0.02,621.69772,1776344477000
1776344479.08,79.08,0.56,47.0,0.55,5.0,0.58,5.0,0.59,5.0,0.42,5.0,0.41,5.0,0.44,47.0,0.45,5.0,0.02,0.02,621.69774,1776344478000
1776344480.332,80.332,0.56,47.0,0.55,5.0,0.58,5.0,0.59,5.0,0.42,5.0,0.41,5.0,0.44,47.0,0.45,5.0,0.02,0.02,621.74,1776344479000
1776344481.243,81.243,0.58,5.0,0.57,5.0,0.6,5.0,0.61,5.0,0.4,5.0,0.39,5.0,0.42,5.0,0.43,5.0,0.02,0.02,621.74,1776344480000
1776344482.636,82.636,0.58,5.0,0.57,5.0,0.6,5.0,0.61,5.0,0.4,5.0,0.39,5.0,0.42,5.0,0.43,5.0,0.02,0.02,621.741,1776344481000
1776344483.308,83.308,0.58,5.0,0.57,5.0,0.6,5.0,0.61,5.0,0.4,5.0,0.39,5.0,0.42,5.0,0.43,5.0,0.02,0.02,621.736,1776344482000
1776344483.513,83.513,0.6,5.0,0.59,5.0,0.63,5.0,0.64,10.0,0.4,5.0,0.39,5.0,0.42,5.0,0.43,5.0,0.03,0.02,621.736,1776344482000
1776344484.492,84.492,0.6,5.0,0.59,5.0,0.63,5.0,0.64,10.0,0.37,5.0,0.36,10.0,0.4,5.0,0.41,5.0,0.03,0.03,621.747,1776344483000
1776344485.042,85.042,0.6,5.0,0.59,5.0,0.63,5.0,0.64,10.0,0.37,5.0,0.36,10.0,0.4,5.0,0.41,5.0,0.03,0.03,621.747,1776344484000
1776344485.262,85.262,0.61,5.0,0.6,5.0,0.63,5.0,0.64,10.0,0.37,5.0,0.36,10.0,0.4,5.0,0.41,5.0,0.02,0.03,621.747,1776344484000
1776344486.401,86.401,0.61,5.0,0.6,5.0,0.63,5.0,0.64,10.0,0.37,5.0,0.36,10.0,0.39,5.0,0.4,5.0,0.02,0.02,621.7716,1776344485000
1776344486.979,86.979,0.61,5.0,0.6,5.0,0.63,5.0,0.64,10.0,0.37,5.0,0.36,10.0,0.39,5.0,0.4,5.0,0.02,0.02,621.7719,1776344486000
1776344488.201,88.201,0.61,5.0,0.6,5.0,0.63,5.0,0.64,10.0,0.37,5.0,0.36,10.0,0.39,5.0,0.4,5.0,0.02,0.02,621.77199,1776344487000
1776344489.331,89.331,0.61,5.0,0.6,5.0,0.63,5.0,0.64,10.0,0.37,5.0,0.36,10.0,0.39,5.0,0.4,5.0,0.02,0.02,621.76603,1776344488000
1776344490.109,90.109,0.61,5.0,0.6,5.0,0.63,5.0,0.64,10.0,0.37,5.0,0.36,10.0,0.39,5.0,0.4,5.0,0.02,0.02,621.76591,1776344489000
1776344491.262,91.262,0.61,5.0,0.6,5.0,0.63,5.0,0.64,10.0,0.37,5.0,0.36,10.0,0.39,5.0,0.4,5.0,0.02,0.02,621.727,1776344490000
1776344492.119,92.119,0.61,5.0,0.6,5.0,0.63,5.0,0.64,10.0,0.37,5.0,0.36,10.0,0.39,5.0,0.4,5.0,0.02,0.02,621.729085,1776344491000
1776344493.782,93.782,0.61,5.0,0.6,5.0,0.63,5.0,0.64,10.0,0.37,5.0,0.36,10.0,0.39,5.0,0.4,5.0,0.02,0.02,621.752,1776344492000
1776344494.31,94.31,0.61,5.0,0.6,5.0,0.63,5.0,0.64,10.0,0.37,5.0,0.36,10.0,0.39,5.0,0.4,5.0,0.02,0.02,621.752,1776344493000
1776344495.536,95.536,0.61,5.0,0.6,5.0,0.63,5.0,0.64,10.0,0.37,5.0,0.36,10.0,0.39,5.0,0.4,5.0,0.02,0.02,621.740973,1776344494000
1776344496.18,96.18,0.61,5.0,0.6,5.0,0.63,5.0,0.64,10.0,0.37,5.0,0.36,10.0,0.39,5.0,0.4,5.0,0.02,0.02,621.741033,1776344495000
1776344496.971,96.971,0.68,42.0,0.67,5.0,0.72,10.0,0.73,18.2,0.37,5.0,0.36,10.0,0.39,5.0,0.4,5.0,0.04,0.02,621.741033,1776344495000
1776344497.247,97.247,0.68,42.0,0.67,5.0,0.72,10.0,0.73,18.2,0.28,10.0,0.27,18.2,0.32,42.0,0.33,5.0,0.04,0.04,621.741034,1776344496000
1776344497.616,97.616,0.71,35.0,0.7,5.0,0.72,5.0,0.74,13.5,0.28,10.0,0.27,18.2,0.32,42.0,0.33,5.0,0.01,0.04,621.741034,1776344496000
1776344498.389,98.389,0.71,35.0,0.7,5.0,0.72,5.0,0.74,13.5,0.28,5.0,0.26,13.5,0.29,35.0,0.3,5.0,0.01,0.01,621.74392,1776344497000
1776344498.993,98.993,0.71,35.0,0.7,5.0,0.72,5.0,0.74,13.5,0.28,5.0,0.26,13.5,0.29,35.0,0.3,5.0,0.01,0.01,621.750578,1776344498000
1776344499.336,99.336,0.8,5.0,0.79,5.0,0.81,13.22,0.82,17.6,0.28,5.0,0.26,13.5,0.29,35.0,0.3,5.0,0.01,0.01,621.750578,1776344498000
1776344499.649,99.649,0.8,61.0,0.79,5.0,0.81,4.88,0.82,17.6,0.19,5.88,0.18,17.6,0.2,5.0,0.21,5.0,0.01,0.01,621.750578,1776344498000
1776344500.194,100.194,0.8,61.0,0.79,5.0,0.81,4.88,0.82,17.6,0.19,4.88,0.18,17.6,0.2,61.0,0.21,5.0,0.01,0.01,621.788289,1776344499000
1776344501.122,101.122,0.8,61.0,0.79,5.0,0.81,3.53,0.82,22.6,0.19,4.88,0.18,17.6,0.2,61.0,0.21,5.0,0.01,0.01,621.788289,1776344499000
1776344502.423,102.423,0.8,61.0,0.79,5.0,0.81,3.53,0.82,22.6,0.19,3.53,0.18,22.6,0.2,61.0,0.21,5.0,0.01,0.01,621.912738,1776344501000
1776344502.983,102.983,0.8,61.0,0.79,5.0,0.81,3.53,0.82,22.6,0.19,3.53,0.18,22.6,0.2,61.0,0.21,5.0,0.01,0.01,621.912738,1776344502000
1776344504.096,104.096,0.8,61.0,0.79,5.0,0.81,3.53,0.82,22.6,0.19,3.53,0.18,22.6,0.2,61.0,0.21,5.0,0.01,0.01,621.912738,1776344503000
1776344505.219,105.219,0.8,61.0,0.79,5.0,0.81,3.53,0.82,22.6,0.19,3.53,0.18,22.6,0.2,61.0,0.21,5.0,0.01,0.01,621.912747,1776344504000
1776344506.397,106.397,0.8,61.0,0.79,5.0,0.81,3.53,0.82,22.6,0.19,3.53,0.18,22.6,0.2,61.0,0.21,5.0,0.01,0.01,621.917073,1776344505000
1776344506.941,106.941,0.8,61.0,0.79,5.0,0.81,3.53,0.82,22.6,0.19,3.53,0.18,22.6,0.2,61.0,0.21,5.0,0.01,0.01,621.916894,1776344506000
1776344508.57,108.57,0.8,61.0,0.79,5.0,0.81,3.53,0.82,22.6,0.19,3.53,0.18,22.6,0.2,61.0,0.21,5.0,0.01,0.01,621.916932,1776344507000
1776344509.07,109.07,0.85,5.0,0.84,5.0,0.86,16.6,0.87,23.0,0.14,16.6,0.13,23.0,0.15,5.0,0.16,5.0,0.01,0.01,621.918252,1776344508000
1776344509.487,109.487,0.85,54.0,0.84,10.0,0.86,6.6,0.87,23.0,0.14,16.6,0.13,23.0,0.15,5.0,0.16,5.0,0.01,0.01,621.918252,1776344508000
1776344509.781,109.781,0.85,54.0,0.84,5.0,0.86,1.6,0.87,23.0,0.14,6.6,0.13,23.0,0.15,54.0,0.16,10.0,0.01,0.01,621.918252,1776344508000
1776344510.13,110.13,0.85,54.0,0.84,5.0,0.86,1.6,0.87,23.0,0.14,1.6,0.13,23.0,0.15,54.0,0.16,5.0,0.01,0.01,622.045125,1776344509000
1776344511.34,111.34,0.85,54.0,0.84,5.0,0.86,1.6,0.87,23.0,0.14,1.6,0.13,23.0,0.15,54.0,0.16,5.0,0.01,0.01,622.056136,1776344510000
1776344511.938,111.938,0.85,54.0,0.84,5.0,0.86,1.6,0.87,23.0,0.14,1.6,0.13,23.0,0.15,54.0,0.16,5.0,0.01,0.01,622.056136,1776344511000
1776344513.126,113.126,0.85,54.0,0.84,5.0,0.86,1.6,0.87,23.0,0.14,1.6,0.13,23.0,0.15,54.0,0.16,5.0,0.01,0.01,622.068,1776344512000
1776344514.373,114.373,0.85,54.0,0.84,5.0,0.86,1.6,0.87,23.0,0.14,1.6,0.13,23.0,0.15,54.0,0.16,5.0,0.01,0.01,622.142367,1776344513000
1776344514.864,114.864,0.85,54.0,0.84,5.0,0.86,1.6,0.87,23.0,0.14,1.6,0.13,23.0,0.15,54.0,0.16,5.0,0.01,0.01,622.142367,1776344514000
1776344515.393,115.393,0.89,66.0,0.88,5.0,0.9,27.8,0.91,42.7,0.14,1.6,0.13,23.0,0.15,54.0,0.16,5.0,0.01,0.01,622.142367,1776344514000
1776344516.046,116.046,0.89,66.0,0.88,5.0,0.9,27.8,0.91,42.7,0.1,27.8,0.09,42.7,0.11,66.0,0.12,5.0,0.01,0.01,622.151934,1776344515000
1776344517.125,117.125,0.89,66.0,0.88,5.0,0.9,27.8,0.91,42.7,0.1,27.8,0.09,42.7,0.11,66.0,0.12,5.0,0.01,0.01,622.153793,1776344516000
1776344518.136,118.136,0.89,66.0,0.88,5.0,0.9,27.8,0.91,42.7,0.1,27.8,0.09,42.7,0.11,66.0,0.12,5.0,0.01,0.01,622.092533,1776344517000
1776344518.352,118.352,0.89,55.88,0.85,5.0,0.9,32.8,0.91,47.7,0.1,27.8,0.09,42.7,0.11,66.0,0.12,5.0,0.01,0.01,622.092533,1776344517000
1776344518.595,118.595,0.89,28.6,0.85,5.0,0.9,32.8,0.91,47.7,0.1,32.8,0.09,47.7,0.11,55.88,0.15,5.0,0.01,0.01,622.092533,1776344517000
1776344519.258,119.258,0.89,28.6,0.85,5.0,0.9,32.8,0.91,47.7,0.1,32.8,0.09,47.7,0.11,28.6,0.15,5.0,0.01,0.01,622.065071,1776344518000
1776344520.313,120.313,0.89,28.6,0.85,5.0,0.9,32.8,0.91,47.7,0.1,32.8,0.09,47.7,0.11,28.6,0.15,5.0,0.01,0.01,622.044568,1776344519000
1776344521.443,121.443,0.89,28.6,0.85,5.0,0.9,32.8,0.91,47.7,0.1,32.8,0.09,47.7,0.11,28.6,0.15,5.0,0.01,0.01,622.016721,1776344520000
1776344521.937,121.937,0.89,28.6,0.85,5.0,0.9,32.8,0.91,47.7,0.1,32.8,0.09,47.7,0.11,28.6,0.15,5.0,0.01,0.01,622.016419,1776344521000
1776344523.185,123.185,0.89,28.6,0.85,5.0,0.9,32.8,0.91,47.7,0.1,32.8,0.09,47.7,0.11,28.6,0.15,5.0,0.01,0.01,622.011853,1776344522000
1776344524.898,124.898,0.89,28.6,0.85,5.0,0.9,32.8,0.91,47.7,0.1,32.8,0.09,47.7,0.11,28.6,0.15,5.0,0.01,0.01,622.048,1776344523000
1776344525.637,125.637,0.89,28.6,0.85,5.0,0.9,32.8,0.91,47.7,0.1,32.8,0.09,47.7,0.11,28.6,0.15,5.0,0.01,0.01,622.053,1776344524000
1776344526.212,126.212,0.89,28.6,0.85,5.0,0.9,32.8,0.91,47.7,0.1,32.8,0.09,47.7,0.11,28.6,0.15,5.0,0.01,0.01,622.053,1776344525000
1776344527.713,127.713,0.89,28.6,0.85,5.0,0.9,32.8,0.91,47.7,0.1,32.8,0.09,47.7,0.11,28.6,0.15,5.0,0.01,0.01,622.080043,1776344526000
1776344528.235,128.235,0.89,28.6,0.85,5.0,0.9,32.8,0.91,47.7,0.1,32.8,0.09,47.7,0.11,28.6,0.15,5.0,0.01,0.01,622.09067,1776344527000
1776344529.461,129.461,0.89,28.6,0.85,5.0,0.9,32.8,0.91,47.7,0.1,32.8,0.09,47.7,0.11,28.6,0.15,5.0,0.01,0.01,622.096145,1776344528000
1776344530.004,130.004,0.89,28.6,0.85,5.0,0.9,32.8,0.91,47.7,0.1,32.8,0.09,47.7,0.11,28.6,0.15,5.0,0.01,0.01,622.09,1776344529000
1776344531.403,131.403,0.89,28.6,0.85,5.0,0.9,32.8,0.91,47.7,0.1,32.8,0.09,47.7,0.11,28.6,0.15,5.0,0.01,0.01,622.08485,1776344530000
1776344532.062,132.062,0.89,28.6,0.85,5.0,0.9,32.8,0.91,47.7,0.1,32.8,0.09,47.7,0.11,28.6,0.15,5.0,0.01,0.01,622.08486,1776344531000
1776344533.4,133.4,0.89,28.6,0.85,5.0,0.9,32.8,0.91,47.7,0.1,32.8,0.09,47.7,0.11,28.6,0.15,5.0,0.01,0.01,622.1398,1776344532000
1776344534.26,134.26,0.89,28.6,0.85,5.0,0.9,32.8,0.91,47.7,0.1,32.8,0.09,47.7,0.11,28.6,0.15,5.0,0.01,0.01,622.15745,1776344533000
1776344535.75,135.75,0.89,28.6,0.85,5.0,0.9,32.8,0.91,47.7,0.1,32.8,0.09,47.7,0.11,28.6,0.15,5.0,0.01,0.01,622.160532,1776344534000
1776344536.481,136.481,0.89,28.6,0.85,5.0,0.9,32.8,0.91,47.7,0.1,32.8,0.09,47.7,0.11,28.6,0.15,5.0,0.01,0.01,622.158593,1776344535000
1776344537.285,137.285,0.89,28.6,0.85,5.0,0.9,32.8,0.91,47.7,0.1,32.8,0.09,47.7,0.11,28.6,0.15,5.0,0.01,0.01,622.158612,1776344536000
1776344538.544,138.544,0.89,28.6,0.85,5.0,0.9,32.8,0.91,47.7,0.1,32.8,0.09,47.7,0.11,28.6,0.15,5.0,0.01,0.01,622.164177,1776344537000
1776344539.448,139.448,0.89,28.6,0.85,5.0,0.9,32.8,0.91,47.7,0.1,32.8,0.09,47.7,0.11,28.6,0.15,5.0,0.01,0.01,622.164177,1776344538000
1776344540.096,140.096,0.89,28.6,0.85,5.0,0.9,32.8,0.91,47.7,0.1,32.8,0.09,47.7,0.11,28.6,0.15,5.0,0.01,0.01,622.164108,1776344539000
1776344541.333,141.333,0.89,28.6,0.85,5.0,0.9,32.8,0.91,47.7,0.1,32.8,0.09,47.7,0.11,28.6,0.15,5.0,0.01,0.01,622.152912,1776344540000
1776344542.088,142.088,0.89,28.6,0.85,5.0,0.9,32.8,0.91,47.7,0.1,32.8,0.09,47.7,0.11,28.6,0.15,5.0,0.01,0.01,622.151936,1776344541000
1776344543.66,143.66,0.89,28.6,0.85,5.0,0.9,32.8,0.91,47.7,0.1,32.8,0.09,47.7,0.11,28.6,0.15,5.0,0.01,0.01,622.185142,1776344542000
1776344544.367,144.367,0.89,28.6,0.85,5.0,0.9,32.8,0.91,47.7,0.1,32.8,0.09,47.7,0.11,28.6,0.15,5.0,0.01,0.01,622.183403,1776344543000
1776344545.163,145.163,0.89,28.6,0.85,5.0,0.9,32.8,0.91,47.7,0.1,32.8,0.09,47.7,0.11,28.6,0.15,5.0,0.01,0.01,622.190385,1776344544000
1776344546.342,146.342,0.89,28.6,0.85,5.0,0.9,32.8,0.91,47.7,0.1,32.8,0.09,47.7,0.11,28.6,0.15,5.0,0.01,0.01,622.190385,1776344545000
1776344547.702,147.702,0.89,28.6,0.85,5.0,0.9,32.8,0.91,47.7,0.1,32.8,0.09,47.7,0.11,28.6,0.15,5.0,0.01,0.01,622.178144,1776344546000
1776344548.299,148.299,0.89,28.6,0.85,5.0,0.9,32.8,0.91,47.7,0.1,32.8,0.09,47.7,0.11,28.6,0.15,5.0,0.01,0.01,622.063485,1776344547000
1776344549.651,149.651,0.89,28.6,0.85,5.0,0.9,32.8,0.91,47.7,0.1,32.8,0.09,47.7,0.11,28.6,0.15,5.0,0.01,0.01,622.043,1776344548000
1776344550.383,150.383,0.89,28.6,0.85,5.0,0.9,32.8,0.91,47.7,0.1,32.8,0.09,47.7,0.11,28.6,0.15,5.0,0.01,0.01,622.043,1776344549000
1776344551.039,151.039,0.89,28.6,0.85,5.0,0.9,32.8,0.91,47.7,0.1,32.8,0.09,47.7,0.11,28.6,0.15,5.0,0.01,0.01,622.047,1776344550000
1776344552.475,152.475,0.89,28.6,0.85,5.0,0.9,32.8,0.91,47.7,0.1,32.8,0.09,47.7,0.11,28.6,0.15,5.0,0.01,0.01,622.042734,1776344551000
1776344553.299,153.299,0.89,28.6,0.85,5.0,0.9,32.8,0.91,47.7,0.1,32.8,0.09,47.7,0.11,28.6,0.15,5.0,0.01,0.01,622.042734,1776344552000
1776344554.568,154.568,0.89,28.6,0.85,5.0,0.9,32.8,0.91,47.7,0.1,32.8,0.09,47.7,0.11,28.6,0.15,5.0,0.01,0.01,622.040103,1776344553000
1776344555.335,155.335,0.89,28.6,0.85,5.0,0.9,32.8,0.91,47.7,0.1,32.8,0.09,47.7,0.11,28.6,0.15,5.0,0.01,0.01,622.035421,1776344554000
1776344556.273,156.273,0.89,28.6,0.85,5.0,0.9,32.8,0.91,47.7,0.1,32.8,0.09,47.7,0.11,28.6,0.15,5.0,0.01,0.01,622.035421,1776344555000
1776344557.581,157.581,0.89,28.6,0.85,5.0,0.9,32.8,0.91,47.7,0.1,32.8,0.09,47.7,0.11,28.6,0.15,5.0,0.01,0.01,622.031622,1776344556000
1776344558.023,158.023,0.86,5.0,0.85,5.0,0.87,11.5,0.88,29.6,0.1,32.8,0.09,47.7,0.11,28.6,0.15,5.0,0.01,0.01,622.031622,1776344556000
1776344558.534,158.534,0.86,5.0,0.85,5.0,0.87,11.5,0.88,29.6,0.13,11.5,0.12,29.6,0.14,5.0,0.15,5.0,0.01,0.01,622.031622,1776344557000
1776344559.425,159.425,0.86,5.0,0.85,5.0,0.87,11.5,0.88,29.6,0.13,11.5,0.12,29.6,0.14,5.0,0.15,5.0,0.01,0.01,622.012968,1776344558000
1776344559.886,159.886,0.86,5.0,0.85,5.0,0.87,11.5,0.88,29.6,0.13,11.5,0.12,29.6,0.14,5.0,0.15,5.0,0.01,0.01,622.010292,1776344559000
1776344560.983,160.983,0.86,5.0,0.85,5.0,0.87,11.5,0.88,29.6,0.13,11.5,0.12,29.6,0.14,5.0,0.15,5.0,0.01,0.01,622.009441,1776344560000
1776344562.903,162.903,0.86,13.0,0.85,5.0,0.87,2.87,0.88,24.6,0.13,11.5,0.12,29.6,0.14,5.0,0.15,5.0,0.01,0.01,622.009441,1776344560000
1776344564.455,164.455,0.86,13.0,0.85,5.0,0.87,2.87,0.88,24.6,0.13,2.87,0.12,24.6,0.14,13.0,0.15,5.0,0.01,0.01,622.011849,1776344563000
1776344564.987,164.987,0.86,13.0,0.85,5.0,0.87,2.87,0.88,24.6,0.13,2.87,0.12,24.6,0.14,13.0,0.15,5.0,0.01,0.01,622.011849,1776344564000
1776344565.958,165.958,0.86,13.0,0.85,5.0,0.87,2.87,0.88,24.6,0.13,2.87,0.12,24.6,0.14,13.0,0.15,5.0,0.01,0.01,622.015756,1776344565000
1776344567.098,167.098,0.86,13.0,0.85,5.0,0.87,2.87,0.88,24.6,0.13,2.87,0.12,24.6,0.14,13.0,0.15,5.0,0.01,0.01,622.011369,1776344566000
1776344568.158,168.158,0.88,16.0,0.87,5.0,0.89,21.54,0.9,28.9,0.11,21.54,0.1,28.9,0.12,16.0,0.13,5.0,0.01,0.01,622.015227,1776344567000
1776344569.201,169.201,0.88,16.0,0.87,5.0,0.89,21.54,0.9,28.9,0.11,21.54,0.1,28.9,0.12,16.0,0.13,5.0,0.01,0.01,622.017035,1776344568000
1776344570.243,170.243,0.88,16.0,0.87,5.0,0.89,21.54,0.9,28.9,0.11,21.54,0.1,28.9,0.12,16.0,0.13,5.0,0.01,0.01,622.018947,1776344569000
1776344571.416,171.416,0.88,16.0,0.87,5.0,0.89,21.54,0.9,28.9,0.11,21.54,0.1,28.9,0.12,16.0,0.13,5.0,0.01,0.01,622.019096,1776344570000
1776344572.34,172.34,0.88,16.0,0.87,5.0,0.89,21.54,0.9,28.9,0.11,21.54,0.1,28.9,0.12,16.0,0.13,5.0,0.01,0.01,622.018757,1776344571000
1776344572.865,172.865,0.9,16.0,0.89,5.0,0.91,34.45,0.92,47.29,0.11,21.54,0.1,28.9,0.12,16.0,0.13,5.0,0.01,0.01,622.018757,1776344571000
1776344573.321,173.321,0.9,16.0,0.89,5.0,0.91,34.45,0.92,47.29,0.09,34.45,0.08,47.29,0.1,16.0,0.11,5.0,0.01,0.01,622.018911,1776344572000
1776344574.343,174.343,0.9,16.0,0.89,5.0,0.91,34.45,0.92,47.29,0.09,34.45,0.08,47.29,0.1,16.0,0.11,5.0,0.01,0.01,622.018909,1776344573000
1776344575.279,175.279,0.9,16.0,0.89,5.0,0.91,34.45,0.92,47.29,0.09,34.45,0.08,47.29,0.1,16.0,0.11,5.0,0.01,0.01,622.01891,1776344574000
1776344576.219,176.219,0.9,16.0,0.89,5.0,0.91,34.45,0.92,47.29,0.09,34.45,0.08,47.29,0.1,16.0,0.11,5.0,0.01,0.01,622.019313,1776344575000
1776344577.966,177.966,0.9,16.0,0.89,5.0,0.91,34.45,0.92,47.29,0.09,34.45,0.08,47.29,0.1,16.0,0.11,5.0,0.01,0.01,622.019224,1776344576000
1776344579.11,179.11,0.9,16.0,0.89,5.0,0.91,34.45,0.92,47.29,0.09,34.45,0.08,47.29,0.1,16.0,0.11,5.0,0.01,0.01,622.019223,1776344577000
1776344579.832,179.832,0.9,16.0,0.89,5.0,0.91,34.45,0.92,47.29,0.09,34.45,0.08,47.29,0.1,16.0,0.11,5.0,0.01,0.01,622.019223,1776344578000
1776344580.521,180.521,0.9,16.0,0.89,5.0,0.91,34.45,0.92,47.29,0.09,34.45,0.08,47.29,0.1,16.0,0.11,5.0,0.01,0.01,622.024409,1776344579000
1776344581.273,181.273,0.9,16.0,0.89,5.0,0.91,34.45,0.92,47.29,0.09,34.45,0.08,47.29,0.1,16.0,0.11,5.0,0.01,0.01,622.024861,1776344580000
1776344582.95,182.95,0.9,16.0,0.89,5.0,0.91,34.45,0.92,47.29,0.09,34.45,0.08,47.29,0.1,16.0,0.11,5.0,0.01,0.01,622.024411,1776344581000
1776344583.75,183.75,0.9,16.0,0.89,5.0,0.91,34.45,0.92,47.29,0.09,34.45,0.08,47.29,0.1,16.0,0.11,5.0,0.01,0.01,622.011849,1776344582000
1776344584.467,184.467,0.9,16.0,0.89,5.0,0.91,34.45,0.92,47.29,0.09,34.45,0.08,47.29,0.1,16.0,0.11,5.0,0.01,0.01,622.013522,1776344583000
1776344585.164,185.164,0.9,16.0,0.89,5.0,0.91,34.45,0.92,47.29,0.09,34.45,0.08,47.29,0.1,16.0,0.11,5.0,0.01,0.01,622.013522,1776344584000
1776344586.606,186.606,0.9,16.0,0.89,5.0,0.91,34.45,0.92,47.29,0.09,34.45,0.08,47.29,0.1,16.0,0.11,5.0,0.01,0.01,622.00649,1776344585000
1776344587.459,187.459,0.9,16.0,0.89,5.0,0.91,34.45,0.92,47.29,0.09,34.45,0.08,47.29,0.1,16.0,0.11,5.0,0.01,0.01,622.007116,1776344586000
1776344588.243,188.243,0.9,16.0,0.89,5.0,0.91,34.45,0.92,47.29,0.09,34.45,0.08,47.29,0.1,16.0,0.11,5.0,0.01,0.01,622.003794,1776344587000
1776344589.733,189.733,0.9,16.0,0.89,5.0,0.91,34.45,0.92,47.29,0.09,34.45,0.08,47.29,0.1,16.0,0.11,5.0,0.01,0.01,622.005096,1776344588000
1776344590.445,190.445,0.9,16.0,0.89,5.0,0.91,34.45,0.92,47.29,0.09,34.45,0.08,47.29,0.1,16.0,0.11,5.0,0.01,0.01,622.006533,1776344589000
1776344591.167,191.167,0.9,16.0,0.89,5.0,0.91,34.45,0.92,47.29,0.09,34.45,0.08,47.29,0.1,16.0,0.11,5.0,0.01,0.01,621.975691,1776344590000
1776344592.573,192.573,0.9,16.0,0.89,5.0,0.91,34.45,0.92,47.29,0.09,34.45,0.08,47.29,0.1,16.0,0.11,5.0,0.01,0.01,621.971571,1776344591000
1776344593.205,193.205,0.9,16.0,0.89,5.0,0.91,34.45,0.92,47.29,0.09,34.45,0.08,47.29,0.1,16.0,0.11,5.0,0.01,0.01,621.972658,1776344592000
1776344594.756,194.756,0.9,16.0,0.89,5.0,0.91,34.45,0.92,47.29,0.09,34.45,0.08,47.29,0.1,16.0,0.11,5.0,0.01,0.01,621.968642,1776344593000
1776344595.644,195.644,0.9,16.0,0.89,5.0,0.91,34.45,0.92,47.29,0.09,34.45,0.08,47.29,0.1,16.0,0.11,5.0,0.01,0.01,621.930901,1776344594000
1776344596.389,196.389,0.9,16.0,0.89,5.0,0.91,34.45,0.92,47.29,0.09,34.45,0.08,47.29,0.1,16.0,0.11,5.0,0.01,0.01,621.93279,1776344595000
1776344597.486,197.486,0.9,16.0,0.89,5.0,0.91,34.45,0.92,47.29,0.09,34.45,0.08,47.29,0.1,16.0,0.11,5.0,0.01,0.01,622.008988,1776344596000
1776344597.922,197.922,0.9,16.0,0.89,5.0,0.91,34.45,0.92,47.29,0.09,34.45,0.08,47.29,0.1,16.0,0.11,5.0,0.01,0.01,622.071,1776344597000
1776344598.995,198.995,0.9,16.0,0.89,5.0,0.91,34.45,0.92,47.29,0.09,34.45,0.08,47.29,0.1,16.0,0.11,5.0,0.01,0.01,622.071,1776344598000
1776344599.964,199.964,0.9,16.0,0.89,5.0,0.91,34.45,0.92,47.29,0.09,34.45,0.08,47.29,0.1,16.0,0.11,5.0,0.01,0.01,622.039235,1776344599000
1776344600.992,200.992,0.9,16.0,0.89,5.0,0.91,34.45,0.92,47.29,0.09,34.45,0.08,47.29,0.1,16.0,0.11,5.0,0.01,0.01,622.079719,1776344600000
1776344602.088,202.088,0.9,16.0,0.89,5.0,0.91,34.45,0.92,47.29,0.09,34.45,0.08,47.29,0.1,16.0,0.11,5.0,0.01,0.01,622.07701,1776344601000
1776344603.056,203.056,0.9,16.0,0.89,5.0,0.91,34.45,0.92,47.29,0.09,34.45,0.08,47.29,0.1,16.0,0.11,5.0,0.01,0.01,622.06631,1776344602000
1776344604.052,204.052,0.9,16.0,0.89,5.0,0.91,34.45,0.92,47.29,0.09,34.45,0.08,47.29,0.1,16.0,0.11,5.0,0.01,0.01,622.08071,1776344603000
1776344605.07,205.07,0.9,16.0,0.89,5.0,0.91,34.45,0.92,47.29,0.09,34.45,0.08,47.29,0.1,16.0,0.11,5.0,0.01,0.01,622.08114,1776344604000
1776344606.051,206.051,0.9,16.0,0.89,5.0,0.91,34.45,0.92,47.29,0.09,34.45,0.08,47.29,0.1,16.0,0.11,5.0,0.01,0.01,622.08084,1776344605000
1776344607.025,207.025,0.9,16.0,0.89,5.0,0.91,34.45,0.92,47.29,0.09,34.45,0.08,47.29,0.1,16.0,0.11,5.0,0.01,0.01,622.07487,1776344606000
1776344608.038,208.038,0.9,16.0,0.89,5.0,0.91,34.45,0.92,47.29,0.09,34.45,0.08,47.29,0.1,16.0,0.11,5.0,0.01,0.01,622.06115,1776344607000
1776344609.122,209.122,0.9,16.0,0.89,5.0,0.91,34.45,0.92,47.29,0.09,34.45,0.08,47.29,0.1,16.0,0.11,5.0,0.01,0.01,622.06125,1776344608000
1776344610.674,210.674,0.9,16.0,0.89,5.0,0.91,34.45,0.92,47.29,0.09,34.45,0.08,47.29,0.1,16.0,0.11,5.0,0.01,0.01,622.069,1776344609000
1776344611.261,211.261,0.9,16.0,0.89,5.0,0.91,34.45,0.92,47.29,0.09,34.45,0.08,47.29,0.1,16.0,0.11,5.0,0.01,0.01,622.063,1776344610000
1776344612.226,212.226,0.9,16.0,0.89,5.0,0.91,34.45,0.92,47.29,0.09,34.45,0.08,47.29,0.1,16.0,0.11,5.0,0.01,0.01,622.084,1776344611000
1776344613.311,213.311,0.9,16.0,0.89,5.0,0.91,34.45,0.92,47.29,0.09,34.45,0.08,47.29,0.1,16.0,0.11,5.0,0.01,0.01,622.077,1776344612000
1776344614.459,214.459,0.9,16.0,0.89,5.0,0.91,34.45,0.92,47.29,0.09,34.45,0.08,47.29,0.1,16.0,0.11,5.0,0.01,0.01,622.0757,1776344613000
1776344614.873,214.873,0.9,16.0,0.89,5.0,0.91,34.45,0.92,47.29,0.09,34.45,0.08,47.29,0.1,16.0,0.11,5.0,0.01,0.01,622.057,1776344614000
1776344616.085,216.085,0.9,16.0,0.89,5.0,0.91,34.45,0.92,47.29,0.09,34.45,0.08,47.29,0.1,16.0,0.11,5.0,0.01,0.01,622.035115,1776344615000
1776344617.046,217.046,0.9,16.0,0.89,5.0,0.91,34.45,0.92,47.29,0.09,34.45,0.08,47.29,0.1,16.0,0.11,5.0,0.01,0.01,622.041948,1776344616000
1776344618.05,218.05,0.9,16.0,0.89,5.0,0.91,34.45,0.92,47.29,0.09,34.45,0.08,47.29,0.1,16.0,0.11,5.0,0.01,0.01,622.049079,1776344617000
1776344619.172,219.172,0.9,16.0,0.89,5.0,0.91,34.45,0.92,47.29,0.09,34.45,0.08,47.29,0.1,16.0,0.11,5.0,0.01,0.01,622.065998,1776344618000
1776344620.224,220.224,0.9,16.0,0.89,5.0,0.91,34.45,0.92,47.29,0.09,34.45,0.08,47.29,0.1,16.0,0.11,5.0,0.01,0.01,622.032523,1776344619000
1776344621.251,221.251,0.9,16.0,0.89,5.0,0.91,34.45,0.92,47.29,0.09,34.45,0.08,47.29,0.1,16.0,0.11,5.0,0.01,0.01,622.032099,1776344620000
1776344622.272,222.272,0.9,16.0,0.89,5.0,0.91,34.45,0.92,47.29,0.09,34.45,0.08,47.29,0.1,16.0,0.11,5.0,0.01,0.01,622.032748,1776344621000
1776344623.317,223.317,0.9,16.0,0.89,5.0,0.91,34.45,0.92,47.29,0.09,34.45,0.08,47.29,0.1,16.0,0.11,5.0,0.01,0.01,622.032683,1776344622000
1776344624.385,224.385,0.9,65.45,0.89,31.6,0.92,9.28,0.93,14.0,0.08,9.28,0.07,14.0,0.1,65.45,0.11,31.6,0.02,0.02,622.032789,1776344623000
1776344624.941,224.941,0.9,65.45,0.89,31.6,0.92,9.28,0.93,14.0,0.08,9.28,0.07,14.0,0.1,65.45,0.11,31.6,0.02,0.02,622.032813,1776344624000
1776344625.907,225.907,0.9,65.45,0.89,31.6,0.92,9.28,0.93,14.0,0.08,9.28,0.07,14.0,0.1,65.45,0.11,31.6,0.02,0.02,622.01382,1776344625000
1776344626.921,226.921,0.9,65.45,0.89,31.6,0.92,9.28,0.93,14.0,0.08,9.28,0.07,14.0,0.1,65.45,0.11,31.6,0.02,0.02,621.997205,1776344626000
1776344628.008,228.008,0.9,65.45,0.89,31.6,0.92,9.28,0.93,14.0,0.08,9.28,0.07,14.0,0.1,65.45,0.11,31.6,0.02,0.02,622.005333,1776344627000
1776344629.038,229.038,0.9,65.45,0.89,31.6,0.92,9.28,0.93,14.0,0.08,9.28,0.07,14.0,0.1,65.45,0.11,31.6,0.02,0.02,622.01131,1776344628000
1776344630.103,230.103,0.9,65.45,0.89,31.6,0.92,9.28,0.93,14.0,0.08,9.28,0.07,14.0,0.1,65.45,0.11,31.6,0.02,0.02,622.00935,1776344629000
1776344631.086,231.086,0.9,65.45,0.89,31.6,0.92,9.28,0.93,14.0,0.08,9.28,0.07,14.0,0.1,65.45,0.11,31.6,0.02,0.02,621.98258,1776344630000
1776344632.091,232.091,0.91,42.97,0.9,5.0,0.92,44.57,0.93,53.9,0.08,9.28,0.07,14.0,0.1,65.45,0.11,31.6,0.01,0.02,621.98258,1776344630000
1776344632.349,232.349,0.91,42.97,0.9,5.0,0.92,44.57,0.93,53.9,0.08,44.57,0.07,53.9,0.09,42.97,0.1,5.0,0.01,0.01,621.977,1776344631000
1776344633.36,233.36,0.91,42.97,0.9,5.0,0.92,44.57,0.93,53.9,0.08,44.57,0.07,53.9,0.09,42.97,0.1,5.0,0.01,0.01,621.968,1776344632000
1776344633.812,233.812,0.91,42.97,0.9,5.0,0.92,44.57,0.93,53.9,0.08,44.57,0.07,53.9,0.09,42.97,0.1,5.0,0.01,0.01,621.9613,1776344633000
1776344634.983,234.983,0.91,42.97,0.9,5.0,0.92,44.57,0.93,53.9,0.08,44.57,0.07,53.9,0.09,42.97,0.1,5.0,0.01,0.01,621.919301,1776344634000
1776344636.033,236.033,0.91,42.97,0.9,5.0,0.92,44.57,0.93,53.9,0.08,44.57,0.07,53.9,0.09,42.97,0.1,5.0,0.01,0.01,621.94652,1776344635000
1776344636.962,236.962,0.91,42.97,0.9,5.0,0.92,0.03,0.93,53.9,0.08,44.57,0.07,53.9,0.09,42.97,0.1,5.0,0.01,0.01,621.94652,1776344635000
1776344638.33,238.33,0.91,42.97,0.9,5.0,0.92,0.03,0.93,53.9,0.08,0.03,0.07,53.9,0.09,42.97,0.1,5.0,0.01,0.01,621.9439,1776344637000
1776344638.847,238.847,0.91,42.97,0.9,5.0,0.92,0.03,0.93,53.9,0.08,0.03,0.07,53.9,0.09,42.97,0.1,5.0,0.01,0.01,621.94839,1776344638000
1776344639.93,239.93,0.91,42.97,0.9,5.0,0.92,0.03,0.93,53.9,0.08,0.03,0.07,53.9,0.09,42.97,0.1,5.0,0.01,0.01,621.94773,1776344639000
1776344640.215,240.215,0.91,42.97,0.9,5.0,0.93,14.0,0.94,16.0,0.08,0.03,0.07,53.9,0.09,42.97,0.1,5.0,0.02,0.01,621.94773,1776344639000
1776344641.141,241.141,0.91,42.97,0.9,5.0,0.93,14.0,0.94,16.0,0.07,14.0,0.06,16.0,0.09,42.97,0.1,5.0,0.02,0.02,621.953986,1776344640000
1776344642.05,242.05,0.91,42.97,0.9,5.0,0.93,14.0,0.94,16.0,0.07,14.0,0.06,16.0,0.09,42.97,0.1,5.0,0.02,0.02,621.951876,1776344641000
1776344643.191,243.191,0.91,42.97,0.9,5.0,0.93,14.0,0.94,16.0,0.07,14.0,0.06,16.0,0.09,42.97,0.1,5.0,0.02,0.02,621.951948,1776344642000
1776344644.403,244.403,0.91,42.97,0.9,5.0,0.93,14.0,0.94,16.0,0.07,14.0,0.06,16.0,0.09,42.97,0.1,5.0,0.02,0.02,621.951951,1776344643000
1776344645.535,245.535,0.91,42.97,0.9,5.0,0.93,14.0,0.94,16.0,0.07,14.0,0.06,16.0,0.09,42.97,0.1,5.0,0.02,0.02,621.952015,1776344644000
1776344646.004,246.004,0.91,42.97,0.9,5.0,0.93,14.0,0.94,16.0,0.07,14.0,0.06,16.0,0.09,42.97,0.1,5.0,0.02,0.02,621.952015,1776344645000
1776344647.15,247.15,0.92,51.72,0.91,43.7,0.93,7.0,0.94,16.0,0.07,7.0,0.06,16.0,0.08,51.72,0.09,43.7,0.01,0.01,621.948765,1776344646000
1776344648.286,248.286,0.92,51.72,0.91,43.7,0.93,7.0,0.94,16.0,0.07,7.0,0.06,16.0,0.08,51.72,0.09,43.7,0.01,0.01,621.948659,1776344647000
1776344648.873,248.873,0.92,51.72,0.91,43.7,0.94,16.0,0.95,31.1,0.06,16.0,0.05,31.1,0.08,51.72,0.09,43.7,0.02,0.02,621.948222,1776344648000
1776344650.015,250.015,0.93,57.27,0.92,40.29,0.94,4.0,0.95,31.1,0.06,4.0,0.05,31.1,0.07,57.27,0.08,40.29,0.01,0.01,621.93251,1776344649000
1776344651.148,251.148,0.93,57.27,0.92,40.29,0.94,4.0,0.95,31.1,0.06,4.0,0.05,31.1,0.07,57.27,0.08,40.29,0.01,0.01,621.92664,1776344650000
1776344652.272,252.272,0.93,57.27,0.92,40.29,0.94,4.0,0.95,31.1,0.06,4.0,0.05,31.1,0.07,57.27,0.08,40.29,0.01,0.01,621.93128,1776344651000
1776344653.27,253.27,0.93,57.27,0.92,40.29,0.94,4.0,0.95,31.1,0.06,4.0,0.05,31.1,0.07,57.27,0.08,40.29,0.01,0.01,621.92018,1776344652000
1776344654.44,254.44,0.93,57.27,0.92,40.29,0.94,4.0,0.95,31.1,0.06,4.0,0.05,31.1,0.07,57.27,0.08,40.29,0.01,0.01,621.92494,1776344653000
1776344655.213,255.213,0.93,57.27,0.92,40.29,0.94,4.0,0.95,31.1,0.06,4.0,0.05,31.1,0.07,57.27,0.08,40.29,0.01,0.01,621.92494,1776344654000
1776344656.193,256.193,0.93,57.27,0.92,40.29,0.94,4.0,0.95,31.1,0.06,4.0,0.05,31.1,0.07,57.27,0.08,40.29,0.01,0.01,621.92623,1776344655000
1776344657.357,257.357,0.93,57.27,0.92,40.29,0.94,4.0,0.95,31.1,0.06,4.0,0.05,31.1,0.07,57.27,0.08,40.29,0.01,0.01,621.92383,1776344656000
1776344658.455,258.455,0.93,57.27,0.92,40.29,0.94,4.0,0.95,31.1,0.06,4.0,0.05,31.1,0.07,57.27,0.08,40.29,0.01,0.01,621.917669,1776344657000
1776344659.033,259.033,0.93,57.27,0.92,40.29,0.94,4.0,0.95,31.1,0.06,4.0,0.05,31.1,0.07,57.27,0.08,40.29,0.01,0.01,621.916571,1776344658000
1776344660.204,260.204,0.93,57.27,0.92,40.29,0.94,4.0,0.95,31.1,0.06,4.0,0.05,31.1,0.07,57.27,0.08,40.29,0.01,0.01,621.917354,1776344659000
1776344661.307,261.307,0.93,57.27,0.92,40.29,0.94,4.0,0.95,31.1,0.06,4.0,0.05,31.1,0.07,57.27,0.08,40.29,0.01,0.01,621.917354,1776344660000
1776344662.437,262.437,0.93,57.27,0.92,40.29,0.94,4.0,0.95,31.1,0.06,4.0,0.05,31.1,0.07,57.27,0.08,40.29,0.01,0.01,621.91779,1776344661000
1776344663.052,263.052,0.93,57.27,0.92,40.29,0.94,4.0,0.95,31.1,0.06,4.0,0.05,31.1,0.07,57.27,0.08,40.29,0.01,0.01,621.913359,1776344662000
1776344664.197,264.197,0.93,57.27,0.92,40.29,0.94,4.0,0.95,31.1,0.06,4.0,0.05,31.1,0.07,57.27,0.08,40.29,0.01,0.01,621.912614,1776344663000
1776344665.241,265.241,0.93,57.27,0.92,40.29,0.94,4.0,0.95,31.1,0.06,4.0,0.05,31.1,0.07,57.27,0.08,40.29,0.01,0.01,621.913656,1776344664000
1776344666.418,266.418,0.93,57.27,0.92,40.29,0.94,4.0,0.95,31.1,0.06,4.0,0.05,31.1,0.07,57.27,0.08,40.29,0.01,0.01,621.915547,1776344665000
1776344666.983,266.983,0.93,57.27,0.92,40.29,0.94,4.0,0.95,31.1,0.06,4.0,0.05,31.1,0.07,57.27,0.08,40.29,0.01,0.01,621.916045,1776344666000
1776344668.223,268.223,0.93,57.27,0.92,40.29,0.94,4.0,0.95,31.1,0.06,4.0,0.05,31.1,0.07,57.27,0.08,40.29,0.01,0.01,621.916878,1776344667000
1776344669.758,269.758,0.93,57.27,0.92,40.29,0.94,4.0,0.95,31.1,0.06,4.0,0.05,31.1,0.07,57.27,0.08,40.29,0.01,0.01,621.916878,1776344668000
1776344670.634,270.634,0.93,57.27,0.92,40.29,0.94,4.0,0.95,31.1,0.06,4.0,0.05,31.1,0.07,57.27,0.08,40.29,0.01,0.01,621.920093,1776344669000
1776344671.29,271.29,0.93,57.27,0.92,40.29,0.95,31.1,0.96,25.0,0.05,31.1,0.04,25.0,0.07,57.27,0.08,40.29,0.02,0.02,621.923466,1776344670000
1776344672.213,272.213,0.93,57.27,0.92,40.29,0.95,31.1,0.96,25.0,0.05,31.1,0.04,25.0,0.07,57.27,0.08,40.29,0.02,0.02,621.923278,1776344671000
1776344672.696,272.696,0.94,56.41,0.93,51.9,0.95,5.55,0.96,25.0,0.05,15.55,0.04,25.0,0.06,56.41,0.07,51.9,0.01,0.01,621.923278,1776344671000
1776344673.782,273.782,0.94,56.41,0.93,51.9,0.96,22.55,0.97,33.0,0.04,22.55,0.03,33.0,0.06,56.41,0.07,51.9,0.02,0.02,621.92395,1776344672000
1776344674.601,274.601,0.94,56.41,0.93,51.9,0.96,22.55,0.97,33.0,0.04,22.55,0.03,33.0,0.06,56.41,0.07,51.9,0.02,0.02,621.92395,1776344673000
1776344675.247,275.247,0.94,56.41,0.93,51.9,0.96,22.55,0.97,33.0,0.04,22.55,0.03,33.0,0.06,56.41,0.07,51.9,0.02,0.02,621.925369,1776344674000
1776344676.48,276.48,0.95,10.26,0.94,11.0,0.97,33.0,0.98,60.0,0.03,33.0,0.02,60.0,0.05,10.26,0.06,11.0,0.02,0.02,621.92867,1776344675000
1776344676.999,276.999,0.96,10.2,0.95,5.0,0.97,27.85,0.98,60.0,0.03,33.0,0.02,60.0,0.05,10.26,0.06,11.0,0.01,0.02,621.92867,1776344675000
1776344677.595,277.595,0.96,10.2,0.95,5.0,0.97,27.85,0.98,60.0,0.03,27.85,0.02,60.0,0.04,10.2,0.05,5.0,0.01,0.01,621.926259,1776344676000
1776344678.47,278.47,0.96,10.2,0.95,5.0,0.97,27.85,0.98,60.0,0.03,27.85,0.02,60.0,0.04,10.2,0.05,5.0,0.01,0.01,621.925954,1776344677000
1776344679.504,279.504,0.96,10.2,0.95,5.0,0.97,27.85,0.98,60.0,0.03,27.85,0.02,60.0,0.04,10.2,0.05,5.0,0.01,0.01,621.927958,1776344678000
1776344680.015,280.015,0.96,10.2,0.95,5.0,0.97,25.78,0.98,60.0,0.03,27.85,0.02,60.0,0.04,10.2,0.05,5.0,0.01,0.01,621.927958,1776344678000
1776344680.321,280.321,0.96,10.2,0.95,5.0,0.97,14.05,0.98,60.0,0.03,25.78,0.02,60.0,0.04,10.2,0.05,5.0,0.01,0.01,621.926385,1776344679000
1776344680.565,280.565,0.96,10.2,0.95,5.0,0.97,11.98,0.98,60.0,0.03,14.05,0.02,60.0,0.04,10.2,0.05,5.0,0.01,0.01,621.926385,1776344679000
1776344681.106,281.106,0.96,10.2,0.95,5.0,0.97,9.91,0.98,60.0,0.03,11.98,0.02,60.0,0.04,10.2,0.05,5.0,0.01,0.01,621.926385,1776344679000
1776344681.601,281.601,0.96,10.2,0.95,5.0,0.97,7.84,0.98,60.0,0.03,9.91,0.02,60.0,0.04,10.2,0.05,5.0,0.01,0.01,621.926385,1776344679000
1776344682.236,282.236,0.96,10.2,0.95,5.0,0.97,5.77,0.98,60.0,0.03,7.84,0.02,60.0,0.04,10.2,0.05,5.0,0.01,0.01,621.927122,1776344680000
1776344682.833,282.833,0.96,10.2,0.95,5.0,0.97,3.7,0.98,60.0,0.03,5.77,0.02,60.0,0.04,10.2,0.05,5.0,0.01,0.01,621.927122,1776344681000
1776344683.091,283.091,0.96,10.2,0.95,5.0,0.97,3.7,0.98,60.0,0.03,3.7,0.02,60.0,0.04,10.2,0.05,5.0,0.01,0.01,621.929301,1776344682000
1776344683.4,283.4,0.96,10.2,0.95,5.0,0.97,1.63,0.98,60.0,0.03,3.7,0.02,60.0,0.04,10.2,0.05,5.0,0.01,0.01,621.929301,1776344682000
1776344683.936,283.936,0.96,10.2,0.95,5.0,0.98,60.0,0.99,419.0,0.03,1.63,0.02,60.0,0.04,10.2,0.05,5.0,0.02,0.01,621.929301,1776344682000
1776344684.437,284.437,0.96,1.78,0.95,5.0,0.98,60.0,0.99,419.0,0.02,60.0,0.01,419.0,0.04,10.2,0.05,5.0,0.02,0.02,621.929301,1776344682000
1776344685.047,285.047,0.97,5.0,0.96,1.78,0.98,56.92,0.99,424.0,0.02,57.95,0.01,424.0,0.03,5.0,0.04,1.78,0.01,0.01,621.93391,1776344683000
1776344685.641,285.641,0.97,5.0,0.96,1.78,0.98,52.82,0.99,424.0,0.02,54.87,0.01,424.0,0.03,5.0,0.04,1.78,0.01,0.01,621.933048,1776344684000
1776344686.251,286.251,0.97,5.0,0.96,1.78,0.98,50.77,0.99,424.0,0.02,52.82,0.01,424.0,0.03,5.0,0.04,1.78,0.01,0.01,621.933048,1776344684000
1776344686.86,286.86,0.97,5.0,0.96,1.78,0.98,48.72,0.99,424.0,0.02,50.77,0.01,424.0,0.03,5.0,0.04,1.78,0.01,0.01,621.933048,1776344684000
1776344687.469,287.469,0.95,5.26,0.94,8.41,0.96,2.91,0.97,5.0,0.02,48.72,0.01,424.0,0.06,8.41,0.07,12.0,0.01,0.04,621.934009,1776344685000
1776344687.778,287.778,0.95,5.26,0.94,8.41,0.96,2.91,0.97,5.0,0.04,2.91,0.03,5.0,0.05,5.26,0.06,8.41,0.01,0.01,621.933962,1776344686000
1776344688.05,288.05,0.95,5.26,0.94,8.41,0.96,0.82,0.97,5.0,0.04,2.91,0.03,5.0,0.05,5.26,0.06,8.41,0.01,0.01,621.933962,1776344686000
1776344688.33,288.33,0.95,5.26,0.94,8.41,0.96,0.82,0.97,5.0,0.04,0.82,0.03,5.0,0.05,5.26,0.06,8.41,0.01,0.01,621.931614,1776344687000
1776344688.56,288.56,0.95,10.26,0.94,8.41,0.97,4.77,0.98,53.72,0.04,0.82,0.03,5.0,0.05,5.26,0.06,8.41,0.02,0.01,621.931614,1776344687000
1776344689.092,289.092,0.96,5.2,0.95,5.0,0.97,1.66,0.98,53.72,0.03,3.73,0.02,53.72,0.05,10.26,0.06,8.41,0.01,0.02,621.931614,1776344687000
1776344689.656,289.656,0.96,10.2,0.95,5.0,0.98,53.72,0.99,424.0,0.03,1.66,0.02,53.72,0.04,5.2,0.05,5.0,0.02,0.01,621.930946,1776344688000
1776344690.175,290.175,0.96,5.0,0.95,5.0,0.98,51.67,0.99,424.0,0.02,53.72,0.01,424.0,0.04,10.2,0.05,5.0,0.02,0.02,621.930946,1776344688000
1776344690.427,290.427,0.96,5.0,0.95,5.0,0.98,49.64,0.99,424.0,0.02,51.67,0.01,424.0,0.04,5.0,0.05,5.0,0.02,0.02,621.92838,1776344689000
1776344690.73,290.73,0.96,5.0,0.95,5.0,0.98,47.59,0.99,424.0,0.02,49.64,0.01,424.0,0.04,5.0,0.05,5.0,0.02,0.02,621.92838,1776344689000
1776344691.27,291.27,0.96,1.34,0.95,5.0,0.97,2.93,0.98,47.59,0.02,47.59,0.01,424.0,0.04,1.34,0.05,5.0,0.01,0.02,621.931219,1776344690000
1776344691.671,291.671,0.95,0.64,0.94,8.41,0.97,2.93,0.98,47.59,0.03,2.93,0.02,47.59,0.04,1.34,0.05,5.0,0.02,0.01,621.931219,1776344690000
1776344692.872,292.872,0.95,0.64,0.94,8.41,0.98,47.41,0.99,424.0,0.03,0.86,0.02,47.59,0.05,0.64,0.06,8.41,0.03,0.02,621.94205,1776344691000
1776344693.34,293.34,0.95,0.64,0.94,8.41,0.98,31.95,0.99,424.0,0.02,47.41,0.01,424.0,0.05,0.64,0.06,8.41,0.03,0.03,621.967277,1776344692000
1776344694.082,294.082,0.96,5.0,0.95,0.64,0.98,27.85,0.99,304.0,0.02,29.9,0.01,424.0,0.04,5.0,0.05,0.64,0.02,0.02,621.967277,1776344692000
1776344694.479,294.479,0.96,5.0,0.95,0.64,0.98,26.82,0.99,304.0,0.02,27.85,0.01,304.0,0.04,5.0,0.05,0.64,0.02,0.02,621.972,1776344693000
1776344695.076,295.076,0.96,5.0,0.95,0.64,0.98,16.44,0.99,304.0,0.02,17.47,0.01,304.0,0.04,5.0,0.05,0.64,0.02,0.02,621.972,1776344693000
1776344695.351,295.351,0.95,5.0,0.94,7.69,0.98,12.04,0.99,304.0,0.02,14.39,0.01,304.0,0.06,2.69,0.07,5.0,0.03,0.04,621.972,1776344694000
1776344695.751,295.751,0.96,5.0,0.95,5.0,0.98,7.93,0.99,304.0,0.02,9.98,0.01,304.0,0.04,5.0,0.05,5.0,0.02,0.02,621.972,1776344694000
1776344696.368,296.368,0.97,5.0,0.96,10.0,0.99,202.98,,,0.01,304.0,,,0.04,5.0,0.05,10.0,0.02,0.03,621.976,1776344695000
1776344696.792,296.792,0.97,5.0,0.96,5.0,0.99,188.67,,,0.01,193.72,,,0.03,5.0,0.04,10.0,0.02,0.02,621.976,1776344695000
1776344696.993,296.993,0.97,5.0,0.96,5.0,0.99,186.64,,,0.01,188.67,,,0.03,5.0,0.04,5.0,0.02,0.02,621.976,1776344695000
1776344697.314,297.314,0.97,5.0,0.96,5.0,0.99,149.26,,,0.01,186.64,,,0.03,5.0,0.04,5.0,0.02,0.02,621.971652,1776344696000
1776344697.532,297.532,0.97,5.0,0.96,5.0,,,,,0.01,4.15,,,0.03,5.0,0.04,5.0,,0.02,621.971652,1776344696000

# RESULT,winner=Up,slug=bnb-updown-5m-1776344400,ticks=345
