timestamp,elapsed_sec,up_bid_p1,up_bid_s1,up_bid_p2,up_bid_s2,up_ask_p1,up_ask_s1,up_ask_p2,up_ask_s2,down_bid_p1,down_bid_s1,down_bid_p2,down_bid_s2,down_ask_p1,down_ask_s1,down_ask_p2,down_ask_s2,up_spread,down_spread,bnb_price,bnb_oracle_ts
1776211501.267,1.267,,,,,,,,,,,,,,,,,,,615.522767,1776211500000
1776211501.501,1.501,0.33,300.0,0.31,375.0,0.67,300.0,0.69,375.0,0.33,300.0,0.31,375.0,0.67,300.0,0.69,375.0,0.34,0.34,615.522767,1776211500000
1776211501.819,1.819,0.33,300.0,0.31,375.0,0.67,300.0,0.69,375.0,0.33,300.0,0.31,375.0,0.67,300.0,0.69,375.0,0.34,0.34,615.522767,1776211500000
1776211502.899,2.899,0.33,300.0,0.31,375.0,0.67,300.0,0.69,375.0,0.33,300.0,0.31,375.0,0.67,300.0,0.69,375.0,0.34,0.34,615.366941,1776211501000
1776211503.672,3.672,0.33,300.0,0.31,375.0,0.67,300.0,0.69,375.0,0.33,300.0,0.31,375.0,0.67,300.0,0.69,375.0,0.34,0.34,615.28674,1776211502000
1776211504.406,4.406,0.33,300.0,0.31,375.0,0.67,300.0,0.69,375.0,0.33,300.0,0.31,375.0,0.67,300.0,0.69,375.0,0.34,0.34,615.253,1776211503000
1776211505.001,5.001,0.33,300.0,0.31,375.0,0.67,300.0,0.69,375.0,0.33,300.0,0.31,375.0,0.67,300.0,0.69,375.0,0.34,0.34,615.253,1776211504000
1776211505.274,5.274,0.32,10.0,0.27,457.0,0.49,53.0,0.5,5.0,0.33,300.0,0.31,375.0,0.67,300.0,0.69,375.0,0.17,0.34,615.253,1776211504000
1776211506.15,6.15,0.32,10.0,0.27,457.0,0.49,53.0,0.5,5.0,0.51,53.0,0.5,5.0,0.68,10.0,0.73,457.0,0.17,0.17,615.169143,1776211505000
1776211507.439,7.439,0.32,10.0,0.27,457.0,0.49,53.0,0.5,5.0,0.51,53.0,0.5,5.0,0.68,10.0,0.73,457.0,0.17,0.17,615.168553,1776211506000
1776211508.072,8.072,0.32,10.0,0.27,457.0,0.49,53.0,0.5,5.0,0.51,53.0,0.5,5.0,0.68,10.0,0.73,457.0,0.17,0.17,615.168918,1776211507000
1776211508.549,8.549,0.29,10.0,0.28,5.0,0.36,34.4,0.38,5.0,0.51,53.0,0.5,5.0,0.68,10.0,0.73,457.0,0.07,0.17,615.168918,1776211507000
1776211509.299,9.299,0.29,10.0,0.28,5.0,0.36,34.4,0.38,5.0,0.64,34.4,0.62,5.0,0.71,10.0,0.72,5.0,0.07,0.07,615.172258,1776211508000
1776211509.527,9.527,0.29,5.0,0.28,5.0,0.36,34.4,0.38,5.0,0.64,34.4,0.62,5.0,0.71,10.0,0.72,5.0,0.07,0.07,615.172258,1776211508000
1776211510.483,10.483,0.29,5.0,0.28,5.0,0.36,34.4,0.38,5.0,0.64,34.4,0.62,5.0,0.71,5.0,0.72,5.0,0.07,0.07,615.172141,1776211509000
1776211511.082,11.082,0.29,5.0,0.28,5.0,0.36,34.4,0.38,5.0,0.64,34.4,0.62,5.0,0.71,5.0,0.72,5.0,0.07,0.07,615.170188,1776211510000
1776211512.355,12.355,0.29,5.0,0.28,5.0,0.36,34.4,0.38,5.0,0.64,34.4,0.62,5.0,0.71,5.0,0.72,5.0,0.07,0.07,615.170302,1776211511000
1776211512.998,12.998,0.29,5.0,0.28,5.0,0.36,34.4,0.38,5.0,0.64,34.4,0.62,5.0,0.71,5.0,0.72,5.0,0.07,0.07,615.170315,1776211512000
1776211514.184,14.184,0.32,5.0,0.24,5.0,0.33,25.0,0.46,5.0,0.67,25.0,0.54,5.0,0.68,5.0,0.76,5.0,0.01,0.01,615.208335,1776211513000
1776211515.444,15.444,0.32,5.0,0.24,5.0,0.33,25.0,0.46,5.0,0.67,25.0,0.54,5.0,0.68,5.0,0.76,5.0,0.01,0.01,615.140535,1776211514000
1776211516.097,16.097,0.32,5.0,0.24,5.0,0.33,25.0,0.46,5.0,0.67,25.0,0.54,5.0,0.68,5.0,0.76,5.0,0.01,0.01,615.143984,1776211515000
1776211516.487,16.487,0.32,5.0,0.31,50.0,0.33,20.0,0.44,10.0,0.67,25.0,0.54,5.0,0.68,5.0,0.76,5.0,0.01,0.01,615.143984,1776211515000
1776211517.836,17.836,0.32,5.0,0.31,50.0,0.33,20.0,0.44,10.0,0.67,20.0,0.56,10.0,0.68,5.0,0.69,50.0,0.01,0.01,615.239,1776211516000
1776211518.386,18.386,0.32,15.0,0.31,55.0,0.33,14.84,0.42,5.0,0.67,14.84,0.58,5.0,0.68,15.0,0.69,55.0,0.01,0.01,615.282,1776211517000
1776211518.961,18.961,0.32,15.0,0.31,55.0,0.33,14.84,0.42,5.0,0.67,14.84,0.58,5.0,0.68,15.0,0.69,55.0,0.01,0.01,615.282,1776211518000
1776211519.224,19.224,0.35,5.0,0.32,10.0,0.45,15.0,0.47,5.0,0.67,14.84,0.58,5.0,0.68,15.0,0.69,55.0,0.1,0.01,615.282,1776211518000
1776211520.027,20.027,0.35,5.0,0.32,10.0,0.45,15.0,0.47,5.0,0.55,15.0,0.53,5.0,0.65,5.0,0.68,10.0,0.1,0.1,615.276,1776211519000
1776211521.052,21.052,0.35,5.0,0.32,10.0,0.45,15.0,0.47,5.0,0.55,15.0,0.53,5.0,0.65,5.0,0.68,10.0,0.1,0.1,615.276,1776211520000
1776211522.091,22.091,0.31,50.0,0.29,5.0,0.37,21.0,0.39,5.0,0.63,21.0,0.61,5.0,0.69,50.0,0.71,5.0,0.06,0.06,615.28263,1776211521000
1776211523.048,23.048,0.31,50.0,0.29,5.0,0.37,21.0,0.39,5.0,0.63,21.0,0.61,5.0,0.69,50.0,0.71,5.0,0.06,0.06,615.19389,1776211522000
1776211523.42,23.42,0.34,5.0,0.32,10.0,0.44,15.0,0.45,5.0,0.63,21.0,0.61,5.0,0.69,50.0,0.71,5.0,0.1,0.06,615.19389,1776211522000
1776211524.076,24.076,0.34,5.0,0.32,10.0,0.44,15.0,0.45,5.0,0.56,15.0,0.55,5.0,0.66,5.0,0.68,10.0,0.1,0.1,615.306,1776211523000
1776211525.163,25.163,0.34,5.0,0.32,10.0,0.44,15.0,0.45,5.0,0.56,15.0,0.55,5.0,0.66,5.0,0.68,10.0,0.1,0.1,615.325,1776211524000
1776211526.257,26.257,0.34,5.0,0.32,10.0,0.44,15.0,0.45,5.0,0.56,15.0,0.55,5.0,0.66,5.0,0.68,10.0,0.1,0.1,615.296,1776211525000
1776211527.242,27.242,0.34,5.0,0.32,10.0,0.44,15.0,0.45,5.0,0.56,15.0,0.55,5.0,0.66,5.0,0.68,10.0,0.1,0.1,615.297,1776211526000
1776211528.211,28.211,0.34,5.0,0.32,10.0,0.44,15.0,0.45,5.0,0.56,15.0,0.55,5.0,0.66,5.0,0.68,10.0,0.1,0.1,615.302,1776211527000
1776211529.145,29.145,0.34,5.0,0.32,10.0,0.44,15.0,0.45,5.0,0.56,15.0,0.55,5.0,0.66,5.0,0.68,10.0,0.1,0.1,615.309,1776211528000
1776211530.176,30.176,0.34,5.0,0.32,10.0,0.44,15.0,0.45,5.0,0.56,15.0,0.55,5.0,0.66,5.0,0.68,10.0,0.1,0.1,615.273,1776211529000
1776211530.419,30.419,0.28,5.0,0.26,5.0,0.36,16.0,0.39,5.0,0.56,15.0,0.55,5.0,0.66,5.0,0.68,10.0,0.08,0.1,615.273,1776211529000
1776211530.823,30.823,0.28,5.0,0.27,5.0,0.36,15.0,0.39,5.0,0.64,16.0,0.61,5.0,0.72,5.0,0.74,5.0,0.08,0.08,615.273,1776211529000
1776211531.185,31.185,0.28,5.0,0.27,5.0,0.36,15.0,0.39,5.0,0.64,15.0,0.61,5.0,0.72,5.0,0.73,5.0,0.08,0.08,615.245606,1776211530000
1776211532.37,32.37,0.28,5.0,0.27,5.0,0.36,15.0,0.39,5.0,0.64,15.0,0.61,5.0,0.72,5.0,0.73,5.0,0.08,0.08,615.178598,1776211531000
1776211532.896,32.896,0.28,5.0,0.27,5.0,0.36,15.0,0.39,5.0,0.64,15.0,0.61,5.0,0.72,5.0,0.73,5.0,0.08,0.08,615.178591,1776211532000
1776211534.742,34.742,0.28,5.0,0.27,5.0,0.36,15.0,0.39,5.0,0.64,15.0,0.61,5.0,0.72,5.0,0.73,5.0,0.08,0.08,615.187864,1776211533000
1776211535.199,35.199,0.28,5.0,0.27,5.0,0.36,15.0,0.39,5.0,0.64,15.0,0.61,5.0,0.72,5.0,0.73,5.0,0.08,0.08,615.185385,1776211534000
1776211536.465,36.465,0.28,5.0,0.27,5.0,0.36,15.0,0.39,5.0,0.64,15.0,0.61,5.0,0.72,5.0,0.73,5.0,0.08,0.08,615.185894,1776211535000
1776211537.048,37.048,0.28,5.0,0.27,5.0,0.36,15.0,0.39,5.0,0.64,15.0,0.61,5.0,0.72,5.0,0.73,5.0,0.08,0.08,615.2117,1776211536000
1776211538.079,38.079,0.28,5.0,0.27,5.0,0.36,15.0,0.39,5.0,0.64,15.0,0.61,5.0,0.72,5.0,0.73,5.0,0.08,0.08,615.219,1776211537000
1776211539.223,39.223,0.28,5.0,0.27,5.0,0.36,15.0,0.39,5.0,0.64,15.0,0.61,5.0,0.72,5.0,0.73,5.0,0.08,0.08,615.3,1776211538000
1776211540.663,40.663,0.28,5.0,0.27,5.0,0.36,15.0,0.39,5.0,0.64,15.0,0.61,5.0,0.72,5.0,0.73,5.0,0.08,0.08,615.37942,1776211539000
1776211541.196,41.196,0.28,5.0,0.27,5.0,0.36,15.0,0.39,5.0,0.64,15.0,0.61,5.0,0.72,5.0,0.73,5.0,0.08,0.08,615.407,1776211540000
1776211542.704,42.704,0.28,5.0,0.27,5.0,0.36,15.0,0.39,5.0,0.64,15.0,0.61,5.0,0.72,5.0,0.73,5.0,0.08,0.08,615.413,1776211541000
1776211543.273,43.273,0.28,5.0,0.27,5.0,0.36,15.0,0.39,5.0,0.64,15.0,0.61,5.0,0.72,5.0,0.73,5.0,0.08,0.08,615.42898,1776211542000
1776211544.796,44.796,0.28,5.0,0.27,5.0,0.36,15.0,0.39,5.0,0.64,15.0,0.61,5.0,0.72,5.0,0.73,5.0,0.08,0.08,615.429,1776211543000
1776211545.473,45.473,0.28,5.0,0.27,5.0,0.36,15.0,0.39,5.0,0.64,15.0,0.61,5.0,0.72,5.0,0.73,5.0,0.08,0.08,615.366,1776211544000
1776211546.278,46.278,0.28,5.0,0.27,5.0,0.36,15.0,0.39,5.0,0.64,15.0,0.61,5.0,0.72,5.0,0.73,5.0,0.08,0.08,615.375887,1776211545000
1776211546.994,46.994,0.44,5.0,0.43,5.0,0.62,5.0,0.67,6.06,0.51,5.0,0.44,5.0,0.56,10.0,0.57,5.0,0.18,0.05,615.375887,1776211545000
1776211547.891,47.891,0.44,5.0,0.43,5.0,0.62,5.0,0.67,6.06,0.38,5.0,0.33,6.06,0.56,5.0,0.57,5.0,0.18,0.18,615.419635,1776211546000
1776211548.902,48.902,0.44,5.0,0.43,5.0,0.62,5.0,0.67,6.06,0.38,5.0,0.33,6.06,0.56,5.0,0.57,5.0,0.18,0.18,615.513188,1776211547000
1776211549.451,49.451,0.44,5.0,0.43,5.0,0.62,5.0,0.67,6.06,0.38,5.0,0.33,6.06,0.56,5.0,0.57,5.0,0.18,0.18,615.618,1776211548000
1776211550.437,50.437,0.44,5.0,0.43,5.0,0.62,5.0,0.67,6.06,0.38,5.0,0.33,6.06,0.56,5.0,0.57,5.0,0.18,0.18,615.618,1776211549000
1776211550.669,50.669,0.6,5.0,0.51,50.0,0.61,5.0,0.71,12.6,0.38,5.0,0.33,6.06,0.56,5.0,0.57,5.0,0.01,0.18,615.618,1776211549000
1776211550.999,50.999,0.6,5.0,0.51,50.0,0.61,5.0,0.71,12.6,0.39,5.0,0.29,12.6,0.4,5.0,0.49,50.0,0.01,0.01,615.632,1776211550000
1776211552.457,52.457,0.52,10.0,0.51,50.0,0.7,10.0,0.71,12.6,0.3,10.0,0.29,12.6,0.48,10.0,0.49,50.0,0.18,0.18,615.69981,1776211551000
1776211553.27,53.27,0.52,10.0,0.51,50.0,0.7,10.0,0.71,12.6,0.3,10.0,0.29,12.6,0.48,10.0,0.49,50.0,0.18,0.18,615.700541,1776211552000
1776211554.025,54.025,0.52,10.0,0.51,50.0,0.7,10.0,0.71,12.6,0.3,10.0,0.29,12.6,0.48,10.0,0.49,50.0,0.18,0.18,615.698,1776211553000
1776211555.56,55.56,0.52,10.0,0.51,50.0,0.7,10.0,0.71,12.6,0.3,10.0,0.29,12.6,0.48,10.0,0.49,50.0,0.18,0.18,615.677005,1776211554000
1776211556.221,56.221,0.52,10.0,0.51,50.0,0.7,10.0,0.71,12.6,0.3,10.0,0.29,12.6,0.48,10.0,0.49,50.0,0.18,0.18,615.67192,1776211555000
1776211556.965,56.965,0.52,10.0,0.51,50.0,0.7,10.0,0.71,12.6,0.3,10.0,0.29,12.6,0.48,10.0,0.49,50.0,0.18,0.18,615.648478,1776211556000
1776211558.221,58.221,0.63,10.0,0.62,5.0,0.64,7.78,0.65,11.4,0.3,10.0,0.29,12.6,0.48,10.0,0.49,50.0,0.01,0.18,615.648478,1776211556000
1776211558.583,58.583,0.63,10.0,0.62,5.0,0.64,7.78,0.65,11.4,0.36,7.78,0.35,11.4,0.37,10.0,0.38,5.0,0.01,0.01,615.697,1776211557000
1776211559.278,59.278,0.63,44.0,0.52,20.0,0.64,2.7,0.72,12.9,0.36,2.7,0.28,12.9,0.37,44.0,0.48,20.0,0.01,0.01,615.702,1776211558000
1776211560.682,60.682,0.63,44.0,0.52,20.0,0.64,2.7,0.72,12.9,0.36,2.7,0.28,12.9,0.37,44.0,0.48,20.0,0.01,0.01,615.778673,1776211559000
1776211561.439,61.439,0.63,44.0,0.52,20.0,0.64,2.7,0.72,12.9,0.36,2.7,0.28,12.9,0.37,44.0,0.48,20.0,0.01,0.01,615.817981,1776211560000
1776211562.173,62.173,0.63,44.0,0.52,20.0,0.64,2.7,0.72,12.9,0.36,2.7,0.28,12.9,0.37,44.0,0.48,20.0,0.01,0.01,615.820618,1776211561000
1776211563.652,63.652,0.63,44.0,0.52,20.0,0.64,2.7,0.72,12.9,0.36,2.7,0.28,12.9,0.37,44.0,0.48,20.0,0.01,0.01,615.816833,1776211562000
1776211564.188,64.188,0.63,44.0,0.52,20.0,0.64,2.7,0.72,12.9,0.36,2.7,0.28,12.9,0.37,44.0,0.48,20.0,0.01,0.01,615.816353,1776211563000
1776211565.493,65.493,0.63,44.0,0.52,20.0,0.64,2.7,0.72,12.9,0.36,2.7,0.28,12.9,0.37,44.0,0.48,20.0,0.01,0.01,615.823564,1776211564000
1776211566.65,66.65,0.63,44.0,0.52,20.0,0.64,2.7,0.72,12.9,0.36,2.7,0.28,12.9,0.37,44.0,0.48,20.0,0.01,0.01,615.821956,1776211565000
1776211567.202,67.202,0.63,44.0,0.52,20.0,0.64,2.7,0.72,12.9,0.36,2.7,0.28,12.9,0.37,44.0,0.48,20.0,0.01,0.01,615.821956,1776211566000
1776211568.358,68.358,0.63,44.0,0.52,20.0,0.64,2.7,0.72,12.9,0.36,2.7,0.28,12.9,0.37,44.0,0.48,20.0,0.01,0.01,615.81946,1776211567000
1776211569.023,69.023,0.63,44.0,0.52,20.0,0.64,2.7,0.72,12.9,0.36,2.7,0.28,12.9,0.37,44.0,0.48,20.0,0.01,0.01,615.818527,1776211568000
1776211570.174,70.174,0.63,44.0,0.52,20.0,0.64,2.7,0.72,12.9,0.36,2.7,0.28,12.9,0.37,44.0,0.48,20.0,0.01,0.01,615.820443,1776211569000
1776211571.233,71.233,0.63,44.0,0.52,20.0,0.64,2.7,0.72,12.9,0.36,2.7,0.28,12.9,0.37,44.0,0.48,20.0,0.01,0.01,615.820435,1776211570000
1776211572.452,72.452,0.63,44.0,0.52,20.0,0.64,2.7,0.72,12.9,0.36,2.7,0.28,12.9,0.37,44.0,0.48,20.0,0.01,0.01,615.816885,1776211571000
1776211573.017,73.017,0.63,44.0,0.52,20.0,0.64,2.7,0.72,12.9,0.36,2.7,0.28,12.9,0.37,44.0,0.48,20.0,0.01,0.01,615.816885,1776211572000
1776211574.12,74.12,0.63,44.0,0.52,20.0,0.64,2.7,0.72,12.9,0.36,2.7,0.28,12.9,0.37,44.0,0.48,20.0,0.01,0.01,615.817641,1776211573000
1776211575.202,75.202,0.63,44.0,0.52,20.0,0.64,2.7,0.72,12.9,0.36,2.7,0.28,12.9,0.37,44.0,0.48,20.0,0.01,0.01,615.825963,1776211574000
1776211576.462,76.462,0.63,44.0,0.52,20.0,0.64,2.7,0.72,12.9,0.36,2.7,0.28,12.9,0.37,44.0,0.48,20.0,0.01,0.01,615.843044,1776211575000
1776211577.146,77.146,0.63,44.0,0.52,20.0,0.64,2.7,0.72,12.9,0.36,2.7,0.28,12.9,0.37,44.0,0.48,20.0,0.01,0.01,615.843044,1776211576000
1776211578.241,78.241,0.63,44.0,0.52,20.0,0.64,2.7,0.72,12.9,0.36,2.7,0.28,12.9,0.37,44.0,0.48,20.0,0.01,0.01,615.84318,1776211577000
1776211579.381,79.381,0.63,44.0,0.52,20.0,0.64,2.7,0.72,12.9,0.36,2.7,0.28,12.9,0.37,44.0,0.48,20.0,0.01,0.01,615.843,1776211578000
1776211579.996,79.996,0.63,44.0,0.52,20.0,0.64,2.7,0.72,12.9,0.36,2.7,0.28,12.9,0.37,44.0,0.48,20.0,0.01,0.01,615.844,1776211579000
1776211581.662,81.662,0.63,44.0,0.52,20.0,0.64,2.7,0.72,12.9,0.36,2.7,0.28,12.9,0.37,44.0,0.48,20.0,0.01,0.01,615.848,1776211580000
1776211582.36,82.36,0.63,44.0,0.52,20.0,0.64,2.7,0.72,12.9,0.36,2.7,0.28,12.9,0.37,44.0,0.48,20.0,0.01,0.01,615.8995,1776211581000
1776211583.113,83.113,0.63,44.0,0.52,20.0,0.64,2.7,0.72,12.9,0.36,2.7,0.28,12.9,0.37,44.0,0.48,20.0,0.01,0.01,615.899013,1776211582000
1776211584.322,84.322,0.63,94.2,0.62,11.0,0.77,14.7,0.78,15.2,0.23,14.7,0.22,15.2,0.37,94.2,0.38,11.0,0.14,0.14,615.8995,1776211583000
1776211585.62,85.62,0.63,94.2,0.62,11.0,0.77,14.7,0.78,15.2,0.23,14.7,0.22,15.2,0.37,94.2,0.38,11.0,0.14,0.14,615.96,1776211584000
1776211586.213,86.213,0.63,94.2,0.62,11.0,0.77,14.7,0.78,15.2,0.23,14.7,0.22,15.2,0.37,94.2,0.38,11.0,0.14,0.14,615.96,1776211585000
1776211587.233,87.233,0.81,61.0,0.8,11.0,0.83,15.99,0.84,19.3,0.23,14.7,0.22,15.2,0.37,94.2,0.38,11.0,0.02,0.14,615.96,1776211585000
1776211587.456,87.456,0.81,61.0,0.8,11.0,0.83,15.99,0.84,19.3,0.17,15.99,0.16,19.3,0.19,61.0,0.2,11.0,0.02,0.02,615.99,1776211586000
1776211588.09,88.09,0.82,10.0,0.81,5.0,0.83,10.99,0.84,19.3,0.17,10.99,0.16,19.3,0.18,10.0,0.19,5.0,0.01,0.01,615.99647,1776211587000
1776211589.353,89.353,0.82,10.0,0.81,5.0,0.83,10.99,0.84,19.3,0.17,10.99,0.16,19.3,0.18,10.0,0.19,5.0,0.01,0.01,616.103,1776211588000
1776211589.555,89.555,0.82,49.0,0.81,5.0,0.83,4.91,0.84,19.3,0.17,10.99,0.16,19.3,0.18,10.0,0.19,5.0,0.01,0.01,616.103,1776211588000
1776211589.956,89.956,0.83,6.08,0.82,49.0,0.84,19.3,0.85,20.39,0.16,19.3,0.15,20.39,0.17,6.08,0.18,49.0,0.01,0.01,616.103,1776211589000
1776211590.351,90.351,0.83,6.08,0.82,49.0,0.84,18.1,0.85,20.39,0.16,19.3,0.15,20.39,0.17,6.08,0.18,49.0,0.01,0.01,616.103,1776211589000
1776211591.308,91.308,0.83,6.08,0.82,49.0,0.84,18.1,0.85,20.39,0.16,18.1,0.15,20.39,0.17,6.08,0.18,49.0,0.01,0.01,616.056446,1776211590000
1776211592.445,92.445,0.83,6.08,0.82,49.0,0.84,18.1,0.85,20.39,0.16,18.1,0.15,20.39,0.17,6.08,0.18,49.0,0.01,0.01,616.017137,1776211591000
1776211593.06,93.06,0.83,6.08,0.82,49.0,0.84,18.1,0.85,20.39,0.16,18.1,0.15,20.39,0.17,6.08,0.18,49.0,0.01,0.01,616.017137,1776211592000
1776211593.842,93.842,0.83,6.08,0.82,59.0,0.85,20.39,0.86,21.6,0.16,18.1,0.15,20.39,0.17,6.08,0.18,49.0,0.02,0.01,616.017137,1776211592000
1776211594.561,94.561,0.83,6.08,0.82,59.0,0.85,20.39,0.86,21.6,0.15,20.39,0.14,21.6,0.17,6.08,0.18,59.0,0.02,0.02,616.069,1776211593000
1776211595.34,95.34,0.83,6.08,0.82,59.0,0.85,20.39,0.86,21.6,0.15,20.39,0.14,21.6,0.17,6.08,0.18,59.0,0.02,0.02,616.074,1776211594000
1776211596.012,96.012,0.83,6.08,0.82,59.0,0.85,20.39,0.86,21.6,0.15,20.39,0.14,21.6,0.17,6.08,0.18,59.0,0.02,0.02,616.074,1776211595000
1776211597.195,97.195,0.83,6.08,0.82,59.0,0.85,20.39,0.86,21.6,0.15,20.39,0.14,21.6,0.17,6.08,0.18,59.0,0.02,0.02,616.166,1776211596000
1776211598.348,98.348,0.83,6.08,0.82,59.0,0.85,20.39,0.86,21.6,0.15,20.39,0.14,21.6,0.17,6.08,0.18,59.0,0.02,0.02,616.150802,1776211597000
1776211598.844,98.844,0.83,6.08,0.82,59.0,0.85,20.39,0.86,21.6,0.15,20.39,0.14,21.6,0.17,6.08,0.18,59.0,0.02,0.02,616.150777,1776211598000
1776211599.834,99.834,0.83,6.08,0.82,59.0,0.85,20.39,0.86,21.6,0.15,20.39,0.14,21.6,0.17,6.08,0.18,59.0,0.02,0.02,616.108,1776211599000
1776211600.264,100.264,0.84,50.0,0.83,6.08,0.85,20.39,0.86,21.6,0.15,20.39,0.14,21.6,0.17,6.08,0.18,59.0,0.01,0.02,616.108,1776211599000
1776211600.895,100.895,0.84,50.0,0.83,6.08,0.85,20.39,0.86,21.6,0.15,20.39,0.14,21.6,0.16,50.0,0.17,6.08,0.01,0.01,616.103576,1776211600000
1776211601.936,101.936,0.8,6.0,0.76,10.0,0.81,43.92,0.85,20.39,0.19,43.92,0.15,20.39,0.2,6.0,0.24,10.0,0.01,0.01,616.075978,1776211601000
1776211602.56,102.56,0.8,6.0,0.76,10.0,0.81,42.56,0.82,17.6,0.19,43.92,0.15,20.39,0.2,6.0,0.24,10.0,0.01,0.01,616.075978,1776211601000
1776211602.942,102.942,0.8,6.0,0.76,10.0,0.81,42.56,0.82,17.6,0.19,42.56,0.18,17.6,0.2,6.0,0.24,10.0,0.01,0.01,615.950644,1776211602000
1776211603.205,103.205,0.76,10.0,0.63,10.0,0.81,16.89,0.82,17.6,0.19,42.56,0.18,17.6,0.2,6.0,0.24,10.0,0.05,0.01,615.950644,1776211602000
1776211603.955,103.955,0.76,10.0,0.63,10.0,0.81,16.89,0.82,17.6,0.19,16.89,0.18,17.6,0.24,10.0,0.37,10.0,0.05,0.05,615.889,1776211603000
1776211604.898,104.898,0.76,10.0,0.63,10.0,0.81,16.89,0.82,17.6,0.19,16.89,0.18,17.6,0.24,10.0,0.37,10.0,0.05,0.05,615.885,1776211604000
1776211605.833,105.833,0.76,10.0,0.63,10.0,0.81,16.89,0.82,17.6,0.19,16.89,0.18,17.6,0.24,10.0,0.37,10.0,0.05,0.05,615.909,1776211605000
1776211606.859,106.859,0.76,10.0,0.63,10.0,0.81,16.89,0.82,17.6,0.19,16.89,0.18,17.6,0.24,10.0,0.37,10.0,0.05,0.05,615.893,1776211606000
1776211607.828,107.828,0.76,10.0,0.63,10.0,0.81,16.89,0.82,17.6,0.19,16.89,0.18,17.6,0.24,10.0,0.37,10.0,0.05,0.05,615.929,1776211607000
1776211608.784,108.784,0.76,10.0,0.63,10.0,0.81,16.89,0.82,17.6,0.19,16.89,0.18,17.6,0.24,10.0,0.37,10.0,0.05,0.05,615.923876,1776211608000
1776211610.296,110.296,0.76,10.0,0.63,10.0,0.81,16.89,0.82,17.6,0.19,16.89,0.18,17.6,0.24,10.0,0.37,10.0,0.05,0.05,615.919932,1776211609000
1776211611.369,111.369,0.76,10.0,0.63,10.0,0.81,16.89,0.82,17.6,0.19,16.89,0.18,17.6,0.24,10.0,0.37,10.0,0.05,0.05,615.919872,1776211610000
1776211612.297,112.297,0.76,10.0,0.63,10.0,0.81,16.89,0.82,17.6,0.19,16.89,0.18,17.6,0.24,10.0,0.37,10.0,0.05,0.05,615.920828,1776211611000
1776211613.612,113.612,0.76,10.0,0.63,10.0,0.81,16.89,0.82,17.6,0.19,16.89,0.18,17.6,0.24,10.0,0.37,10.0,0.05,0.05,615.919872,1776211612000
1776211614.519,114.519,0.76,10.0,0.63,10.0,0.81,16.89,0.82,17.6,0.19,16.89,0.18,17.6,0.24,10.0,0.37,10.0,0.05,0.05,615.91951,1776211613000
1776211615.256,115.256,0.76,10.0,0.63,10.0,0.81,16.89,0.82,17.6,0.19,16.89,0.18,17.6,0.24,10.0,0.37,10.0,0.05,0.05,615.920849,1776211614000
1776211616.607,116.607,0.76,10.0,0.63,10.0,0.81,16.89,0.82,17.6,0.19,16.89,0.18,17.6,0.24,10.0,0.37,10.0,0.05,0.05,615.909432,1776211615000
1776211617.264,117.264,0.76,10.0,0.63,10.0,0.81,16.89,0.82,17.6,0.19,16.89,0.18,17.6,0.24,10.0,0.37,10.0,0.05,0.05,615.909662,1776211616000
1776211617.784,117.784,0.66,75.3,0.65,11.4,0.83,18.39,0.84,19.3,0.19,16.89,0.18,17.6,0.24,10.0,0.37,10.0,0.17,0.05,615.909662,1776211616000
1776211618.483,118.483,0.66,75.3,0.65,11.4,0.83,18.39,0.84,19.3,0.17,18.39,0.16,19.3,0.34,75.3,0.35,11.4,0.17,0.17,615.918113,1776211617000
1776211619.104,119.104,0.66,75.3,0.65,11.4,0.83,18.39,0.84,19.3,0.17,18.39,0.16,19.3,0.34,75.3,0.35,11.4,0.17,0.17,615.918179,1776211618000
1776211620.399,120.399,0.66,75.3,0.65,11.4,0.83,18.39,0.84,19.3,0.17,18.39,0.16,19.3,0.34,75.3,0.35,11.4,0.17,0.17,615.997,1776211619000
1776211621.05,121.05,0.66,75.3,0.65,11.4,0.83,18.39,0.84,19.3,0.17,18.39,0.16,19.3,0.34,75.3,0.35,11.4,0.17,0.17,615.997,1776211620000
1776211622.384,122.384,0.66,75.3,0.65,11.4,0.83,18.39,0.84,19.3,0.17,18.39,0.16,19.3,0.34,75.3,0.35,11.4,0.17,0.17,616.009,1776211621000
1776211623.19,123.19,0.66,75.3,0.65,11.4,0.83,18.39,0.84,19.3,0.17,18.39,0.16,19.3,0.34,75.3,0.35,11.4,0.17,0.17,616.009,1776211622000
1776211624.518,124.518,0.66,75.3,0.65,11.4,0.83,18.39,0.84,19.3,0.17,18.39,0.16,19.3,0.34,75.3,0.35,11.4,0.17,0.17,616.013768,1776211623000
1776211625.197,125.197,0.66,75.3,0.65,11.4,0.83,18.39,0.84,19.3,0.17,18.39,0.16,19.3,0.34,75.3,0.35,11.4,0.17,0.17,616.018738,1776211624000
1776211626.729,126.729,0.66,75.3,0.65,11.4,0.83,18.39,0.84,19.3,0.17,18.39,0.16,19.3,0.34,75.3,0.35,11.4,0.17,0.17,616.023136,1776211625000
1776211627.345,127.345,0.66,75.3,0.65,11.4,0.83,18.39,0.84,19.3,0.17,18.39,0.16,19.3,0.34,75.3,0.35,11.4,0.17,0.17,616.023137,1776211626000
1776211628.037,128.037,0.66,75.3,0.65,11.4,0.83,18.39,0.84,19.3,0.17,18.39,0.16,19.3,0.34,75.3,0.35,11.4,0.17,0.17,616.02381,1776211627000
1776211628.851,128.851,0.66,75.3,0.65,11.4,0.83,18.39,0.84,19.3,0.17,18.39,0.16,19.3,0.34,75.3,0.35,11.4,0.17,0.17,616.085,1776211628000
1776211629.957,129.957,0.66,75.3,0.65,11.4,0.83,18.39,0.84,19.3,0.17,18.39,0.16,19.3,0.34,75.3,0.35,11.4,0.17,0.17,616.085,1776211629000
1776211631.085,131.085,0.66,75.3,0.65,11.4,0.83,18.39,0.84,19.3,0.17,18.39,0.16,19.3,0.34,75.3,0.35,11.4,0.17,0.17,616.082,1776211630000
1776211632.223,132.223,0.66,75.3,0.65,11.4,0.83,18.39,0.84,19.3,0.17,18.39,0.16,19.3,0.34,75.3,0.35,11.4,0.17,0.17,616.077976,1776211631000
1776211633.272,133.272,0.66,75.3,0.65,11.4,0.83,18.39,0.84,19.3,0.17,18.39,0.16,19.3,0.34,75.3,0.35,11.4,0.17,0.17,616.135686,1776211632000
1776211634.338,134.338,0.66,75.3,0.65,11.4,0.83,18.39,0.84,19.3,0.17,18.39,0.16,19.3,0.34,75.3,0.35,11.4,0.17,0.17,616.137914,1776211633000
1776211635.312,135.312,0.66,75.3,0.65,11.4,0.83,18.39,0.84,19.3,0.17,18.39,0.16,19.3,0.34,75.3,0.35,11.4,0.17,0.17,616.139214,1776211634000
1776211635.909,135.909,0.66,75.3,0.65,11.4,0.83,18.39,0.84,19.3,0.17,18.39,0.16,19.3,0.34,75.3,0.35,11.4,0.17,0.17,616.139895,1776211635000
1776211637.026,137.026,0.66,75.3,0.65,11.4,0.83,18.39,0.84,19.3,0.17,18.39,0.16,19.3,0.34,75.3,0.35,11.4,0.17,0.17,616.160877,1776211636000
1776211638.091,138.091,0.66,75.3,0.65,11.4,0.83,18.39,0.84,19.3,0.17,18.39,0.16,19.3,0.34,75.3,0.35,11.4,0.17,0.17,616.160232,1776211637000
1776211639.192,139.192,0.66,75.3,0.65,11.4,0.83,18.39,0.84,19.3,0.17,18.39,0.16,19.3,0.34,75.3,0.35,11.4,0.17,0.17,616.165232,1776211638000
1776211640.265,140.265,0.66,75.3,0.65,11.4,0.83,18.39,0.84,19.3,0.17,18.39,0.16,19.3,0.34,75.3,0.35,11.4,0.17,0.17,616.16986,1776211639000
1776211641.382,141.382,0.66,75.3,0.65,11.4,0.83,18.39,0.84,19.3,0.17,18.39,0.16,19.3,0.34,75.3,0.35,11.4,0.17,0.17,616.169772,1776211640000
1776211642.032,142.032,0.66,75.3,0.65,11.4,0.83,18.39,0.84,19.3,0.17,18.39,0.16,19.3,0.34,75.3,0.35,11.4,0.17,0.17,616.165396,1776211641000
1776211643.139,143.139,0.66,75.3,0.65,11.4,0.83,18.39,0.84,19.3,0.17,18.39,0.16,19.3,0.34,75.3,0.35,11.4,0.17,0.17,616.16523,1776211642000
1776211644.104,144.104,0.66,75.3,0.65,11.4,0.83,18.39,0.84,19.3,0.17,18.39,0.16,19.3,0.34,75.3,0.35,11.4,0.17,0.17,616.163514,1776211643000
1776211645.052,145.052,0.66,75.3,0.65,11.4,0.83,18.39,0.84,19.3,0.17,18.39,0.16,19.3,0.34,75.3,0.35,11.4,0.17,0.17,616.163514,1776211644000
1776211645.974,145.974,0.66,75.3,0.65,11.4,0.83,18.39,0.84,19.3,0.17,18.39,0.16,19.3,0.34,75.3,0.35,11.4,0.17,0.17,616.162185,1776211645000
1776211647.04,147.04,0.66,75.3,0.65,11.4,0.83,18.39,0.84,19.3,0.17,18.39,0.16,19.3,0.34,75.3,0.35,11.4,0.17,0.17,616.162187,1776211646000
1776211648.007,148.007,0.66,75.3,0.65,11.4,0.83,18.39,0.84,19.3,0.17,18.39,0.16,19.3,0.34,75.3,0.35,11.4,0.17,0.17,616.169,1776211647000
1776211649.113,149.113,0.66,75.3,0.65,11.4,0.83,18.39,0.84,19.3,0.17,18.39,0.16,19.3,0.34,75.3,0.35,11.4,0.17,0.17,616.167,1776211648000
1776211650.208,150.208,0.66,75.3,0.65,11.4,0.83,18.39,0.84,19.3,0.17,18.39,0.16,19.3,0.34,75.3,0.35,11.4,0.17,0.17,616.161326,1776211649000
1776211651.207,151.207,0.66,75.3,0.65,11.4,0.83,18.39,0.84,19.3,0.17,18.39,0.16,19.3,0.34,75.3,0.35,11.4,0.17,0.17,616.162661,1776211650000
1776211652.263,152.263,0.66,75.3,0.65,11.4,0.83,18.39,0.84,19.3,0.17,18.39,0.16,19.3,0.34,75.3,0.35,11.4,0.17,0.17,616.160535,1776211651000
1776211653.356,153.356,0.66,75.3,0.65,11.4,0.83,18.39,0.84,19.3,0.17,18.39,0.16,19.3,0.34,75.3,0.35,11.4,0.17,0.17,616.158582,1776211652000
1776211653.869,153.869,0.66,75.3,0.65,11.4,0.83,18.39,0.84,19.3,0.17,18.39,0.16,19.3,0.34,75.3,0.35,11.4,0.17,0.17,616.158582,1776211653000
1776211654.84,154.84,0.66,75.3,0.65,11.4,0.83,18.39,0.84,19.3,0.17,18.39,0.16,19.3,0.34,75.3,0.35,11.4,0.17,0.17,616.217,1776211654000
1776211656.392,156.392,0.66,75.3,0.65,11.4,0.83,18.39,0.84,19.3,0.17,18.39,0.16,19.3,0.34,75.3,0.35,11.4,0.17,0.17,616.224,1776211655000
1776211657.324,157.324,0.86,21.6,0.85,80.39,0.92,5.0,0.94,46.1,0.08,5.0,0.06,46.1,0.14,21.6,0.15,80.39,0.06,0.06,616.224,1776211656000
1776211658.039,158.039,0.86,21.6,0.85,80.39,0.92,5.0,0.94,46.1,0.08,5.0,0.06,46.1,0.14,21.6,0.15,80.39,0.06,0.06,616.237,1776211657000
1776211659.185,159.185,0.81,57.0,0.79,15.7,0.92,16.5,0.93,39.9,0.08,16.5,0.07,39.9,0.19,57.0,0.21,15.7,0.11,0.11,616.237,1776211658000
1776211659.526,159.526,0.81,65.0,0.79,15.7,0.92,16.5,0.93,39.9,0.08,16.5,0.07,39.9,0.19,57.0,0.21,15.7,0.11,0.11,616.237,1776211658000
1776211660.343,160.343,0.81,65.0,0.79,15.7,0.92,16.5,0.93,39.9,0.08,16.5,0.07,39.9,0.19,65.0,0.21,15.7,0.11,0.11,616.103137,1776211659000
1776211660.912,160.912,0.81,65.0,0.79,15.7,0.92,16.5,0.93,39.9,0.08,16.5,0.07,39.9,0.19,65.0,0.21,15.7,0.11,0.11,616.06748,1776211660000
1776211662.11,162.11,0.81,65.0,0.79,15.7,0.92,16.5,0.93,39.9,0.08,16.5,0.07,39.9,0.19,65.0,0.21,15.7,0.11,0.11,616.025237,1776211661000
1776211663.259,163.259,0.81,65.0,0.79,15.7,0.92,16.5,0.93,39.9,0.08,16.5,0.07,39.9,0.19,65.0,0.21,15.7,0.11,0.11,616.025,1776211662000
1776211664.364,164.364,0.81,65.0,0.79,15.7,0.92,16.5,0.93,39.9,0.08,16.5,0.07,39.9,0.19,65.0,0.21,15.7,0.11,0.11,615.92307,1776211663000
1776211664.597,164.597,0.71,50.0,0.68,11.9,0.86,21.6,0.87,23.0,0.08,16.5,0.07,39.9,0.19,65.0,0.21,15.7,0.15,0.11,615.92307,1776211663000
1776211665.034,165.034,0.71,50.0,0.68,11.9,0.86,21.6,0.87,23.0,0.14,21.6,0.13,23.0,0.29,50.0,0.32,11.9,0.15,0.15,615.925255,1776211664000
1776211666.315,166.315,0.71,50.0,0.68,11.9,0.86,21.6,0.87,23.0,0.14,21.6,0.13,23.0,0.29,50.0,0.32,11.9,0.15,0.15,615.929408,1776211665000
1776211667.41,167.41,0.71,50.0,0.68,11.9,0.86,21.6,0.87,23.0,0.14,21.6,0.13,23.0,0.29,50.0,0.32,11.9,0.15,0.15,615.929462,1776211666000
1776211668.05,168.05,0.71,50.0,0.68,11.9,0.86,21.6,0.87,23.0,0.14,21.6,0.13,23.0,0.29,50.0,0.32,11.9,0.15,0.15,615.928163,1776211667000
1776211669.132,169.132,0.71,50.0,0.68,11.9,0.86,21.6,0.87,23.0,0.14,21.6,0.13,23.0,0.29,50.0,0.32,11.9,0.15,0.15,615.983,1776211668000
1776211670.287,170.287,0.71,50.0,0.68,11.9,0.86,21.6,0.87,23.0,0.14,21.6,0.13,23.0,0.29,50.0,0.32,11.9,0.15,0.15,615.990608,1776211669000
1776211670.877,170.877,0.71,50.0,0.68,11.9,0.86,21.6,0.87,23.0,0.14,21.6,0.13,23.0,0.29,50.0,0.32,11.9,0.15,0.15,615.988552,1776211670000
1776211671.994,171.994,0.71,50.0,0.68,11.9,0.86,21.6,0.87,23.0,0.14,21.6,0.13,23.0,0.29,50.0,0.32,11.9,0.15,0.15,615.990608,1776211671000
1776211673.124,173.124,0.71,50.0,0.68,11.9,0.86,21.6,0.87,23.0,0.14,21.6,0.13,23.0,0.29,50.0,0.32,11.9,0.15,0.15,615.986268,1776211672000
1776211674.149,174.149,0.71,50.0,0.68,11.9,0.86,21.6,0.87,23.0,0.14,21.6,0.13,23.0,0.29,50.0,0.32,11.9,0.15,0.15,615.988432,1776211673000
1776211675.167,175.167,0.71,50.0,0.68,11.9,0.86,21.6,0.87,23.0,0.14,21.6,0.13,23.0,0.29,50.0,0.32,11.9,0.15,0.15,615.993469,1776211674000
1776211676.256,176.256,0.71,50.0,0.68,11.9,0.86,21.6,0.87,23.0,0.14,21.6,0.13,23.0,0.29,50.0,0.32,11.9,0.15,0.15,616.013,1776211675000
1776211677.206,177.206,0.71,50.0,0.68,11.9,0.86,21.6,0.87,23.0,0.14,21.6,0.13,23.0,0.29,50.0,0.32,11.9,0.15,0.15,615.999,1776211676000
1776211678.367,178.367,0.71,50.0,0.68,11.9,0.86,21.6,0.87,23.0,0.14,21.6,0.13,23.0,0.29,50.0,0.32,11.9,0.15,0.15,616.007,1776211677000
1776211678.867,178.867,0.71,50.0,0.68,11.9,0.86,21.6,0.87,23.0,0.14,21.6,0.13,23.0,0.29,50.0,0.32,11.9,0.15,0.15,615.996,1776211678000
1776211679.862,179.862,0.71,50.0,0.68,11.9,0.86,21.6,0.87,23.0,0.14,21.6,0.13,23.0,0.29,50.0,0.32,11.9,0.15,0.15,615.996,1776211679000
1776211680.993,180.993,0.71,50.0,0.68,11.9,0.86,21.6,0.87,23.0,0.14,21.6,0.13,23.0,0.29,50.0,0.32,11.9,0.15,0.15,616.058,1776211680000
1776211682.016,182.016,0.71,50.0,0.68,11.9,0.86,21.6,0.87,23.0,0.14,21.6,0.13,23.0,0.29,50.0,0.32,11.9,0.15,0.15,616.076,1776211681000
1776211683.188,183.188,0.71,50.0,0.68,11.9,0.86,21.6,0.87,23.0,0.14,21.6,0.13,23.0,0.29,50.0,0.32,11.9,0.15,0.15,616.125,1776211682000
1776211684.131,184.131,0.87,43.0,0.86,21.6,0.94,7.87,0.95,54.7,0.14,21.6,0.13,23.0,0.29,50.0,0.32,11.9,0.07,0.15,616.125,1776211682000
1776211685.745,185.745,0.87,43.0,0.86,21.6,0.94,7.87,0.95,54.7,0.06,7.87,0.05,54.7,0.13,43.0,0.14,21.6,0.07,0.07,616.198037,1776211684000
1776211686.318,186.318,0.87,43.0,0.86,21.6,0.94,7.87,0.95,54.7,0.06,7.87,0.05,54.7,0.13,43.0,0.14,21.6,0.07,0.07,616.195036,1776211685000
1776211687.331,187.331,0.87,43.0,0.86,21.6,0.94,7.87,0.95,54.7,0.06,7.87,0.05,54.7,0.13,43.0,0.14,21.6,0.07,0.07,616.195036,1776211686000
1776211687.944,187.944,0.87,43.0,0.86,21.6,0.94,7.87,0.95,54.7,0.06,7.87,0.05,54.7,0.13,43.0,0.14,21.6,0.07,0.07,616.196019,1776211687000
1776211688.976,188.976,0.87,43.0,0.86,21.6,0.94,7.87,0.95,54.7,0.06,7.87,0.05,54.7,0.13,43.0,0.14,21.6,0.07,0.07,616.196019,1776211688000
1776211689.948,189.948,0.87,43.0,0.86,21.6,0.94,7.87,0.95,54.7,0.06,7.87,0.05,54.7,0.13,43.0,0.14,21.6,0.07,0.07,616.194791,1776211689000
1776211691.088,191.088,0.87,43.0,0.86,21.6,0.94,7.87,0.95,54.7,0.06,7.87,0.05,54.7,0.13,43.0,0.14,21.6,0.07,0.07,616.194873,1776211690000
1776211692.014,192.014,0.87,43.0,0.86,21.6,0.94,7.87,0.95,54.7,0.06,7.87,0.05,54.7,0.13,43.0,0.14,21.6,0.07,0.07,616.230853,1776211691000
1776211693.013,193.013,0.87,43.0,0.86,21.6,0.94,7.87,0.95,54.7,0.06,7.87,0.05,54.7,0.13,43.0,0.14,21.6,0.07,0.07,616.230918,1776211692000
1776211694.038,194.038,0.87,43.0,0.86,21.6,0.94,7.87,0.95,54.7,0.06,7.87,0.05,54.7,0.13,43.0,0.14,21.6,0.07,0.07,616.23446,1776211693000
1776211694.417,194.417,0.92,54.29,0.91,31.7,0.97,32.32,0.98,151.69,0.06,7.87,0.05,54.7,0.13,43.0,0.14,21.6,0.05,0.07,616.23446,1776211693000
1776211694.974,194.974,0.92,54.29,0.91,31.7,0.97,32.32,0.98,151.69,0.03,32.32,0.02,151.69,0.08,54.29,0.09,31.7,0.05,0.05,616.270992,1776211694000
1776211696.016,196.016,0.92,54.29,0.91,31.7,0.97,32.32,0.98,151.69,0.03,32.32,0.02,151.69,0.08,54.29,0.09,31.7,0.05,0.05,616.274612,1776211695000
1776211697.079,197.079,0.92,54.29,0.91,31.7,0.97,32.32,0.98,151.69,0.03,32.32,0.02,151.69,0.08,54.29,0.09,31.7,0.05,0.05,616.295879,1776211696000
1776211698.089,198.089,0.92,54.29,0.91,31.7,0.97,32.32,0.98,151.69,0.03,32.32,0.02,151.69,0.08,54.29,0.09,31.7,0.05,0.05,616.297883,1776211697000
1776211699.227,199.227,0.92,54.29,0.91,31.7,0.97,32.32,0.98,151.69,0.03,32.32,0.02,151.69,0.08,54.29,0.09,31.7,0.05,0.05,616.297828,1776211698000
1776211700.518,200.518,0.92,54.29,0.91,31.7,0.97,32.32,0.98,151.69,0.03,32.32,0.02,151.69,0.08,54.29,0.09,31.7,0.05,0.05,616.296003,1776211699000
1776211701.072,201.072,0.92,54.29,0.91,31.7,0.97,32.32,0.98,151.69,0.03,32.32,0.02,151.69,0.08,54.29,0.09,31.7,0.05,0.05,616.295364,1776211700000
1776211701.857,201.857,0.93,56.28,0.92,35.29,0.97,30.25,0.98,142.69,0.03,32.32,0.02,151.69,0.08,54.29,0.09,31.7,0.04,0.05,616.295364,1776211700000
1776211702.279,202.279,0.93,56.28,0.92,35.29,0.97,30.25,0.98,142.69,0.03,30.25,0.02,142.69,0.07,56.28,0.08,35.29,0.04,0.04,616.29329,1776211701000
1776211703.429,203.429,0.93,56.28,0.92,35.29,0.97,30.25,0.98,142.69,0.03,30.25,0.02,142.69,0.07,56.28,0.08,35.29,0.04,0.04,616.302713,1776211702000
1776211704.106,204.106,0.93,56.28,0.92,35.29,0.97,30.25,0.98,142.69,0.03,30.25,0.02,142.69,0.07,56.28,0.08,35.29,0.04,0.04,616.30478,1776211703000
1776211705.001,205.001,0.94,46.1,0.93,56.28,0.97,28.18,0.98,142.69,0.03,30.25,0.02,142.69,0.07,56.28,0.08,35.29,0.03,0.04,616.30478,1776211703000
1776211705.239,205.239,0.94,46.1,0.93,56.28,0.97,28.18,0.98,142.69,0.03,28.18,0.02,142.69,0.06,46.1,0.07,56.28,0.03,0.03,616.306101,1776211704000
1776211705.448,205.448,0.94,46.1,0.93,56.28,0.97,14.09,0.98,142.69,0.03,28.18,0.02,142.69,0.06,46.1,0.07,56.28,0.03,0.03,616.306101,1776211704000
1776211706.352,206.352,0.94,46.1,0.93,56.28,0.97,14.09,0.98,142.69,0.03,14.09,0.02,142.69,0.06,46.1,0.07,56.28,0.03,0.03,616.315659,1776211705000
1776211706.908,206.908,0.94,46.1,0.93,56.28,0.97,14.09,0.98,142.69,0.03,14.09,0.02,142.69,0.06,46.1,0.07,56.28,0.03,0.03,616.315718,1776211706000
1776211707.11,207.11,0.94,46.1,0.93,56.28,0.97,7.05,0.98,142.69,0.03,14.09,0.02,142.69,0.06,46.1,0.07,56.28,0.03,0.03,616.315718,1776211706000
1776211708.1,208.1,0.94,46.1,0.93,56.28,0.97,7.05,0.98,142.69,0.03,7.05,0.02,142.69,0.06,46.1,0.07,56.28,0.03,0.03,616.313037,1776211707000
1776211708.422,208.422,0.94,46.1,0.93,50.9,0.98,142.69,0.99,448.6,0.03,7.05,0.02,142.69,0.06,46.1,0.07,56.28,0.04,0.03,616.313037,1776211707000
1776211709.155,209.155,0.94,46.1,0.93,50.9,0.98,142.69,0.99,448.6,0.02,142.69,0.01,448.6,0.06,46.1,0.07,50.9,0.04,0.04,616.311403,1776211708000
1776211710.187,210.187,0.94,46.1,0.93,50.9,0.98,142.69,0.99,448.6,0.02,142.69,0.01,448.6,0.06,46.1,0.07,50.9,0.04,0.04,616.313987,1776211709000
1776211710.626,210.626,0.94,46.1,0.93,50.9,0.98,91.69,0.99,448.6,0.02,142.69,0.01,448.6,0.06,46.1,0.07,50.9,0.04,0.04,616.313987,1776211709000
1776211711.244,211.244,0.94,46.1,0.93,50.9,0.98,83.69,0.99,448.6,0.02,83.69,0.01,448.6,0.06,46.1,0.07,50.9,0.04,0.04,616.314219,1776211710000
1776211712.376,212.376,0.94,46.1,0.93,50.9,0.98,83.69,0.99,448.6,0.02,83.69,0.01,448.6,0.06,46.1,0.07,50.9,0.04,0.04,616.314219,1776211711000
1776211712.889,212.889,0.94,46.1,0.93,50.9,0.98,83.69,0.99,448.6,0.02,83.69,0.01,448.6,0.06,46.1,0.07,50.9,0.04,0.04,616.316909,1776211712000
1776211713.331,213.331,0.94,46.1,0.93,50.9,0.98,81.69,0.99,448.6,0.02,83.69,0.01,448.6,0.06,46.1,0.07,50.9,0.04,0.04,616.316909,1776211712000
1776211714.307,214.307,0.94,46.1,0.93,50.9,0.98,81.69,0.99,448.6,0.02,81.69,0.01,448.6,0.06,46.1,0.07,50.9,0.04,0.04,616.316421,1776211713000
1776211714.831,214.831,0.94,46.1,0.93,50.9,0.98,81.69,0.99,448.6,0.02,81.69,0.01,448.6,0.06,46.1,0.07,50.9,0.04,0.04,616.316421,1776211714000
1776211716.534,216.534,0.94,46.1,0.93,50.9,0.98,81.69,0.99,448.6,0.02,81.69,0.01,448.6,0.06,46.1,0.07,50.9,0.04,0.04,616.316426,1776211715000
1776211717.052,217.052,0.94,46.1,0.93,50.9,0.98,81.69,0.99,448.6,0.02,81.69,0.01,448.6,0.06,46.1,0.07,50.9,0.04,0.04,616.315056,1776211716000
1776211718.261,218.261,0.94,46.1,0.93,50.9,0.98,81.69,0.99,448.6,0.02,81.69,0.01,448.6,0.06,46.1,0.07,50.9,0.04,0.04,616.316142,1776211717000
1776211719.366,219.366,0.94,46.1,0.93,50.9,0.98,81.69,0.99,448.6,0.02,81.69,0.01,448.6,0.06,46.1,0.07,50.9,0.04,0.04,616.316141,1776211718000
1776211720.3,220.3,0.94,46.1,0.93,50.9,0.98,81.69,0.99,448.6,0.02,81.69,0.01,448.6,0.06,46.1,0.07,50.9,0.04,0.04,616.319564,1776211719000
1776211721.288,221.288,0.94,46.1,0.93,50.9,0.98,81.69,0.99,448.6,0.02,81.69,0.01,448.6,0.06,46.1,0.07,50.9,0.04,0.04,616.334657,1776211720000
1776211721.751,221.751,0.94,46.1,0.93,50.9,0.98,81.69,0.99,448.6,0.02,81.69,0.01,448.6,0.06,46.1,0.07,50.9,0.04,0.04,616.357242,1776211721000
1776211722.901,222.901,0.97,94.3,0.96,67.7,0.99,438.49,,,0.02,81.69,0.01,448.6,0.06,46.1,0.07,50.9,0.02,0.04,616.357242,1776211721000
1776211723.161,223.161,0.97,94.3,0.96,67.7,0.99,438.49,,,0.01,438.49,,,0.03,94.3,0.04,67.7,0.02,0.02,616.362117,1776211722000
1776211724.454,224.454,0.97,94.3,0.96,67.7,0.99,433.49,,,0.01,433.49,,,0.03,94.3,0.04,67.7,0.02,0.02,616.359384,1776211723000
1776211724.953,224.953,0.99,829.11,0.97,94.3,,,,,0.01,433.49,,,0.03,94.3,0.04,67.7,,0.02,616.359384,1776211723000
1776211725.351,225.351,0.99,826.48,0.97,94.3,,,,,,,,,0.01,829.11,0.03,94.3,,,616.355545,1776211724000
1776211726.165,226.165,0.99,824.32,0.97,94.3,,,,,,,,,0.01,824.32,0.03,94.3,,,616.357829,1776211725000
1776211727.228,227.228,0.99,824.32,0.97,94.3,,,,,,,,,0.01,824.32,0.03,94.3,,,616.438654,1776211726000
1776211727.467,227.467,0.99,838.84,0.97,94.3,,,,,,,,,0.01,824.32,0.03,94.3,,,616.438654,1776211726000
1776211728.226,228.226,0.99,838.84,0.97,94.3,,,,,,,,,0.01,838.84,0.03,94.3,,,616.445596,1776211727000
1776211729.282,229.282,0.99,838.84,0.97,94.3,,,,,,,,,0.01,838.84,0.03,94.3,,,616.392466,1776211728000
1776211729.827,229.827,0.99,838.84,0.97,94.3,,,,,,,,,0.01,838.84,0.03,94.3,,,616.392466,1776211729000
1776211730.918,230.918,0.99,838.84,0.97,94.3,,,,,,,,,0.01,838.84,0.03,94.3,,,616.392506,1776211730000
1776211731.979,231.979,0.99,838.84,0.97,94.3,,,,,,,,,0.01,838.84,0.03,94.3,,,616.392467,1776211731000
1776211733.059,233.059,0.99,838.84,0.97,94.3,,,,,,,,,0.01,838.84,0.03,94.3,,,616.391383,1776211732000
1776211734.091,234.091,0.99,838.84,0.97,94.3,,,,,,,,,0.01,838.84,0.03,94.3,,,616.390065,1776211733000
1776211735.221,235.221,0.99,838.84,0.97,94.3,,,,,,,,,0.01,838.84,0.03,94.3,,,616.389906,1776211734000
1776211736.219,236.219,0.99,838.84,0.97,94.3,,,,,,,,,0.01,838.84,0.03,94.3,,,616.389905,1776211735000
1776211737.513,237.513,0.99,838.84,0.97,94.3,,,,,,,,,0.01,838.84,0.03,94.3,,,616.393221,1776211736000
1776211738.011,238.011,0.99,838.84,0.97,94.3,,,,,,,,,0.01,838.84,0.03,94.3,,,616.393206,1776211737000
1776211739.0,239.0,0.99,838.84,0.97,94.3,,,,,,,,,0.01,838.84,0.03,94.3,,,616.392727,1776211738000
1776211740.109,240.109,0.99,838.84,0.97,94.3,,,,,,,,,0.01,838.84,0.03,94.3,,,616.364623,1776211739000
1776211741.076,241.076,0.99,838.84,0.97,94.3,,,,,,,,,0.01,838.84,0.03,94.3,,,616.355746,1776211740000
1776211742.187,242.187,0.99,838.84,0.97,94.3,,,,,,,,,0.01,838.84,0.03,94.3,,,616.312652,1776211741000
1776211743.126,243.126,0.99,838.84,0.97,94.3,,,,,,,,,0.01,838.84,0.03,94.3,,,616.295875,1776211742000
1776211744.026,244.026,0.99,838.84,0.97,94.3,,,,,,,,,0.01,838.84,0.03,94.3,,,616.293187,1776211743000
1776211745.062,245.062,0.99,838.84,0.97,94.3,,,,,,,,,0.01,838.84,0.03,94.3,,,616.231861,1776211744000
1776211746.025,246.025,0.99,838.84,0.97,94.3,,,,,,,,,0.01,838.84,0.03,94.3,,,616.215802,1776211745000
1776211747.059,247.059,0.99,838.84,0.97,94.3,,,,,,,,,0.01,838.84,0.03,94.3,,,616.217963,1776211746000
1776211747.893,247.893,0.99,838.84,0.97,94.3,,,,,,,,,0.01,838.84,0.03,94.3,,,616.218053,1776211747000
1776211748.855,248.855,0.99,838.84,0.97,94.3,,,,,,,,,0.01,838.84,0.03,94.3,,,616.220033,1776211748000
1776211749.862,249.862,0.99,838.84,0.97,94.3,,,,,,,,,0.01,838.84,0.03,94.3,,,616.220033,1776211749000
1776211750.908,250.908,0.99,838.84,0.97,94.3,,,,,,,,,0.01,838.84,0.03,94.3,,,616.222447,1776211750000
1776211751.914,251.914,0.99,838.84,0.97,94.3,,,,,,,,,0.01,838.84,0.03,94.3,,,616.225284,1776211751000
1776211753.243,253.243,0.99,838.84,0.97,94.3,,,,,,,,,0.01,838.84,0.03,94.3,,,616.226652,1776211752000
1776211754.658,254.658,0.99,838.84,0.97,94.3,,,,,,,,,0.01,838.84,0.03,94.3,,,616.21899,1776211753000
1776211755.091,255.091,0.99,838.84,0.97,94.3,,,,,,,,,0.01,838.84,0.03,94.3,,,616.218884,1776211754000
1776211756.073,256.073,0.99,838.84,0.97,94.3,,,,,,,,,0.01,838.84,0.03,94.3,,,616.21625,1776211755000
1776211757.159,257.159,0.99,838.84,0.97,94.3,,,,,,,,,0.01,838.84,0.03,94.3,,,616.21625,1776211756000
1776211758.156,258.156,0.99,838.84,0.97,94.3,,,,,,,,,0.01,838.84,0.03,94.3,,,616.222441,1776211757000
1776211759.091,259.091,0.99,838.84,0.97,94.3,,,,,,,,,0.01,838.84,0.03,94.3,,,616.222798,1776211758000
1776211760.178,260.178,0.99,838.84,0.97,94.3,,,,,,,,,0.01,838.84,0.03,94.3,,,616.2228,1776211759000
1776211761.123,261.123,0.99,838.84,0.97,94.3,,,,,,,,,0.01,838.84,0.03,94.3,,,616.22289,1776211760000
1776211762.158,262.158,0.99,838.84,0.97,94.3,,,,,,,,,0.01,838.84,0.03,94.3,,,616.223063,1776211761000
1776211763.147,263.147,0.99,838.84,0.97,94.3,,,,,,,,,0.01,838.84,0.03,94.3,,,616.222062,1776211762000
1776211764.152,264.152,0.99,838.84,0.97,94.3,,,,,,,,,0.01,838.84,0.03,94.3,,,616.222062,1776211763000
1776211765.086,265.086,0.99,838.84,0.97,94.3,,,,,,,,,0.01,838.84,0.03,94.3,,,616.222268,1776211764000
1776211766.133,266.133,0.99,838.84,0.97,94.3,,,,,,,,,0.01,838.84,0.03,94.3,,,616.221933,1776211765000
1776211767.509,267.509,0.99,838.84,0.97,94.3,,,,,,,,,0.01,838.84,0.03,94.3,,,616.221376,1776211766000
1776211767.98,267.98,0.99,838.84,0.97,94.3,,,,,,,,,0.01,838.84,0.03,94.3,,,616.190829,1776211767000
1776211769.024,269.024,0.99,838.84,0.97,94.3,,,,,,,,,0.01,838.84,0.03,94.3,,,616.080767,1776211768000
1776211770.011,270.011,0.99,838.84,0.97,94.3,,,,,,,,,0.01,838.84,0.03,94.3,,,616.117184,1776211769000
1776211770.919,270.919,0.99,838.84,0.97,94.3,,,,,,,,,0.01,838.84,0.03,94.3,,,616.149028,1776211770000
1776211771.962,271.962,0.99,838.84,0.97,94.3,,,,,,,,,0.01,838.84,0.03,94.3,,,616.148564,1776211771000
1776211772.929,272.929,0.99,838.84,0.97,94.3,,,,,,,,,0.01,838.84,0.03,94.3,,,616.094223,1776211772000
1776211773.965,273.965,0.99,838.84,0.97,94.3,,,,,,,,,0.01,838.84,0.03,94.3,,,616.092402,1776211773000
1776211774.996,274.996,0.99,838.84,0.97,94.3,,,,,,,,,0.01,838.84,0.03,94.3,,,616.099042,1776211774000
1776211775.99,275.99,0.99,838.84,0.97,94.3,,,,,,,,,0.01,838.84,0.03,94.3,,,616.099095,1776211775000
1776211776.926,276.926,0.99,838.84,0.97,94.3,,,,,,,,,0.01,838.84,0.03,94.3,,,616.098727,1776211776000
1776211777.892,277.892,0.99,838.84,0.97,94.3,,,,,,,,,0.01,838.84,0.03,94.3,,,616.093929,1776211777000
1776211778.931,278.931,0.99,838.84,0.97,94.3,,,,,,,,,0.01,838.84,0.03,94.3,,,616.029725,1776211778000
1776211780.281,280.281,0.99,838.84,0.97,94.3,,,,,,,,,0.01,838.84,0.03,94.3,,,616.070894,1776211779000
1776211781.332,281.332,0.99,838.84,0.97,94.3,,,,,,,,,0.01,838.84,0.03,94.3,,,616.123493,1776211780000
1776211782.318,282.318,0.99,838.84,0.97,94.3,,,,,,,,,0.01,838.84,0.03,94.3,,,616.123582,1776211781000
1776211783.273,283.273,0.99,838.84,0.97,94.3,,,,,,,,,0.01,838.84,0.03,94.3,,,616.125322,1776211782000
1776211784.191,284.191,0.99,838.84,0.97,94.3,,,,,,,,,0.01,838.84,0.03,94.3,,,616.153599,1776211783000
1776211785.187,285.187,0.99,838.84,0.97,94.3,,,,,,,,,0.01,838.84,0.03,94.3,,,616.155493,1776211784000
1776211786.118,286.118,0.99,838.84,0.97,94.3,,,,,,,,,0.01,838.84,0.03,94.3,,,616.155767,1776211785000
1776211787.126,287.126,0.99,838.84,0.97,94.3,,,,,,,,,0.01,838.84,0.03,94.3,,,616.153509,1776211786000
1776211788.045,288.045,0.99,838.84,0.97,94.3,,,,,,,,,0.01,838.84,0.03,94.3,,,616.15335,1776211787000
1776211789.059,289.059,0.99,838.84,0.97,94.3,,,,,,,,,0.01,838.84,0.03,94.3,,,616.153239,1776211788000
1776211789.914,289.914,0.99,838.84,0.97,94.3,,,,,,,,,0.01,838.84,0.03,94.3,,,616.152626,1776211789000
1776211790.839,290.839,0.99,838.84,0.97,94.3,,,,,,,,,0.01,838.84,0.03,94.3,,,616.151887,1776211790000
1776211791.849,291.849,0.99,838.84,0.97,94.3,,,,,,,,,0.01,838.84,0.03,94.3,,,616.150946,1776211791000
1776211793.316,293.316,0.99,838.84,0.97,94.3,,,,,,,,,0.01,838.84,0.03,94.3,,,616.183073,1776211792000
1776211794.298,294.298,0.99,838.84,0.97,94.3,,,,,,,,,0.01,838.84,0.03,94.3,,,616.167066,1776211793000
1776211795.374,295.374,0.99,838.84,0.97,94.3,,,,,,,,,0.01,838.84,0.03,94.3,,,616.108994,1776211794000
1776211795.926,295.926,0.99,838.84,0.97,94.3,,,,,,,,,0.01,838.84,0.03,94.3,,,616.103611,1776211795000
1776211797.042,297.042,0.99,838.84,0.97,94.3,,,,,,,,,0.01,838.84,0.03,94.3,,,616.068721,1776211796000
1776211798.073,298.073,0.99,838.84,0.97,94.3,,,,,,,,,0.01,838.84,0.03,94.3,,,616.044378,1776211797000
1776211799.146,299.146,0.99,838.84,0.97,94.3,,,,,,,,,0.01,838.84,0.03,94.3,,,616.040309,1776211798000
1776211800.218,300.218,0.99,838.84,0.97,94.3,,,,,,,,,0.01,838.84,0.03,94.3,,,616.040309,1776211799000

# RESULT,winner=Up,slug=bnb-updown-5m-1776211500,ticks=334
