timestamp,elapsed_sec,up_bid_p1,up_bid_s1,up_bid_p2,up_bid_s2,up_ask_p1,up_ask_s1,up_ask_p2,up_ask_s2,down_bid_p1,down_bid_s1,down_bid_p2,down_bid_s2,down_ask_p1,down_ask_s1,down_ask_p2,down_ask_s2,up_spread,down_spread,bnb_price,bnb_oracle_ts
1776183601.648,1.648,0.33,300.0,0.31,375.0,0.67,300.0,0.69,375.0,0.33,300.0,0.31,375.0,0.67,300.0,0.69,375.0,0.34,0.34,623.645,1776183599000
1776183601.896,1.896,0.33,300.0,0.31,375.0,0.67,300.0,0.69,375.0,0.33,300.0,0.31,375.0,0.67,300.0,0.69,375.0,0.34,0.34,623.7008,1776183600000
1776183602.167,2.167,0.38,13.0,0.33,300.0,0.59,12.0,0.67,300.0,0.33,300.0,0.31,375.0,0.67,300.0,0.69,375.0,0.21,0.34,623.7008,1776183600000
1776183602.464,2.464,0.38,13.0,0.33,300.0,0.59,12.0,0.67,300.0,0.41,12.0,0.33,300.0,0.62,13.0,0.67,300.0,0.21,0.21,623.71094,1776183601000
1776183603.017,3.017,0.38,13.0,0.33,300.0,0.59,12.0,0.67,300.0,0.41,12.0,0.33,300.0,0.62,13.0,0.67,300.0,0.21,0.21,623.69512,1776183602000
1776183604.033,4.033,0.38,13.0,0.33,300.0,0.59,12.0,0.67,300.0,0.41,12.0,0.33,300.0,0.62,13.0,0.67,300.0,0.21,0.21,623.68244,1776183603000
1776183605.124,5.124,0.38,13.0,0.33,300.0,0.59,12.0,0.67,300.0,0.41,12.0,0.33,300.0,0.62,13.0,0.67,300.0,0.21,0.21,623.70317,1776183604000
1776183606.351,6.351,0.38,13.0,0.33,300.0,0.59,12.0,0.67,300.0,0.41,12.0,0.33,300.0,0.62,13.0,0.67,300.0,0.21,0.21,623.68591,1776183605000
1776183606.905,6.905,0.38,13.0,0.33,300.0,0.59,12.0,0.67,300.0,0.41,12.0,0.33,300.0,0.62,13.0,0.67,300.0,0.21,0.21,623.6847,1776183606000
1776183607.931,7.931,0.38,13.0,0.33,300.0,0.59,12.0,0.67,300.0,0.41,12.0,0.33,300.0,0.62,13.0,0.67,300.0,0.21,0.21,623.69326,1776183607000
1776183609.162,9.162,0.38,13.0,0.33,300.0,0.59,12.0,0.67,300.0,0.41,12.0,0.33,300.0,0.62,13.0,0.67,300.0,0.21,0.21,623.70101,1776183608000
1776183610.142,10.142,0.38,13.0,0.33,300.0,0.59,12.0,0.67,300.0,0.41,12.0,0.33,300.0,0.62,13.0,0.67,300.0,0.21,0.21,623.703607,1776183609000
1776183611.269,11.269,0.38,13.0,0.33,300.0,0.59,12.0,0.67,300.0,0.41,12.0,0.33,300.0,0.62,13.0,0.67,300.0,0.21,0.21,623.70524,1776183610000
1776183612.463,12.463,0.38,13.0,0.33,300.0,0.59,12.0,0.67,300.0,0.41,12.0,0.33,300.0,0.62,13.0,0.67,300.0,0.21,0.21,623.71334,1776183611000
1776183612.92,12.92,0.38,13.0,0.33,300.0,0.59,12.0,0.67,300.0,0.41,12.0,0.33,300.0,0.62,13.0,0.67,300.0,0.21,0.21,623.70771,1776183612000
1776183613.915,13.915,0.38,13.0,0.33,300.0,0.59,12.0,0.67,300.0,0.41,12.0,0.33,300.0,0.62,13.0,0.67,300.0,0.21,0.21,623.733083,1776183613000
1776183615.045,15.045,0.38,13.0,0.33,300.0,0.59,12.0,0.67,300.0,0.41,12.0,0.33,300.0,0.62,13.0,0.67,300.0,0.21,0.21,623.777,1776183614000
1776183618.858,18.858,0.38,13.0,0.33,300.0,0.59,12.0,0.67,300.0,0.41,12.0,0.33,300.0,0.62,13.0,0.67,300.0,0.21,0.21,623.817,1776183615000
1776183619.266,19.266,0.38,13.0,0.33,300.0,0.59,12.0,0.67,300.0,0.41,12.0,0.33,300.0,0.62,13.0,0.67,300.0,0.21,0.21,623.824,1776183616000
1776183620.378,20.378,0.38,13.0,0.33,300.0,0.59,12.0,0.67,300.0,0.41,12.0,0.33,300.0,0.62,13.0,0.67,300.0,0.21,0.21,623.855,1776183619000
1776183620.976,20.976,0.38,13.0,0.33,300.0,0.59,12.0,0.67,300.0,0.41,12.0,0.33,300.0,0.62,13.0,0.67,300.0,0.21,0.21,623.855,1776183620000
1776183621.92,21.92,0.38,13.0,0.33,300.0,0.59,12.0,0.67,300.0,0.41,12.0,0.33,300.0,0.62,13.0,0.67,300.0,0.21,0.21,623.857,1776183621000
1776183622.904,22.904,0.38,13.0,0.33,300.0,0.59,12.0,0.67,300.0,0.41,12.0,0.33,300.0,0.62,13.0,0.67,300.0,0.21,0.21,623.853,1776183622000
1776183624.128,24.128,0.56,5.0,0.55,5.0,0.65,5.6,0.67,25.0,0.41,12.0,0.33,300.0,0.62,13.0,0.67,300.0,0.09,0.21,623.853,1776183622000
1776183625.082,25.082,0.56,5.0,0.55,5.0,0.65,5.6,0.67,25.0,0.35,5.6,0.33,25.0,0.44,5.0,0.45,5.0,0.09,0.09,623.84,1776183624000
1776183626.264,26.264,0.56,5.0,0.55,5.0,0.65,5.6,0.67,25.0,0.35,5.6,0.33,25.0,0.44,5.0,0.45,5.0,0.09,0.09,623.84,1776183625000
1776183627.243,27.243,0.56,5.0,0.55,5.0,0.65,5.6,0.67,25.0,0.35,5.6,0.33,25.0,0.44,5.0,0.45,5.0,0.09,0.09,623.789,1776183626000
1776183628.224,28.224,0.56,5.0,0.55,5.0,0.65,5.6,0.67,25.0,0.35,5.6,0.33,25.0,0.44,5.0,0.45,5.0,0.09,0.09,623.781237,1776183627000
1776183629.968,29.968,0.56,5.0,0.55,5.0,0.65,5.6,0.67,25.0,0.35,5.6,0.33,25.0,0.44,5.0,0.45,5.0,0.09,0.09,623.74,1776183628000
1776183630.549,30.549,0.56,5.0,0.55,5.0,0.65,5.6,0.67,25.0,0.35,5.6,0.33,25.0,0.44,5.0,0.45,5.0,0.09,0.09,623.76,1776183629000
1776183631.153,31.153,0.56,5.0,0.55,5.0,0.65,5.6,0.67,25.0,0.35,5.6,0.33,25.0,0.44,5.0,0.45,5.0,0.09,0.09,623.76,1776183630000
1776183632.248,32.248,0.56,5.0,0.55,5.0,0.65,5.6,0.67,25.0,0.35,5.6,0.33,25.0,0.44,5.0,0.45,5.0,0.09,0.09,623.792,1776183631000
1776183633.348,33.348,0.56,5.0,0.55,5.0,0.65,5.6,0.67,25.0,0.35,5.6,0.33,25.0,0.44,5.0,0.45,5.0,0.09,0.09,623.766,1776183632000
1776183634.123,34.123,0.56,5.0,0.55,5.0,0.65,5.6,0.67,25.0,0.35,5.6,0.33,25.0,0.44,5.0,0.45,5.0,0.09,0.09,623.766,1776183633000
1776183635.296,35.296,0.56,5.0,0.55,5.0,0.65,5.6,0.67,25.0,0.35,5.6,0.33,25.0,0.44,5.0,0.45,5.0,0.09,0.09,623.765,1776183634000
1776183636.321,36.321,0.56,5.0,0.55,5.0,0.65,5.6,0.67,25.0,0.35,5.6,0.33,25.0,0.44,5.0,0.45,5.0,0.09,0.09,623.754,1776183635000
1776183636.934,36.934,0.55,5.24,0.54,5.0,0.58,10.0,0.64,5.0,0.42,10.0,0.36,5.0,0.45,5.24,0.46,5.0,0.03,0.03,623.754,1776183636000
1776183638.059,38.059,0.55,5.24,0.54,5.0,0.58,10.0,0.64,5.0,0.42,10.0,0.36,5.0,0.45,5.24,0.46,5.0,0.03,0.03,623.761644,1776183637000
1776183639.177,39.177,0.55,5.24,0.54,5.0,0.58,10.0,0.64,5.0,0.42,10.0,0.36,5.0,0.45,5.24,0.46,5.0,0.03,0.03,623.763,1776183638000
1776183640.27,40.27,0.55,5.24,0.54,5.0,0.58,10.0,0.64,5.0,0.42,10.0,0.36,5.0,0.45,5.24,0.46,5.0,0.03,0.03,623.756,1776183639000
1776183641.302,41.302,0.55,5.24,0.54,5.0,0.58,10.0,0.64,5.0,0.42,10.0,0.36,5.0,0.45,5.24,0.46,5.0,0.03,0.03,623.755,1776183640000
1776183642.409,42.409,0.55,5.24,0.54,5.0,0.58,10.0,0.64,5.0,0.42,10.0,0.36,5.0,0.45,5.24,0.46,5.0,0.03,0.03,623.759,1776183641000
1776183643.016,43.016,0.55,5.24,0.54,5.0,0.58,10.0,0.64,5.0,0.42,10.0,0.36,5.0,0.45,5.24,0.46,5.0,0.03,0.03,623.765976,1776183642000
1776183644.825,44.825,0.55,5.24,0.54,5.0,0.58,10.0,0.64,5.0,0.42,10.0,0.36,5.0,0.45,5.24,0.46,5.0,0.03,0.03,623.884,1776183643000
1776183645.393,45.393,0.57,5.0,0.56,5.0,0.65,5.43,0.67,5.0,0.35,5.43,0.33,5.0,0.43,5.0,0.44,5.0,0.08,0.08,623.84,1776183644000
1776183646.007,46.007,0.57,5.0,0.56,5.0,0.65,5.43,0.67,5.0,0.35,5.43,0.33,5.0,0.43,5.0,0.44,5.0,0.08,0.08,623.84,1776183645000
1776183647.186,47.186,0.57,5.0,0.56,5.0,0.65,5.43,0.67,5.0,0.35,5.43,0.33,5.0,0.43,5.0,0.44,5.0,0.08,0.08,623.82,1776183646000
1776183648.215,48.215,0.57,5.0,0.56,5.0,0.65,5.43,0.67,5.0,0.35,5.43,0.33,5.0,0.43,5.0,0.44,5.0,0.08,0.08,623.836,1776183647000
1776183649.367,49.367,0.57,5.0,0.56,5.0,0.65,5.43,0.67,5.0,0.35,5.43,0.33,5.0,0.43,5.0,0.44,5.0,0.08,0.08,623.846,1776183648000
1776183650.383,50.383,0.57,5.0,0.56,5.0,0.65,5.43,0.67,5.0,0.35,5.43,0.33,5.0,0.43,5.0,0.44,5.0,0.08,0.08,623.842,1776183649000
1776183650.934,50.934,0.57,5.0,0.56,5.0,0.65,5.43,0.67,5.0,0.35,5.43,0.33,5.0,0.43,5.0,0.44,5.0,0.08,0.08,623.842,1776183650000
1776183652.071,52.071,0.57,5.0,0.56,5.0,0.65,5.43,0.67,5.0,0.35,5.43,0.33,5.0,0.43,5.0,0.44,5.0,0.08,0.08,623.811,1776183651000
1776183653.137,53.137,0.57,5.0,0.56,5.0,0.65,5.43,0.67,5.0,0.35,5.43,0.33,5.0,0.43,5.0,0.44,5.0,0.08,0.08,623.856,1776183652000
1776183654.232,54.232,0.57,5.0,0.56,5.0,0.65,5.43,0.67,5.0,0.35,5.43,0.33,5.0,0.43,5.0,0.44,5.0,0.08,0.08,623.871,1776183653000
1776183655.472,55.472,0.57,5.0,0.56,5.0,0.65,5.43,0.67,5.0,0.35,5.43,0.33,5.0,0.43,5.0,0.44,5.0,0.08,0.08,623.861,1776183654000
1776183655.743,55.743,0.59,5.0,0.58,5.0,0.69,8.0,0.7,27.4,0.35,5.43,0.33,5.0,0.43,5.0,0.44,5.0,0.1,0.08,623.861,1776183654000
1776183656.481,56.481,0.59,5.0,0.58,5.0,0.69,8.0,0.7,27.4,0.31,8.0,0.3,27.4,0.41,5.0,0.42,5.0,0.1,0.1,623.849,1776183655000
1776183657.068,57.068,0.59,5.0,0.58,5.0,0.69,8.0,0.7,27.4,0.31,8.0,0.3,27.4,0.41,5.0,0.42,5.0,0.1,0.1,623.849,1776183656000
1776183658.139,58.139,0.59,5.0,0.58,5.0,0.69,8.0,0.7,27.4,0.31,8.0,0.3,27.4,0.41,5.0,0.42,5.0,0.1,0.1,623.85096,1776183657000
1776183659.188,59.188,0.59,5.0,0.58,5.0,0.69,8.0,0.7,27.4,0.31,8.0,0.3,27.4,0.41,5.0,0.42,5.0,0.1,0.1,623.87,1776183658000
1776183660.701,60.701,0.59,5.0,0.58,5.0,0.69,8.0,0.7,27.4,0.31,8.0,0.3,27.4,0.41,5.0,0.42,5.0,0.1,0.1,623.766,1776183659000
1776183661.513,61.513,0.59,5.0,0.58,5.0,0.69,8.0,0.7,27.4,0.31,8.0,0.3,27.4,0.41,5.0,0.42,5.0,0.1,0.1,623.789,1776183660000
1776183662.172,62.172,0.59,5.0,0.58,5.0,0.69,8.0,0.7,27.4,0.31,8.0,0.3,27.4,0.41,5.0,0.42,5.0,0.1,0.1,623.803,1776183661000
1776183663.952,63.952,0.59,5.0,0.58,5.0,0.69,8.0,0.7,27.4,0.31,8.0,0.3,27.4,0.41,5.0,0.42,5.0,0.1,0.1,623.791,1776183662000
1776183664.504,64.504,0.59,5.0,0.58,5.0,0.69,8.0,0.7,27.4,0.31,8.0,0.3,27.4,0.41,5.0,0.42,5.0,0.1,0.1,623.714,1776183663000
1776183665.428,65.428,0.59,5.0,0.58,5.0,0.69,8.0,0.7,27.4,0.31,8.0,0.3,27.4,0.41,5.0,0.42,5.0,0.1,0.1,623.702,1776183664000
1776183666.699,66.699,0.59,5.0,0.58,5.0,0.69,8.0,0.7,27.4,0.31,8.0,0.3,27.4,0.41,5.0,0.42,5.0,0.1,0.1,623.711,1776183665000
1776183667.506,67.506,0.52,5.0,0.5,5.0,0.57,10.6,0.58,10.7,0.43,10.6,0.42,10.7,0.48,5.0,0.5,5.0,0.05,0.05,623.759,1776183666000
1776183668.149,68.149,0.52,5.0,0.5,5.0,0.57,10.6,0.58,10.7,0.43,10.6,0.42,10.7,0.48,5.0,0.5,5.0,0.05,0.05,623.735134,1776183667000
1776183669.552,69.552,0.52,5.0,0.5,5.0,0.57,10.6,0.58,10.7,0.43,10.6,0.42,10.7,0.48,5.0,0.5,5.0,0.05,0.05,623.67765,1776183668000
1776183670.029,70.029,0.52,5.0,0.5,5.0,0.57,10.6,0.58,10.7,0.43,10.6,0.42,10.7,0.48,5.0,0.5,5.0,0.05,0.05,623.619,1776183669000
1776183671.355,71.355,0.52,5.0,0.5,5.0,0.57,10.6,0.58,10.7,0.43,10.6,0.42,10.7,0.48,5.0,0.5,5.0,0.05,0.05,623.588,1776183670000
1776183672.724,72.724,0.52,5.0,0.5,5.0,0.57,10.6,0.58,10.7,0.43,10.6,0.42,10.7,0.48,5.0,0.5,5.0,0.05,0.05,623.576,1776183671000
1776183673.363,73.363,0.52,5.0,0.5,5.0,0.57,10.6,0.58,10.7,0.43,10.6,0.42,10.7,0.48,5.0,0.5,5.0,0.05,0.05,623.576,1776183672000
1776183674.015,74.015,0.52,5.0,0.5,5.0,0.57,10.6,0.58,10.7,0.43,10.6,0.42,10.7,0.48,5.0,0.5,5.0,0.05,0.05,623.581,1776183673000
1776183675.475,75.475,0.52,5.0,0.5,5.0,0.57,10.6,0.58,10.7,0.43,10.6,0.42,10.7,0.48,5.0,0.5,5.0,0.05,0.05,623.577,1776183674000
1776183676.408,76.408,0.52,5.0,0.5,5.0,0.57,10.6,0.58,10.7,0.43,10.6,0.42,10.7,0.48,5.0,0.5,5.0,0.05,0.05,623.577,1776183675000
1776183677.468,77.468,0.52,5.0,0.5,5.0,0.57,10.6,0.58,10.7,0.43,10.6,0.42,10.7,0.48,5.0,0.5,5.0,0.05,0.05,623.425,1776183676000
1776183678.074,78.074,0.52,5.0,0.5,5.0,0.57,10.6,0.58,10.7,0.43,10.6,0.42,10.7,0.48,5.0,0.5,5.0,0.05,0.05,623.441,1776183677000
1776183679.239,79.239,0.52,5.0,0.5,5.0,0.57,10.6,0.58,10.7,0.43,10.6,0.42,10.7,0.48,5.0,0.5,5.0,0.05,0.05,623.441,1776183678000
1776183679.684,79.684,0.37,5.0,0.27,10.0,0.39,48.9,0.4,10.8,0.43,10.6,0.42,10.7,0.48,5.0,0.5,5.0,0.02,0.05,623.441,1776183678000
1776183680.475,80.475,0.37,5.0,0.27,10.0,0.39,48.9,0.4,10.8,0.61,48.9,0.6,10.8,0.63,5.0,0.73,10.0,0.02,0.02,623.390048,1776183679000
1776183681.13,81.13,0.37,5.0,0.27,10.0,0.39,48.9,0.4,10.8,0.61,48.9,0.6,10.8,0.63,5.0,0.73,10.0,0.02,0.02,623.335514,1776183680000
1776183681.665,81.665,0.28,5.0,0.23,10.0,0.31,71.0,0.35,21.4,0.61,48.9,0.6,10.8,0.63,5.0,0.73,10.0,0.03,0.02,623.335514,1776183680000
1776183682.253,82.253,0.28,5.0,0.23,10.0,0.31,71.0,0.35,21.4,0.69,71.0,0.65,21.4,0.72,5.0,0.77,10.0,0.03,0.03,623.25809,1776183681000
1776183683.457,83.457,0.28,5.0,0.23,10.0,0.31,71.0,0.35,21.4,0.69,71.0,0.65,21.4,0.72,5.0,0.77,10.0,0.03,0.03,623.157,1776183682000
1776183683.989,83.989,0.28,5.0,0.23,10.0,0.31,71.0,0.35,21.4,0.69,71.0,0.65,21.4,0.72,5.0,0.77,10.0,0.03,0.03,623.157,1776183683000
1776183685.054,85.054,0.28,5.0,0.23,10.0,0.31,71.0,0.35,21.4,0.69,71.0,0.65,21.4,0.72,5.0,0.77,10.0,0.03,0.03,623.066656,1776183684000
1776183686.074,86.074,0.28,5.0,0.23,10.0,0.31,71.0,0.35,21.4,0.69,71.0,0.65,21.4,0.72,5.0,0.77,10.0,0.03,0.03,623.032,1776183685000
1776183687.226,87.226,0.28,5.0,0.23,10.0,0.31,71.0,0.35,21.4,0.69,71.0,0.65,21.4,0.72,5.0,0.77,10.0,0.03,0.03,622.984585,1776183686000
1776183687.925,87.925,0.28,5.0,0.23,10.0,0.31,71.0,0.35,21.4,0.69,71.0,0.65,21.4,0.72,5.0,0.77,10.0,0.03,0.03,623.02,1776183687000
1776183689.036,89.036,0.28,5.0,0.23,10.0,0.31,71.0,0.35,21.4,0.69,71.0,0.65,21.4,0.72,5.0,0.77,10.0,0.03,0.03,623.02,1776183688000
1776183690.16,90.16,0.28,5.0,0.23,10.0,0.31,71.0,0.35,21.4,0.69,71.0,0.65,21.4,0.72,5.0,0.77,10.0,0.03,0.03,623.025,1776183689000
1776183691.263,91.263,0.28,5.0,0.23,10.0,0.31,71.0,0.35,21.4,0.69,71.0,0.65,21.4,0.72,5.0,0.77,10.0,0.03,0.03,623.025,1776183690000
1776183691.797,91.797,0.15,10.0,0.11,31.6,0.19,16.89,0.2,16.3,0.69,71.0,0.65,21.4,0.72,5.0,0.77,10.0,0.04,0.03,623.025,1776183690000
1776183692.28,92.28,0.15,10.0,0.11,31.6,0.19,16.89,0.2,16.3,0.81,16.89,0.8,16.3,0.85,10.0,0.89,31.6,0.04,0.04,623.034,1776183691000
1776183692.634,92.634,0.16,5.0,0.13,10.0,0.18,17.6,0.19,16.89,0.81,16.89,0.8,16.3,0.85,10.0,0.89,31.6,0.02,0.04,623.034,1776183691000
1776183693.26,93.26,0.16,5.0,0.13,10.0,0.18,17.6,0.19,16.89,0.82,17.6,0.81,16.89,0.84,5.0,0.87,10.0,0.02,0.02,623.034,1776183692000
1776183694.242,94.242,0.16,5.0,0.13,10.0,0.18,17.6,0.19,16.89,0.82,17.6,0.81,16.89,0.84,5.0,0.87,10.0,0.02,0.02,623.031,1776183693000
1776183695.283,95.283,0.16,5.0,0.13,10.0,0.18,17.6,0.19,16.89,0.82,17.6,0.81,16.89,0.84,5.0,0.87,10.0,0.02,0.02,623.005,1776183694000
1776183696.261,96.261,0.16,5.0,0.13,10.0,0.18,17.6,0.19,16.89,0.82,17.6,0.81,16.89,0.84,5.0,0.87,10.0,0.02,0.02,623.015,1776183695000
1776183697.221,97.221,0.16,5.0,0.13,10.0,0.18,17.6,0.19,16.89,0.82,17.6,0.81,16.89,0.84,5.0,0.87,10.0,0.02,0.02,623.008,1776183696000
1776183698.267,98.267,0.16,5.0,0.13,10.0,0.18,17.6,0.19,16.89,0.82,17.6,0.81,16.89,0.84,5.0,0.87,10.0,0.02,0.02,623.030225,1776183697000
1776183699.201,99.201,0.16,5.0,0.13,10.0,0.18,17.6,0.19,16.89,0.82,17.6,0.81,16.89,0.84,5.0,0.87,10.0,0.02,0.02,623.044,1776183698000
1776183700.219,100.219,0.16,5.0,0.13,10.0,0.18,17.6,0.19,16.89,0.82,17.6,0.81,16.89,0.84,5.0,0.87,10.0,0.02,0.02,623.054,1776183699000
1776183701.218,101.218,0.16,5.0,0.13,10.0,0.18,17.6,0.19,16.89,0.82,17.6,0.81,16.89,0.84,5.0,0.87,10.0,0.02,0.02,623.061,1776183700000
1776183702.234,102.234,0.16,5.0,0.13,10.0,0.18,17.6,0.19,16.89,0.82,17.6,0.81,16.89,0.84,5.0,0.87,10.0,0.02,0.02,623.056,1776183701000
1776183702.71,102.71,0.13,10.0,0.11,10.0,0.15,2.72,0.16,19.3,0.82,17.6,0.81,16.89,0.84,5.0,0.87,10.0,0.02,0.02,623.056,1776183701000
1776183703.235,103.235,0.13,10.0,0.11,10.0,0.15,2.72,0.16,19.3,0.85,2.72,0.84,19.3,0.87,10.0,0.89,10.0,0.02,0.02,623.048,1776183702000
1776183704.198,104.198,0.13,10.0,0.11,10.0,0.15,2.72,0.16,19.3,0.85,2.72,0.84,19.3,0.87,10.0,0.89,10.0,0.02,0.02,623.013,1776183703000
1776183705.51,105.51,0.13,10.0,0.11,10.0,0.15,2.72,0.16,19.3,0.85,2.72,0.84,19.3,0.87,10.0,0.89,10.0,0.02,0.02,623.013,1776183704000
1776183706.358,106.358,0.13,10.0,0.11,10.0,0.15,2.72,0.16,19.3,0.85,2.72,0.84,19.3,0.87,10.0,0.89,10.0,0.02,0.02,623.01788,1776183705000
1776183706.998,106.998,0.1,9.72,0.05,54.7,0.12,44.6,0.13,23.0,0.85,2.72,0.84,19.3,0.87,10.0,0.89,10.0,0.02,0.02,623.01788,1776183705000
1776183707.869,107.869,0.1,9.72,0.05,54.7,0.12,44.6,0.13,23.0,0.88,44.6,0.87,23.0,0.9,9.72,0.95,54.7,0.02,0.02,622.854,1776183706000
1776183708.459,108.459,0.1,9.72,0.05,54.7,0.12,44.6,0.13,23.0,0.88,44.6,0.87,23.0,0.9,9.72,0.95,54.7,0.02,0.02,622.824,1776183707000
1776183709.216,109.216,0.1,9.72,0.05,54.7,0.12,44.6,0.13,23.0,0.88,44.6,0.87,23.0,0.9,9.72,0.95,54.7,0.02,0.02,622.815315,1776183708000
1776183710.75,110.75,0.1,9.72,0.05,54.7,0.12,44.6,0.13,23.0,0.88,44.6,0.87,23.0,0.9,9.72,0.95,54.7,0.02,0.02,622.621,1776183709000
1776183711.247,111.247,0.1,9.72,0.05,54.7,0.12,44.6,0.13,23.0,0.88,44.6,0.87,23.0,0.9,9.72,0.95,54.7,0.02,0.02,622.621,1776183710000
1776183712.673,112.673,0.1,9.72,0.05,54.7,0.12,44.6,0.13,23.0,0.88,44.6,0.87,23.0,0.9,9.72,0.95,54.7,0.02,0.02,622.546,1776183711000
1776183713.273,113.273,0.1,9.72,0.05,54.7,0.12,44.6,0.13,23.0,0.88,44.6,0.87,23.0,0.9,9.72,0.95,54.7,0.02,0.02,622.538,1776183712000
1776183714.739,114.739,0.1,9.72,0.05,54.7,0.12,44.6,0.13,23.0,0.88,44.6,0.87,23.0,0.9,9.72,0.95,54.7,0.02,0.02,622.523,1776183713000
1776183715.568,115.568,0.1,9.72,0.05,54.7,0.12,44.6,0.13,23.0,0.88,44.6,0.87,23.0,0.9,9.72,0.95,54.7,0.02,0.02,622.537,1776183714000
1776183716.189,116.189,0.1,9.72,0.05,54.7,0.12,44.6,0.13,23.0,0.88,44.6,0.87,23.0,0.9,9.72,0.95,54.7,0.02,0.02,622.578395,1776183715000
1776183717.669,117.669,0.1,9.72,0.05,54.7,0.12,44.6,0.13,23.0,0.88,44.6,0.87,23.0,0.9,9.72,0.95,54.7,0.02,0.02,622.598,1776183716000
1776183718.419,118.419,0.1,9.72,0.05,54.7,0.12,44.6,0.13,23.0,0.88,44.6,0.87,23.0,0.9,9.72,0.95,54.7,0.02,0.02,622.64,1776183717000
1776183718.944,118.944,0.1,9.72,0.05,54.7,0.12,44.6,0.13,23.0,0.88,44.6,0.87,23.0,0.9,9.72,0.95,54.7,0.02,0.02,622.64,1776183718000
1776183720.339,120.339,0.1,9.72,0.05,54.7,0.12,44.6,0.13,23.0,0.88,44.6,0.87,23.0,0.9,9.72,0.95,54.7,0.02,0.02,622.629,1776183719000
1776183720.957,120.957,0.1,9.72,0.05,54.7,0.12,44.6,0.13,23.0,0.88,44.6,0.87,23.0,0.9,9.72,0.95,54.7,0.02,0.02,622.629,1776183720000
1776183722.492,122.492,0.1,9.72,0.05,54.7,0.12,44.6,0.13,23.0,0.88,44.6,0.87,23.0,0.9,9.72,0.95,54.7,0.02,0.02,622.622,1776183721000
1776183723.375,123.375,0.1,9.72,0.05,54.7,0.12,44.6,0.13,23.0,0.88,44.6,0.87,23.0,0.9,9.72,0.95,54.7,0.02,0.02,622.602472,1776183722000
1776183724.882,124.882,0.1,9.72,0.05,54.7,0.12,44.6,0.13,23.0,0.88,44.6,0.87,23.0,0.9,9.72,0.95,54.7,0.02,0.02,622.60215,1776183723000
1776183725.363,125.363,0.1,9.72,0.05,54.7,0.12,44.6,0.13,23.0,0.88,44.6,0.87,23.0,0.9,9.72,0.95,54.7,0.02,0.02,622.623,1776183724000
1776183726.422,126.422,0.1,9.72,0.05,54.7,0.12,44.6,0.13,23.0,0.88,44.6,0.87,23.0,0.9,9.72,0.95,54.7,0.02,0.02,622.664,1776183725000
1776183727.078,127.078,0.1,9.72,0.05,54.7,0.12,44.6,0.13,23.0,0.88,44.6,0.87,23.0,0.9,9.72,0.95,54.7,0.02,0.02,622.664,1776183726000
1776183728.129,128.129,0.1,9.72,0.05,54.7,0.12,44.6,0.13,23.0,0.88,44.6,0.87,23.0,0.9,9.72,0.95,54.7,0.02,0.02,622.78575,1776183727000
1776183729.313,129.313,0.1,9.72,0.05,54.7,0.12,44.6,0.13,23.0,0.88,44.6,0.87,23.0,0.9,9.72,0.95,54.7,0.02,0.02,622.807,1776183728000
1776183730.469,130.469,0.1,9.72,0.05,54.7,0.12,44.6,0.13,23.0,0.88,44.6,0.87,23.0,0.9,9.72,0.95,54.7,0.02,0.02,622.822041,1776183729000
1776183730.915,130.915,0.1,9.72,0.05,54.7,0.12,44.6,0.13,23.0,0.88,44.6,0.87,23.0,0.9,9.72,0.95,54.7,0.02,0.02,622.8012,1776183730000
1776183732.056,132.056,0.1,9.72,0.05,54.7,0.12,44.6,0.13,23.0,0.88,44.6,0.87,23.0,0.9,9.72,0.95,54.7,0.02,0.02,622.66383,1776183731000
1776183733.188,133.188,0.1,9.72,0.05,54.7,0.12,44.6,0.13,23.0,0.88,44.6,0.87,23.0,0.9,9.72,0.95,54.7,0.02,0.02,622.66767,1776183732000
1776183734.323,134.323,0.1,9.72,0.05,54.7,0.12,44.6,0.13,23.0,0.88,44.6,0.87,23.0,0.9,9.72,0.95,54.7,0.02,0.02,622.75871,1776183733000
1776183735.481,135.481,0.1,9.72,0.05,54.7,0.12,44.6,0.13,23.0,0.88,44.6,0.87,23.0,0.9,9.72,0.95,54.7,0.02,0.02,622.752,1776183734000
1776183735.988,135.988,0.1,9.72,0.05,54.7,0.12,44.6,0.13,23.0,0.88,44.6,0.87,23.0,0.9,9.72,0.95,54.7,0.02,0.02,622.752,1776183735000
1776183737.194,137.194,0.1,9.72,0.05,54.7,0.12,44.6,0.13,23.0,0.88,44.6,0.87,23.0,0.9,9.72,0.95,54.7,0.02,0.02,622.818639,1776183736000
1776183738.231,138.231,0.1,9.72,0.05,54.7,0.12,44.6,0.13,23.0,0.88,44.6,0.87,23.0,0.9,9.72,0.95,54.7,0.02,0.02,622.824,1776183737000
1776183739.341,139.341,0.1,9.72,0.05,54.7,0.12,44.6,0.13,23.0,0.88,44.6,0.87,23.0,0.9,9.72,0.95,54.7,0.02,0.02,622.811,1776183738000
1776183740.399,140.399,0.1,9.72,0.05,54.7,0.12,44.6,0.13,23.0,0.88,44.6,0.87,23.0,0.9,9.72,0.95,54.7,0.02,0.02,622.804,1776183739000
1776183741.187,141.187,0.04,82.49,0.03,89.3,0.05,5.0,0.08,55.29,0.88,44.6,0.87,23.0,0.9,9.72,0.95,54.7,0.01,0.02,622.804,1776183739000
1776183741.4,141.4,0.04,82.49,0.03,89.3,0.05,5.0,0.08,55.29,0.95,5.0,0.92,55.29,0.96,82.49,0.97,89.3,0.01,0.01,622.803,1776183740000
1776183742.002,142.002,0.04,82.49,0.03,89.3,0.05,5.0,0.08,55.29,0.95,5.0,0.92,55.29,0.96,82.49,0.97,89.3,0.01,0.01,622.8,1776183741000
1776183743.119,143.119,0.04,82.49,0.03,89.3,0.05,5.0,0.08,55.29,0.95,5.0,0.92,55.29,0.96,82.49,0.97,89.3,0.01,0.01,622.8,1776183742000
1776183744.201,144.201,0.04,82.49,0.03,89.3,0.05,5.0,0.08,55.29,0.95,5.0,0.92,55.29,0.96,82.49,0.97,89.3,0.01,0.01,622.805,1776183743000
1776183745.174,145.174,0.04,82.49,0.03,89.3,0.05,5.0,0.08,55.29,0.95,5.0,0.92,55.29,0.96,82.49,0.97,89.3,0.01,0.01,622.78176,1776183744000
1776183746.31,146.31,0.04,82.49,0.03,89.3,0.05,5.0,0.08,55.29,0.95,5.0,0.92,55.29,0.96,82.49,0.97,89.3,0.01,0.01,622.725377,1776183745000
1776183747.448,147.448,0.04,82.49,0.03,89.3,0.05,5.0,0.08,55.29,0.95,5.0,0.92,55.29,0.96,82.49,0.97,89.3,0.01,0.01,622.667,1776183746000
1776183748.016,148.016,0.04,82.49,0.03,89.3,0.05,5.0,0.08,55.29,0.95,5.0,0.92,55.29,0.96,82.49,0.97,89.3,0.01,0.01,622.667,1776183747000
1776183749.172,149.172,0.04,82.49,0.03,89.3,0.05,5.0,0.08,55.29,0.95,5.0,0.92,55.29,0.96,82.49,0.97,89.3,0.01,0.01,622.596134,1776183748000
1776183750.318,150.318,0.04,82.49,0.03,89.3,0.05,5.0,0.08,55.29,0.95,5.0,0.92,55.29,0.96,82.49,0.97,89.3,0.01,0.01,622.601,1776183749000
1776183751.339,151.339,0.04,82.49,0.03,89.3,0.05,5.0,0.08,55.29,0.95,5.0,0.92,55.29,0.96,82.49,0.97,89.3,0.01,0.01,622.6,1776183750000
1776183752.271,152.271,0.04,82.49,0.03,89.3,0.05,5.0,0.08,55.29,0.95,5.0,0.92,55.29,0.96,82.49,0.97,89.3,0.01,0.01,622.649,1776183751000
1776183752.788,152.788,0.04,71.2,0.03,89.3,0.05,5.0,0.06,10.0,0.95,5.0,0.92,55.29,0.96,82.49,0.97,89.3,0.01,0.01,622.649,1776183751000
1776183753.31,153.31,0.04,71.2,0.03,89.3,0.05,5.0,0.06,10.0,0.95,5.0,0.94,10.0,0.96,71.2,0.97,89.3,0.01,0.01,622.666,1776183752000
1776183754.425,154.425,0.04,71.2,0.03,89.3,0.05,5.0,0.06,10.0,0.95,5.0,0.94,10.0,0.96,71.2,0.97,89.3,0.01,0.01,622.76294,1776183753000
1776183754.91,154.91,0.04,71.2,0.03,89.3,0.05,5.0,0.06,10.0,0.95,5.0,0.94,10.0,0.96,71.2,0.97,89.3,0.01,0.01,622.814,1776183754000
1776183756.016,156.016,0.04,71.2,0.03,89.3,0.05,5.0,0.06,10.0,0.95,5.0,0.94,10.0,0.96,71.2,0.97,89.3,0.01,0.01,622.752,1776183755000
1776183757.125,157.125,0.04,71.2,0.03,89.3,0.05,5.0,0.06,10.0,0.95,5.0,0.94,10.0,0.96,71.2,0.97,89.3,0.01,0.01,622.76,1776183756000
1776183758.216,158.216,0.04,71.2,0.03,89.3,0.05,5.0,0.06,10.0,0.95,5.0,0.94,10.0,0.96,71.2,0.97,89.3,0.01,0.01,622.775,1776183757000
1776183759.336,159.336,0.04,71.2,0.03,89.3,0.05,5.0,0.06,10.0,0.95,5.0,0.94,10.0,0.96,71.2,0.97,89.3,0.01,0.01,622.841,1776183758000
1776183760.413,160.413,0.04,71.2,0.03,89.3,0.05,5.0,0.06,10.0,0.95,5.0,0.94,10.0,0.96,71.2,0.97,89.3,0.01,0.01,622.912,1776183759000
1776183761.016,161.016,0.04,71.2,0.03,89.3,0.05,5.0,0.06,10.0,0.95,5.0,0.94,10.0,0.96,71.2,0.97,89.3,0.01,0.01,622.912,1776183760000
1776183762.167,162.167,0.04,71.2,0.03,89.3,0.05,5.0,0.06,10.0,0.95,5.0,0.94,10.0,0.96,71.2,0.97,89.3,0.01,0.01,622.893,1776183761000
1776183763.11,163.11,0.04,71.2,0.03,89.3,0.05,5.0,0.06,10.0,0.95,5.0,0.94,10.0,0.96,71.2,0.97,89.3,0.01,0.01,622.903,1776183762000
1776183764.223,164.223,0.04,71.2,0.03,89.3,0.05,5.0,0.06,10.0,0.95,5.0,0.94,10.0,0.96,71.2,0.97,89.3,0.01,0.01,622.903,1776183763000
1776183765.333,165.333,0.04,71.2,0.03,89.3,0.05,5.0,0.06,10.0,0.95,5.0,0.94,10.0,0.96,71.2,0.97,89.3,0.01,0.01,622.862,1776183764000
1776183766.44,166.44,0.04,71.2,0.03,89.3,0.05,5.0,0.06,10.0,0.95,5.0,0.94,10.0,0.96,71.2,0.97,89.3,0.01,0.01,622.871,1776183765000
1776183767.17,167.17,0.04,71.2,0.03,89.3,0.05,5.0,0.06,10.0,0.95,5.0,0.94,10.0,0.96,71.2,0.97,89.3,0.01,0.01,622.847,1776183766000
1776183768.172,168.172,0.04,71.2,0.03,89.3,0.05,5.0,0.06,10.0,0.95,5.0,0.94,10.0,0.96,71.2,0.97,89.3,0.01,0.01,622.865,1776183767000
1776183768.537,168.537,0.05,59.7,0.04,66.2,0.1,38.9,0.11,26.6,0.95,5.0,0.94,10.0,0.96,71.2,0.97,89.3,0.05,0.01,622.865,1776183767000
1776183769.417,169.417,0.05,59.7,0.04,66.2,0.1,38.9,0.11,26.6,0.9,38.9,0.89,26.6,0.95,59.7,0.96,66.2,0.05,0.05,622.923,1776183768000
1776183769.99,169.99,0.05,59.7,0.04,66.2,0.1,38.9,0.11,26.6,0.9,38.9,0.89,26.6,0.95,59.7,0.96,66.2,0.05,0.05,622.923,1776183769000
1776183770.425,170.425,0.05,59.7,0.04,66.2,0.08,10.0,0.1,28.9,0.9,38.9,0.89,26.6,0.95,59.7,0.96,66.2,0.03,0.05,622.923,1776183769000
1776183771.026,171.026,0.05,59.7,0.04,66.2,0.08,10.0,0.1,28.9,0.92,10.0,0.9,28.9,0.95,59.7,0.96,66.2,0.03,0.03,622.938,1776183770000
1776183772.078,172.078,0.05,59.7,0.04,66.2,0.08,10.0,0.1,28.9,0.92,10.0,0.9,28.9,0.95,59.7,0.96,66.2,0.03,0.03,622.996116,1776183771000
1776183773.863,173.863,0.05,59.7,0.04,66.2,0.08,10.0,0.1,28.9,0.92,10.0,0.9,28.9,0.95,59.7,0.96,66.2,0.03,0.03,623.038,1776183772000
1776183774.457,174.457,0.05,59.7,0.04,66.2,0.08,10.0,0.1,28.9,0.92,10.0,0.9,28.9,0.95,59.7,0.96,66.2,0.03,0.03,623.073,1776183773000
1776183775.094,175.094,0.05,59.7,0.04,66.2,0.08,10.0,0.1,28.9,0.92,10.0,0.9,28.9,0.95,59.7,0.96,66.2,0.03,0.03,623.037073,1776183774000
1776183776.306,176.306,0.05,59.7,0.04,66.2,0.08,10.0,0.1,28.9,0.92,10.0,0.9,28.9,0.95,59.7,0.96,66.2,0.03,0.03,623.075,1776183775000
1776183777.324,177.324,0.05,59.7,0.04,66.2,0.08,10.0,0.1,28.9,0.92,10.0,0.9,28.9,0.95,59.7,0.96,66.2,0.03,0.03,623.079,1776183776000
1776183778.473,178.473,0.05,59.7,0.04,66.2,0.08,10.0,0.1,28.9,0.92,10.0,0.9,28.9,0.95,59.7,0.96,66.2,0.03,0.03,623.065,1776183777000
1776183779.079,179.079,0.05,59.7,0.04,66.2,0.08,10.0,0.1,28.9,0.92,10.0,0.9,28.9,0.95,59.7,0.96,66.2,0.03,0.03,623.047,1776183778000
1776183780.288,180.288,0.05,59.7,0.04,66.2,0.08,10.0,0.1,28.9,0.92,10.0,0.9,28.9,0.95,59.7,0.96,66.2,0.03,0.03,623.045,1776183779000
1776183781.898,181.898,0.05,59.7,0.04,66.2,0.08,10.0,0.1,28.9,0.92,10.0,0.9,28.9,0.95,59.7,0.96,66.2,0.03,0.03,623.055,1776183780000
1776183782.843,182.843,0.05,59.7,0.04,66.2,0.08,10.0,0.1,28.9,0.92,10.0,0.9,28.9,0.95,59.7,0.96,66.2,0.03,0.03,623.053,1776183781000
1776183783.87,183.87,0.05,59.7,0.04,66.2,0.08,10.0,0.1,28.9,0.92,10.0,0.9,28.9,0.95,59.7,0.96,66.2,0.03,0.03,623.062,1776183782000
1776183784.536,184.536,0.05,59.7,0.04,66.2,0.08,10.0,0.1,28.9,0.92,10.0,0.9,28.9,0.95,59.7,0.96,66.2,0.03,0.03,623.052,1776183783000
1776183785.282,185.282,0.05,59.7,0.04,66.2,0.08,10.0,0.1,28.9,0.92,10.0,0.9,28.9,0.95,59.7,0.96,66.2,0.03,0.03,623.052,1776183784000
1776183785.884,185.884,0.05,62.59,0.04,66.2,0.06,5.0,0.07,10.0,0.92,10.0,0.9,28.9,0.95,59.7,0.96,66.2,0.01,0.03,623.052,1776183784000
1776183786.61,186.61,0.05,62.59,0.04,66.2,0.06,5.0,0.07,10.0,0.94,5.0,0.93,10.0,0.95,62.59,0.96,66.2,0.01,0.01,623.060148,1776183785000
1776183787.301,187.301,0.05,62.59,0.04,66.2,0.06,5.0,0.07,10.0,0.94,5.0,0.93,10.0,0.95,62.59,0.96,66.2,0.01,0.01,623.064865,1776183786000
1776183788.603,188.603,0.05,62.59,0.04,66.2,0.06,5.0,0.07,10.0,0.94,5.0,0.93,10.0,0.95,62.59,0.96,66.2,0.01,0.01,623.107,1776183787000
1776183789.265,189.265,0.05,62.59,0.04,66.2,0.06,5.0,0.07,10.0,0.94,5.0,0.93,10.0,0.95,62.59,0.96,66.2,0.01,0.01,623.107,1776183788000
1776183790.42,190.42,0.05,62.59,0.04,66.2,0.06,5.0,0.07,10.0,0.94,5.0,0.93,10.0,0.95,62.59,0.96,66.2,0.01,0.01,623.086,1776183789000
1776183790.998,190.998,0.05,62.59,0.04,66.2,0.06,5.0,0.07,10.0,0.94,5.0,0.93,10.0,0.95,62.59,0.96,66.2,0.01,0.01,623.118,1776183790000
1776183792.453,192.453,0.05,62.59,0.04,66.2,0.06,5.0,0.07,10.0,0.94,5.0,0.93,10.0,0.95,62.59,0.96,66.2,0.01,0.01,623.127,1776183791000
1776183793.021,193.021,0.05,62.59,0.04,66.2,0.06,5.0,0.07,10.0,0.94,5.0,0.93,10.0,0.95,62.59,0.96,66.2,0.01,0.01,623.127,1776183792000
1776183794.384,194.384,0.05,62.59,0.04,66.2,0.06,5.0,0.07,10.0,0.94,5.0,0.93,10.0,0.95,62.59,0.96,66.2,0.01,0.01,623.129,1776183793000
1776183795.165,195.165,0.05,62.59,0.04,66.2,0.06,5.0,0.07,10.0,0.94,5.0,0.93,10.0,0.95,62.59,0.96,66.2,0.01,0.01,623.129,1776183794000
1776183796.827,196.827,0.05,62.59,0.04,66.2,0.06,5.0,0.07,10.0,0.94,5.0,0.93,10.0,0.95,62.59,0.96,66.2,0.01,0.01,623.142,1776183795000
1776183797.285,197.285,0.05,47.49,0.04,66.2,0.06,5.0,0.09,10.0,0.94,5.0,0.93,10.0,0.95,62.59,0.96,66.2,0.01,0.01,623.142,1776183795000
1776183797.489,197.489,0.05,47.49,0.04,66.2,0.06,5.0,0.09,10.0,0.94,5.0,0.91,10.0,0.95,47.49,0.96,66.2,0.01,0.01,623.145,1776183796000
1776183798.181,198.181,0.05,47.49,0.04,66.2,0.06,5.0,0.09,10.0,0.94,5.0,0.91,10.0,0.95,47.49,0.96,66.2,0.01,0.01,623.146,1776183797000
1776183799.891,199.891,0.05,47.49,0.04,66.2,0.06,5.0,0.09,10.0,0.94,5.0,0.91,10.0,0.95,47.49,0.96,66.2,0.01,0.01,623.149,1776183798000
1776183800.427,200.427,0.05,47.49,0.04,66.2,0.06,5.0,0.09,10.0,0.94,5.0,0.91,10.0,0.95,47.49,0.96,66.2,0.01,0.01,623.149,1776183799000
1776183801.012,201.012,0.05,47.49,0.04,66.2,0.06,5.0,0.09,10.0,0.94,5.0,0.91,10.0,0.95,47.49,0.96,66.2,0.01,0.01,623.165,1776183800000
1776183802.001,202.001,0.05,47.49,0.04,66.2,0.06,5.0,0.09,10.0,0.94,5.0,0.91,10.0,0.95,47.49,0.96,66.2,0.01,0.01,623.161,1776183801000
1776183803.027,203.027,0.05,47.49,0.04,66.2,0.06,5.0,0.09,10.0,0.94,5.0,0.91,10.0,0.95,47.49,0.96,66.2,0.01,0.01,623.15394,1776183802000
1776183804.079,204.079,0.05,47.49,0.04,66.2,0.06,5.0,0.09,10.0,0.94,5.0,0.91,10.0,0.95,47.49,0.96,66.2,0.01,0.01,623.152,1776183803000
1776183805.017,205.017,0.05,44.33,0.04,66.2,0.06,15.0,0.1,28.9,0.94,5.0,0.91,10.0,0.95,47.49,0.96,66.2,0.01,0.01,623.152,1776183803000
1776183806.105,206.105,0.05,44.33,0.04,66.2,0.06,15.0,0.1,28.9,0.94,15.0,0.9,28.9,0.95,44.33,0.96,66.2,0.01,0.01,623.171,1776183805000
1776183807.311,207.311,0.05,44.33,0.04,66.2,0.06,15.0,0.1,28.9,0.94,15.0,0.9,28.9,0.95,44.33,0.96,66.2,0.01,0.01,623.16812,1776183806000
1776183808.264,208.264,0.05,44.33,0.04,66.2,0.06,15.0,0.1,28.9,0.94,15.0,0.9,28.9,0.95,44.33,0.96,66.2,0.01,0.01,623.168,1776183807000
1776183809.27,209.27,0.05,44.33,0.04,66.2,0.06,15.0,0.1,28.9,0.94,15.0,0.9,28.9,0.95,44.33,0.96,66.2,0.01,0.01,623.164,1776183808000
1776183810.021,210.021,0.05,44.33,0.04,66.2,0.06,15.0,0.1,28.9,0.94,15.0,0.9,28.9,0.95,44.33,0.96,66.2,0.01,0.01,623.163,1776183809000
1776183810.365,210.365,0.05,44.54,0.04,66.2,0.06,5.0,0.08,10.0,0.94,15.0,0.9,28.9,0.95,44.33,0.96,66.2,0.01,0.01,623.163,1776183809000
1776183811.006,211.006,0.05,44.54,0.04,66.2,0.06,5.0,0.08,10.0,0.94,5.0,0.92,10.0,0.95,44.54,0.96,66.2,0.01,0.01,623.163,1776183810000
1776183812.106,212.106,0.05,44.54,0.04,66.2,0.06,5.0,0.08,10.0,0.94,5.0,0.92,10.0,0.95,44.54,0.96,66.2,0.01,0.01,623.164,1776183811000
1776183813.189,213.189,0.05,34.44,0.04,66.2,0.06,15.0,0.1,28.9,0.94,5.0,0.92,10.0,0.95,44.54,0.96,66.2,0.01,0.01,623.164,1776183811000
1776183813.676,213.676,0.05,34.44,0.04,66.2,0.06,15.0,0.1,28.9,0.94,15.0,0.9,28.9,0.95,34.44,0.96,66.2,0.01,0.01,623.20005,1776183812000
1776183815.057,215.057,0.05,34.44,0.04,66.2,0.06,15.0,0.1,28.9,0.94,15.0,0.9,28.9,0.95,34.44,0.96,66.2,0.01,0.01,623.20005,1776183813000
1776183815.911,215.911,0.05,34.44,0.04,66.2,0.06,15.0,0.1,28.9,0.94,15.0,0.9,28.9,0.95,34.44,0.96,66.2,0.01,0.01,623.204,1776183814000
1776183816.544,216.544,0.05,34.44,0.04,66.2,0.06,15.0,0.1,28.9,0.94,15.0,0.9,28.9,0.95,34.44,0.96,66.2,0.01,0.01,623.218,1776183815000
1776183817.175,217.175,0.05,34.44,0.04,66.2,0.06,15.0,0.1,28.9,0.94,15.0,0.9,28.9,0.95,34.44,0.96,66.2,0.01,0.01,623.198,1776183816000
1776183818.527,218.527,0.05,34.44,0.04,66.2,0.06,15.0,0.1,28.9,0.94,15.0,0.9,28.9,0.95,34.44,0.96,66.2,0.01,0.01,623.198,1776183817000
1776183819.131,219.131,0.05,28.37,0.04,66.2,0.06,15.0,0.09,31.7,0.94,15.0,0.91,31.7,0.95,28.37,0.96,66.2,0.01,0.01,623.204,1776183818000
1776183820.648,220.648,0.05,28.37,0.04,66.2,0.06,15.0,0.09,31.7,0.94,15.0,0.91,31.7,0.95,28.37,0.96,66.2,0.01,0.01,623.218,1776183819000
1776183821.306,221.306,0.05,28.37,0.04,66.2,0.06,15.0,0.09,31.7,0.94,15.0,0.91,31.7,0.95,28.37,0.96,66.2,0.01,0.01,623.19985,1776183820000
1776183822.012,222.012,0.05,28.37,0.04,66.2,0.06,15.0,0.09,31.7,0.94,15.0,0.91,31.7,0.95,28.37,0.96,66.2,0.01,0.01,623.20838,1776183821000
1776183823.394,223.394,0.05,28.37,0.04,66.2,0.06,15.0,0.09,31.7,0.94,15.0,0.91,31.7,0.95,28.37,0.96,66.2,0.01,0.01,623.215,1776183822000
1776183824.137,224.137,0.05,28.37,0.04,66.2,0.06,15.0,0.09,31.7,0.94,15.0,0.91,31.7,0.95,28.37,0.96,66.2,0.01,0.01,623.215,1776183823000
1776183825.635,225.635,0.05,28.37,0.04,66.2,0.06,15.0,0.09,31.7,0.94,15.0,0.91,31.7,0.95,28.37,0.96,66.2,0.01,0.01,623.186,1776183824000
1776183826.356,226.356,0.05,28.37,0.04,66.2,0.06,15.0,0.09,31.7,0.94,15.0,0.91,31.7,0.95,28.37,0.96,66.2,0.01,0.01,623.194,1776183825000
1776183827.026,227.026,0.05,28.37,0.04,66.2,0.06,15.0,0.09,31.7,0.94,15.0,0.91,31.7,0.95,28.37,0.96,66.2,0.01,0.01,623.194,1776183826000
1776183828.514,228.514,0.05,28.37,0.04,66.2,0.06,15.0,0.09,31.7,0.94,15.0,0.91,31.7,0.95,28.37,0.96,66.2,0.01,0.01,623.182,1776183827000
1776183829.378,229.378,0.05,28.37,0.04,66.2,0.06,15.0,0.09,31.7,0.94,15.0,0.91,31.7,0.95,28.37,0.96,66.2,0.01,0.01,623.182,1776183828000
1776183830.865,230.865,0.05,28.37,0.04,66.2,0.06,15.0,0.09,31.7,0.94,15.0,0.91,31.7,0.95,28.37,0.96,66.2,0.01,0.01,623.183,1776183829000
1776183831.22,231.22,0.05,57.75,0.04,66.2,0.06,15.0,0.1,28.9,0.94,15.0,0.91,31.7,0.95,28.37,0.96,66.2,0.01,0.01,623.183,1776183829000
1776183831.735,231.735,0.05,57.75,0.04,66.2,0.06,15.0,0.1,28.9,0.94,15.0,0.9,28.9,0.95,57.75,0.96,66.2,0.01,0.01,623.179,1776183830000
1776183832.812,232.812,0.05,57.75,0.04,66.2,0.06,15.0,0.1,28.9,0.94,15.0,0.9,28.9,0.95,57.75,0.96,66.2,0.01,0.01,623.18,1776183831000
1776183833.326,233.326,0.05,57.75,0.04,66.2,0.06,15.0,0.1,28.9,0.94,15.0,0.9,28.9,0.95,57.75,0.96,66.2,0.01,0.01,623.18,1776183832000
1776183833.838,233.838,0.05,57.75,0.04,66.2,0.06,15.0,0.1,28.9,0.94,15.0,0.9,28.9,0.95,57.75,0.96,66.2,0.01,0.01,623.18,1776183833000
1776183835.364,235.364,0.05,57.75,0.04,66.2,0.06,15.0,0.1,28.9,0.94,15.0,0.9,28.9,0.95,57.75,0.96,66.2,0.01,0.01,623.176,1776183834000
1776183836.305,236.305,0.05,57.75,0.04,66.2,0.06,15.0,0.1,28.9,0.94,15.0,0.9,28.9,0.95,57.75,0.96,66.2,0.01,0.01,623.172,1776183835000
1776183837.332,237.332,0.05,57.75,0.04,66.2,0.06,15.0,0.1,28.9,0.94,15.0,0.9,28.9,0.95,57.75,0.96,66.2,0.01,0.01,623.174,1776183836000
1776183838.329,238.329,0.05,57.75,0.04,66.2,0.06,15.0,0.1,28.9,0.94,15.0,0.9,28.9,0.95,57.75,0.96,66.2,0.01,0.01,623.175,1776183837000
1776183839.283,239.283,0.05,57.75,0.04,66.2,0.06,15.0,0.1,28.9,0.94,15.0,0.9,28.9,0.95,57.75,0.96,66.2,0.01,0.01,623.171,1776183838000
1776183840.25,240.25,0.05,57.75,0.04,66.2,0.06,15.0,0.1,28.9,0.94,15.0,0.9,28.9,0.95,57.75,0.96,66.2,0.01,0.01,623.177,1776183839000
1776183841.302,241.302,0.05,57.75,0.04,66.2,0.06,15.0,0.1,28.9,0.94,15.0,0.9,28.9,0.95,57.75,0.96,66.2,0.01,0.01,623.172,1776183840000
1776183842.214,242.214,0.05,57.75,0.04,66.2,0.06,15.0,0.1,28.9,0.94,15.0,0.9,28.9,0.95,57.75,0.96,66.2,0.01,0.01,623.168,1776183841000
1776183842.661,242.661,0.03,78.35,0.02,142.69,0.06,51.1,0.07,49.9,0.94,51.1,0.93,49.9,0.97,86.35,0.98,142.69,0.03,0.03,623.168,1776183841000
1776183843.169,243.169,0.03,78.35,0.02,142.69,0.06,51.1,0.07,49.9,0.94,51.1,0.93,49.9,0.97,78.35,0.98,142.69,0.03,0.03,623.171,1776183842000
1776183844.165,244.165,0.03,78.35,0.02,142.69,0.06,51.1,0.07,49.9,0.94,51.1,0.93,49.9,0.97,78.35,0.98,142.69,0.03,0.03,623.171,1776183843000
1776183845.692,245.692,0.03,78.35,0.02,142.69,0.06,51.1,0.07,49.9,0.94,51.1,0.93,49.9,0.97,78.35,0.98,142.69,0.03,0.03,623.179,1776183844000
1776183846.237,246.237,0.03,78.35,0.02,142.69,0.06,51.1,0.07,49.9,0.94,51.1,0.93,49.9,0.97,78.35,0.98,142.69,0.03,0.03,623.174,1776183845000
1776183846.442,246.442,0.02,140.64,0.01,5587.48,0.05,59.7,0.06,51.1,0.94,51.1,0.93,49.9,0.97,78.35,0.98,142.69,0.03,0.03,623.174,1776183845000
1776183847.49,247.49,0.02,140.64,0.01,5587.48,0.05,59.7,0.06,51.1,0.95,59.7,0.94,51.1,0.98,140.64,0.99,5587.48,0.03,0.03,623.171,1776183846000
1776183847.889,247.889,0.02,120.23,0.01,5587.48,0.04,72.7,0.05,59.7,0.95,59.7,0.94,51.1,0.98,140.64,0.99,5587.48,0.02,0.03,623.171,1776183846000
1776183849.144,249.144,0.02,120.23,0.01,5587.48,0.04,72.7,0.05,59.7,0.96,72.7,0.95,59.7,0.98,120.23,0.99,5587.48,0.02,0.02,623.175,1776183848000
1776183850.217,250.217,0.02,120.23,0.01,5587.48,0.04,72.7,0.05,59.7,0.96,72.7,0.95,59.7,0.98,120.23,0.99,5587.48,0.02,0.02,623.175,1776183849000
1776183850.968,250.968,0.01,5323.86,,,0.03,94.3,0.04,72.7,0.96,72.7,0.95,59.7,0.98,120.23,0.99,5587.48,0.02,0.02,623.175,1776183849000
1776183851.371,251.371,0.01,5323.86,,,0.03,94.3,0.04,72.7,0.97,94.3,0.96,72.7,0.99,5323.86,,,0.02,0.02,623.172177,1776183850000
1776183852.412,252.412,0.01,5318.86,,,0.02,137.69,0.03,94.3,0.98,137.69,0.97,94.3,0.99,5318.86,,,0.01,0.01,623.151591,1776183851000
1776183853.006,253.006,0.01,5318.86,,,0.02,137.69,0.03,94.3,0.98,137.69,0.97,94.3,0.99,5318.86,,,0.01,0.01,623.147841,1776183852000
1776183854.091,254.091,0.01,5318.86,,,0.02,137.69,0.03,94.3,0.98,137.69,0.97,94.3,0.99,5318.86,,,0.01,0.01,623.101,1776183853000
1776183854.615,254.615,0.01,5267.86,,,0.02,137.69,0.03,94.3,0.98,137.69,0.97,94.3,0.99,5318.86,,,0.01,0.01,623.101,1776183853000
1776183855.111,255.111,0.01,5181.79,,,0.02,137.69,0.03,94.3,0.98,137.69,0.97,94.3,0.99,5267.86,,,0.01,0.01,623.101,1776183853000
1776183856.364,256.364,0.01,5180.77,,,0.02,137.69,0.03,94.3,0.98,137.69,0.97,94.3,0.99,5180.77,,,0.01,0.01,623.034841,1776183855000
1776183857.105,257.105,0.01,5180.77,,,0.02,137.69,0.03,94.3,0.98,137.69,0.97,94.3,0.99,5180.77,,,0.01,0.01,623.025,1776183856000
1776183857.762,257.762,0.01,5160.56,,,0.02,137.69,0.03,94.3,0.98,137.69,0.97,94.3,0.99,5180.77,,,0.01,0.01,623.025,1776183856000
1776183858.098,258.098,0.01,5160.56,,,0.02,137.69,0.03,94.3,0.98,137.69,0.97,94.3,0.99,5160.56,,,0.01,0.01,623.009,1776183857000
1776183858.956,258.956,0.01,5158.03,,,0.02,137.69,0.03,94.3,0.98,137.69,0.97,94.3,0.99,5160.56,,,0.01,0.01,623.009,1776183857000
1776183859.443,259.443,0.01,5158.03,,,0.02,137.69,0.03,94.3,0.98,137.69,0.97,94.3,0.99,5158.03,,,0.01,0.01,623.005,1776183858000
1776183860.425,260.425,0.01,5158.03,,,0.02,137.69,0.03,94.3,0.98,137.69,0.97,94.3,0.99,5158.03,,,0.01,0.01,623.009,1776183859000
1776183860.92,260.92,0.01,5158.03,,,0.02,137.69,0.03,94.3,0.98,137.69,0.97,94.3,0.99,5158.03,,,0.01,0.01,623.009,1776183860000
1776183861.887,261.887,0.01,5158.03,,,0.02,137.69,0.03,94.3,0.98,137.69,0.97,94.3,0.99,5158.03,,,0.01,0.01,623.005,1776183861000
1776183862.933,262.933,0.01,5158.03,,,0.02,137.69,0.03,94.3,0.98,137.69,0.97,94.3,0.99,5158.03,,,0.01,0.01,623.01,1776183862000
1776183863.851,263.851,0.01,5158.03,,,0.02,137.69,0.03,94.3,0.98,137.69,0.97,94.3,0.99,5158.03,,,0.01,0.01,622.926,1776183863000
1776183864.828,264.828,0.01,5158.03,,,0.02,137.69,0.03,94.3,0.98,137.69,0.97,94.3,0.99,5158.03,,,0.01,0.01,622.926,1776183864000
1776183865.031,265.031,,,,,0.01,831.14,0.02,151.83,0.98,151.83,0.97,94.3,0.99,168.86,,,,0.01,622.926,1776183864000
1776183865.277,265.277,,,,,0.01,1109.04,0.02,156.83,0.99,831.14,0.98,151.83,,,,,,,622.926,1776183864000
1776183866.276,266.276,,,,,0.01,1109.04,0.02,156.83,0.99,1109.04,0.98,156.83,,,,,,,622.915156,1776183865000
1776183867.209,267.209,,,,,0.01,1109.04,0.02,156.83,0.99,1109.04,0.98,156.83,,,,,,,622.820303,1776183866000
1776183868.189,268.189,,,,,0.01,1109.04,0.02,156.83,0.99,1109.04,0.98,156.83,,,,,,,622.683707,1776183867000
1776183869.14,269.14,,,,,0.01,1109.04,0.02,156.83,0.99,1109.04,0.98,156.83,,,,,,,622.682681,1776183868000
1776183870.249,270.249,,,,,0.01,1109.04,0.02,156.83,0.99,1109.04,0.98,156.83,,,,,,,622.682665,1776183869000
1776183871.154,271.154,,,,,0.01,1109.04,0.02,156.83,0.99,1109.04,0.98,156.83,,,,,,,622.687038,1776183870000
1776183872.14,272.14,,,,,0.01,1109.04,0.02,156.83,0.99,1109.04,0.98,156.83,,,,,,,622.687114,1776183871000
1776183873.052,273.052,,,,,0.01,1109.04,0.02,156.83,0.99,1109.04,0.98,156.83,,,,,,,622.677,1776183872000
1776183874.202,274.202,,,,,0.01,1109.04,0.02,156.83,0.99,1109.04,0.98,156.83,,,,,,,622.675062,1776183873000
1776183875.318,275.318,,,,,0.01,1109.04,0.02,156.83,0.99,1109.04,0.98,156.83,,,,,,,622.548118,1776183874000
1776183876.343,276.343,,,,,0.01,1109.04,0.02,156.83,0.99,1109.04,0.98,156.83,,,,,,,622.503,1776183875000
1776183877.277,277.277,,,,,0.01,1109.04,0.02,156.83,0.99,1109.04,0.98,156.83,,,,,,,622.470764,1776183876000
1776183878.487,278.487,,,,,0.01,1109.04,0.02,156.83,0.99,1109.04,0.98,156.83,,,,,,,622.470744,1776183877000
1776183878.923,278.923,,,,,0.01,1109.04,0.02,156.83,0.99,1109.04,0.98,156.83,,,,,,,622.454176,1776183878000
1776183880.044,280.044,,,,,0.01,1109.04,0.02,156.83,0.99,1109.04,0.98,156.83,,,,,,,622.438519,1776183879000
1776183881.276,281.276,,,,,0.01,1109.04,0.02,156.83,0.99,1109.04,0.98,156.83,,,,,,,622.454538,1776183880000
1776183882.289,282.289,,,,,0.01,1109.04,0.02,156.83,0.99,1109.04,0.98,156.83,,,,,,,622.454717,1776183881000
1776183883.342,283.342,,,,,0.01,1109.04,0.02,156.83,0.99,1109.04,0.98,156.83,,,,,,,622.453773,1776183882000
1776183884.438,284.438,,,,,0.01,1109.04,0.02,156.83,0.99,1109.04,0.98,156.83,,,,,,,622.453773,1776183883000
1776183884.898,284.898,,,,,0.01,1109.04,0.02,156.83,0.99,1109.04,0.98,156.83,,,,,,,622.453796,1776183884000
1776183885.944,285.944,,,,,0.01,1109.04,0.02,156.83,0.99,1109.04,0.98,156.83,,,,,,,622.453814,1776183885000
1776183887.458,287.458,,,,,0.01,1109.04,0.02,156.83,0.99,1109.04,0.98,156.83,,,,,,,622.39,1776183886000
1776183888.63,288.63,,,,,0.01,1109.04,0.02,156.83,0.99,1109.04,0.98,156.83,,,,,,,622.404,1776183887000
1776183889.51,289.51,,,,,0.01,1109.04,0.02,156.83,0.99,1109.04,0.98,156.83,,,,,,,622.387,1776183888000
1776183890.559,290.559,,,,,0.01,1109.04,0.02,156.83,0.99,1109.04,0.98,156.83,,,,,,,622.387,1776183889000
1776183891.167,291.167,,,,,0.01,1109.04,0.02,156.83,0.99,1109.04,0.98,156.83,,,,,,,622.383176,1776183890000
1776183892.436,292.436,,,,,0.01,1109.04,0.02,156.83,0.99,1109.04,0.98,156.83,,,,,,,622.386265,1776183891000
1776183893.278,293.278,,,,,0.01,1109.04,0.02,156.83,0.99,1109.04,0.98,156.83,,,,,,,622.404031,1776183892000
1776183894.575,294.575,,,,,0.01,1109.04,0.02,156.83,0.99,1109.04,0.98,156.83,,,,,,,622.547,1776183893000
1776183895.232,295.232,,,,,0.01,1109.04,0.02,156.83,0.99,1109.04,0.98,156.83,,,,,,,622.547,1776183894000
1776183896.531,296.531,,,,,0.01,1109.04,0.02,156.83,0.99,1109.04,0.98,156.83,,,,,,,622.517,1776183895000
1776183897.227,297.227,,,,,0.01,1109.04,0.02,156.83,0.99,1109.04,0.98,156.83,,,,,,,622.517,1776183896000
1776183898.742,298.742,,,,,0.01,1109.04,0.02,156.83,0.99,1109.04,0.98,156.83,,,,,,,622.527,1776183897000
1776183899.488,299.488,,,,,0.01,1109.04,0.02,156.83,0.99,1109.04,0.98,156.83,,,,,,,622.527,1776183898000
1776183900.164,300.164,,,,,0.01,1109.04,0.02,156.83,0.99,1109.04,0.98,156.83,,,,,,,622.552,1776183899000

# RESULT,winner=Down,slug=bnb-updown-5m-1776183600,ticks=324
