timestamp,elapsed_sec,up_bid_p1,up_bid_s1,up_bid_p2,up_bid_s2,up_bid_p3,up_bid_s3,up_bid_p4,up_bid_s4,up_bid_p5,up_bid_s5,up_ask_p1,up_ask_s1,up_ask_p2,up_ask_s2,up_ask_p3,up_ask_s3,up_ask_p4,up_ask_s4,up_ask_p5,up_ask_s5,down_bid_p1,down_bid_s1,down_bid_p2,down_bid_s2,down_bid_p3,down_bid_s3,down_bid_p4,down_bid_s4,down_bid_p5,down_bid_s5,down_ask_p1,down_ask_s1,down_ask_p2,down_ask_s2,down_ask_p3,down_ask_s3,down_ask_p4,down_ask_s4,down_ask_p5,down_ask_s5,up_spread,down_spread,bnb_price,bnb_oracle_ts
1776165611.559,11.559,0.52,10.0,0.5,5.0,0.49,5.0,0.44,5.0,0.43,5.0,0.59,10.0,0.6,5.0,0.61,5.0,0.64,10.0,0.66,14.0,0.41,10.0,0.4,5.0,0.39,5.0,0.36,10.0,0.34,14.0,0.48,10.0,0.5,5.0,0.51,5.0,0.56,5.0,0.57,5.0,0.07,0.07,616.61439,1776165609000
1776165611.763,11.763,0.52,10.0,0.5,5.0,0.49,5.0,0.44,5.0,0.43,5.0,0.59,10.0,0.6,5.0,0.61,5.0,0.64,10.0,0.66,14.0,0.41,10.0,0.4,5.0,0.39,5.0,0.36,10.0,0.34,14.0,0.48,10.0,0.5,5.0,0.51,5.0,0.56,5.0,0.57,5.0,0.07,0.07,616.62048,1776165610000
1776165612.071,12.071,0.52,10.0,0.5,5.0,0.49,5.0,0.44,5.0,0.43,5.0,0.59,10.0,0.6,5.0,0.61,5.0,0.64,10.0,0.66,14.0,0.41,10.0,0.4,5.0,0.39,5.0,0.36,10.0,0.34,14.0,0.48,10.0,0.5,5.0,0.51,5.0,0.56,5.0,0.57,5.0,0.07,0.07,616.62048,1776165610000
1776165612.566,12.566,0.52,10.0,0.5,5.0,0.49,5.0,0.44,5.0,0.43,5.0,0.59,10.0,0.6,5.0,0.61,5.0,0.64,10.0,0.66,14.0,0.41,10.0,0.4,5.0,0.39,5.0,0.36,10.0,0.34,14.0,0.48,10.0,0.5,5.0,0.51,5.0,0.56,5.0,0.57,5.0,0.07,0.07,616.624,1776165611000
1776165613.373,13.373,0.52,10.0,0.5,5.0,0.49,5.0,0.44,5.0,0.43,5.0,0.59,10.0,0.6,5.0,0.61,5.0,0.64,10.0,0.66,14.0,0.41,10.0,0.4,5.0,0.39,5.0,0.36,10.0,0.34,14.0,0.48,10.0,0.5,5.0,0.51,5.0,0.56,5.0,0.57,5.0,0.07,0.07,616.625,1776165612000
1776165614.187,14.187,0.52,10.0,0.5,5.0,0.49,5.0,0.44,5.0,0.43,5.0,0.59,10.0,0.6,5.0,0.61,5.0,0.64,10.0,0.66,14.0,0.41,10.0,0.4,5.0,0.39,5.0,0.36,10.0,0.34,14.0,0.48,10.0,0.5,5.0,0.51,5.0,0.56,5.0,0.57,5.0,0.07,0.07,616.625,1776165613000
1776165615.737,15.737,0.52,10.0,0.5,5.0,0.49,5.0,0.44,5.0,0.43,5.0,0.59,10.0,0.6,5.0,0.61,5.0,0.64,10.0,0.66,14.0,0.41,10.0,0.4,5.0,0.39,5.0,0.36,10.0,0.34,14.0,0.48,10.0,0.5,5.0,0.51,5.0,0.56,5.0,0.57,5.0,0.07,0.07,616.624,1776165614000
1776165616.441,16.441,0.52,10.0,0.5,5.0,0.49,5.0,0.44,5.0,0.43,5.0,0.59,10.0,0.6,5.0,0.61,5.0,0.64,10.0,0.66,14.0,0.41,10.0,0.4,5.0,0.39,5.0,0.36,10.0,0.34,14.0,0.48,10.0,0.5,5.0,0.51,5.0,0.56,5.0,0.57,5.0,0.07,0.07,616.624,1776165615000
1776165617.215,17.215,0.52,10.0,0.5,5.0,0.49,5.0,0.44,5.0,0.43,5.0,0.59,10.0,0.6,5.0,0.61,5.0,0.64,10.0,0.66,14.0,0.41,10.0,0.4,5.0,0.39,5.0,0.36,10.0,0.34,14.0,0.48,10.0,0.5,5.0,0.51,5.0,0.56,5.0,0.57,5.0,0.07,0.07,616.624,1776165616000
1776165618.769,18.769,0.52,10.0,0.5,5.0,0.49,5.0,0.44,5.0,0.43,5.0,0.59,10.0,0.6,5.0,0.61,5.0,0.64,10.0,0.66,14.0,0.41,10.0,0.4,5.0,0.39,5.0,0.36,10.0,0.34,14.0,0.48,10.0,0.5,5.0,0.51,5.0,0.56,5.0,0.57,5.0,0.07,0.07,616.622,1776165617000
1776165619.514,19.514,0.52,10.0,0.5,5.0,0.49,5.0,0.44,5.0,0.43,5.0,0.59,10.0,0.6,5.0,0.61,5.0,0.64,10.0,0.66,14.0,0.41,10.0,0.4,5.0,0.39,5.0,0.36,10.0,0.34,14.0,0.48,10.0,0.5,5.0,0.51,5.0,0.56,5.0,0.57,5.0,0.07,0.07,616.623,1776165618000
1776165620.274,20.274,0.52,10.0,0.5,5.0,0.49,5.0,0.44,5.0,0.43,5.0,0.59,10.0,0.6,5.0,0.61,5.0,0.64,10.0,0.66,14.0,0.41,10.0,0.4,5.0,0.39,5.0,0.36,10.0,0.34,14.0,0.48,10.0,0.5,5.0,0.51,5.0,0.56,5.0,0.57,5.0,0.07,0.07,616.623,1776165619000
1776165621.823,21.823,0.52,10.0,0.5,5.0,0.49,5.0,0.44,5.0,0.43,5.0,0.59,10.0,0.6,5.0,0.61,5.0,0.64,10.0,0.66,14.0,0.41,10.0,0.4,5.0,0.39,5.0,0.36,10.0,0.34,14.0,0.48,10.0,0.5,5.0,0.51,5.0,0.56,5.0,0.57,5.0,0.07,0.07,616.618722,1776165620000
1776165622.625,22.625,0.52,10.0,0.5,5.0,0.49,5.0,0.44,5.0,0.43,5.0,0.59,10.0,0.6,5.0,0.61,5.0,0.64,10.0,0.66,14.0,0.41,10.0,0.4,5.0,0.39,5.0,0.36,10.0,0.34,14.0,0.48,10.0,0.5,5.0,0.51,5.0,0.56,5.0,0.57,5.0,0.07,0.07,616.619406,1776165621000
1776165623.697,23.697,0.52,10.0,0.5,5.0,0.49,5.0,0.44,5.0,0.43,5.0,0.59,10.0,0.6,5.0,0.61,5.0,0.64,10.0,0.66,14.0,0.41,10.0,0.4,5.0,0.39,5.0,0.36,10.0,0.34,14.0,0.48,10.0,0.5,5.0,0.51,5.0,0.56,5.0,0.57,5.0,0.07,0.07,616.652,1776165622000
1776165624.129,24.129,0.52,10.0,0.5,5.0,0.49,5.0,0.44,5.0,0.43,5.0,0.59,10.0,0.6,5.0,0.61,5.0,0.64,10.0,0.66,14.0,0.41,10.0,0.4,5.0,0.39,5.0,0.36,10.0,0.34,14.0,0.48,10.0,0.5,5.0,0.51,5.0,0.56,5.0,0.57,5.0,0.07,0.07,616.652,1776165623000
1776165625.059,25.059,0.52,10.0,0.5,5.0,0.49,5.0,0.44,5.0,0.43,5.0,0.59,10.0,0.6,5.0,0.61,5.0,0.64,10.0,0.66,14.0,0.41,10.0,0.4,5.0,0.39,5.0,0.36,10.0,0.34,14.0,0.48,10.0,0.5,5.0,0.51,5.0,0.56,5.0,0.57,5.0,0.07,0.07,616.704181,1776165624000
1776165626.125,26.125,0.52,10.0,0.5,5.0,0.49,5.0,0.44,5.0,0.43,5.0,0.59,10.0,0.6,5.0,0.61,5.0,0.64,10.0,0.66,14.0,0.41,10.0,0.4,5.0,0.39,5.0,0.36,10.0,0.34,14.0,0.48,10.0,0.5,5.0,0.51,5.0,0.56,5.0,0.57,5.0,0.07,0.07,616.72524,1776165625000
1776165627.011,27.011,0.52,10.0,0.5,5.0,0.49,5.0,0.44,5.0,0.43,5.0,0.59,10.0,0.6,5.0,0.61,5.0,0.64,10.0,0.66,14.0,0.41,10.0,0.4,5.0,0.39,5.0,0.36,10.0,0.34,14.0,0.48,10.0,0.5,5.0,0.51,5.0,0.56,5.0,0.57,5.0,0.07,0.07,616.7225,1776165626000
1776165628.065,28.065,0.52,10.0,0.5,5.0,0.49,5.0,0.44,5.0,0.43,5.0,0.59,10.0,0.6,5.0,0.61,5.0,0.64,10.0,0.66,14.0,0.41,10.0,0.4,5.0,0.39,5.0,0.36,10.0,0.34,14.0,0.48,10.0,0.5,5.0,0.51,5.0,0.56,5.0,0.57,5.0,0.07,0.07,616.68717,1776165627000
1776165628.983,28.983,0.52,10.0,0.5,5.0,0.49,5.0,0.44,5.0,0.43,5.0,0.59,10.0,0.6,5.0,0.61,5.0,0.64,10.0,0.66,14.0,0.41,10.0,0.4,5.0,0.39,5.0,0.36,10.0,0.34,14.0,0.48,10.0,0.5,5.0,0.51,5.0,0.56,5.0,0.57,5.0,0.07,0.07,616.6987,1776165628000
1776165629.945,29.945,0.52,10.0,0.5,5.0,0.49,5.0,0.44,5.0,0.43,5.0,0.59,10.0,0.6,5.0,0.61,5.0,0.64,10.0,0.66,14.0,0.41,10.0,0.4,5.0,0.39,5.0,0.36,10.0,0.34,14.0,0.48,10.0,0.5,5.0,0.51,5.0,0.56,5.0,0.57,5.0,0.07,0.07,616.71538,1776165629000
1776165630.975,30.975,0.52,10.0,0.5,5.0,0.49,5.0,0.44,5.0,0.43,5.0,0.59,10.0,0.6,5.0,0.61,5.0,0.64,10.0,0.66,14.0,0.41,10.0,0.4,5.0,0.39,5.0,0.36,10.0,0.34,14.0,0.48,10.0,0.5,5.0,0.51,5.0,0.56,5.0,0.57,5.0,0.07,0.07,616.71696,1776165630000
1776165631.891,31.891,0.52,10.0,0.5,5.0,0.49,5.0,0.44,5.0,0.43,5.0,0.59,10.0,0.6,5.0,0.61,5.0,0.64,10.0,0.66,14.0,0.41,10.0,0.4,5.0,0.39,5.0,0.36,10.0,0.34,14.0,0.48,10.0,0.5,5.0,0.51,5.0,0.56,5.0,0.57,5.0,0.07,0.07,616.73318,1776165631000
1776165632.944,32.944,0.52,10.0,0.5,5.0,0.49,5.0,0.44,5.0,0.43,5.0,0.59,10.0,0.6,5.0,0.61,5.0,0.64,10.0,0.66,14.0,0.41,10.0,0.4,5.0,0.39,5.0,0.36,10.0,0.34,14.0,0.48,10.0,0.5,5.0,0.51,5.0,0.56,5.0,0.57,5.0,0.07,0.07,616.75211,1776165632000
1776165634.317,34.317,0.52,10.0,0.5,5.0,0.49,5.0,0.44,5.0,0.43,5.0,0.59,10.0,0.6,5.0,0.61,5.0,0.64,10.0,0.66,14.0,0.41,10.0,0.4,5.0,0.39,5.0,0.36,10.0,0.34,14.0,0.48,10.0,0.5,5.0,0.51,5.0,0.56,5.0,0.57,5.0,0.07,0.07,616.74357,1776165633000
1776165635.242,35.242,0.52,10.0,0.5,5.0,0.49,5.0,0.44,5.0,0.43,5.0,0.59,10.0,0.6,5.0,0.61,5.0,0.64,10.0,0.66,14.0,0.41,10.0,0.4,5.0,0.39,5.0,0.36,10.0,0.34,14.0,0.48,10.0,0.5,5.0,0.51,5.0,0.56,5.0,0.57,5.0,0.07,0.07,616.78189,1776165634000
1776165636.251,36.251,0.52,10.0,0.5,5.0,0.49,5.0,0.44,5.0,0.43,5.0,0.59,10.0,0.6,5.0,0.61,5.0,0.64,10.0,0.66,14.0,0.41,10.0,0.4,5.0,0.39,5.0,0.36,10.0,0.34,14.0,0.48,10.0,0.5,5.0,0.51,5.0,0.56,5.0,0.57,5.0,0.07,0.07,616.77327,1776165635000
1776165637.429,37.429,0.52,10.0,0.5,5.0,0.49,5.0,0.44,5.0,0.43,5.0,0.59,10.0,0.6,5.0,0.61,5.0,0.64,10.0,0.66,14.0,0.41,10.0,0.4,5.0,0.39,5.0,0.36,10.0,0.34,14.0,0.48,10.0,0.5,5.0,0.51,5.0,0.56,5.0,0.57,5.0,0.07,0.07,616.76109,1776165636000
1776165638.225,38.225,0.52,10.0,0.5,5.0,0.49,5.0,0.44,5.0,0.43,5.0,0.59,10.0,0.6,5.0,0.61,5.0,0.64,10.0,0.66,14.0,0.41,10.0,0.4,5.0,0.39,5.0,0.36,10.0,0.34,14.0,0.48,10.0,0.5,5.0,0.51,5.0,0.56,5.0,0.57,5.0,0.07,0.07,616.757206,1776165637000
1776165639.218,39.218,0.52,10.0,0.5,5.0,0.49,5.0,0.44,5.0,0.43,5.0,0.59,10.0,0.6,5.0,0.61,5.0,0.64,10.0,0.66,14.0,0.41,10.0,0.4,5.0,0.39,5.0,0.36,10.0,0.34,14.0,0.48,10.0,0.5,5.0,0.51,5.0,0.56,5.0,0.57,5.0,0.07,0.07,616.772172,1776165638000
1776165640.233,40.233,0.52,10.0,0.5,5.0,0.49,5.0,0.44,5.0,0.43,5.0,0.59,10.0,0.6,5.0,0.61,5.0,0.64,10.0,0.66,14.0,0.41,10.0,0.4,5.0,0.39,5.0,0.36,10.0,0.34,14.0,0.48,10.0,0.5,5.0,0.51,5.0,0.56,5.0,0.57,5.0,0.07,0.07,616.756649,1776165639000
1776165641.25,41.25,0.52,10.0,0.5,5.0,0.49,5.0,0.44,5.0,0.43,5.0,0.59,10.0,0.6,5.0,0.61,5.0,0.64,10.0,0.66,14.0,0.41,10.0,0.4,5.0,0.39,5.0,0.36,10.0,0.34,14.0,0.48,10.0,0.5,5.0,0.51,5.0,0.56,5.0,0.57,5.0,0.07,0.07,616.77416,1776165640000
1776165642.247,42.247,0.52,10.0,0.5,5.0,0.49,5.0,0.44,5.0,0.43,5.0,0.59,10.0,0.6,5.0,0.61,5.0,0.64,10.0,0.66,14.0,0.41,10.0,0.4,5.0,0.39,5.0,0.36,10.0,0.34,14.0,0.48,10.0,0.5,5.0,0.51,5.0,0.56,5.0,0.57,5.0,0.07,0.07,616.792,1776165641000
1776165643.231,43.231,0.52,10.0,0.5,5.0,0.49,5.0,0.44,5.0,0.43,5.0,0.59,10.0,0.6,5.0,0.61,5.0,0.64,10.0,0.66,14.0,0.41,10.0,0.4,5.0,0.39,5.0,0.36,10.0,0.34,14.0,0.48,10.0,0.5,5.0,0.51,5.0,0.56,5.0,0.57,5.0,0.07,0.07,616.786,1776165642000
1776165644.219,44.219,0.52,10.0,0.5,5.0,0.49,5.0,0.44,5.0,0.43,5.0,0.59,10.0,0.6,5.0,0.61,5.0,0.64,10.0,0.66,14.0,0.41,10.0,0.4,5.0,0.39,5.0,0.36,10.0,0.34,14.0,0.48,10.0,0.5,5.0,0.51,5.0,0.56,5.0,0.57,5.0,0.07,0.07,616.794,1776165643000
1776165645.174,45.174,0.52,10.0,0.5,5.0,0.49,5.0,0.44,5.0,0.43,5.0,0.59,10.0,0.6,5.0,0.61,5.0,0.64,10.0,0.66,14.0,0.41,10.0,0.4,5.0,0.39,5.0,0.36,10.0,0.34,14.0,0.48,10.0,0.5,5.0,0.51,5.0,0.56,5.0,0.57,5.0,0.07,0.07,616.763,1776165644000
1776165646.166,46.166,0.52,10.0,0.5,5.0,0.49,5.0,0.44,5.0,0.43,5.0,0.59,10.0,0.6,5.0,0.61,5.0,0.64,10.0,0.66,14.0,0.41,10.0,0.4,5.0,0.39,5.0,0.36,10.0,0.34,14.0,0.48,10.0,0.5,5.0,0.51,5.0,0.56,5.0,0.57,5.0,0.07,0.07,616.754,1776165645000
1776165647.15,47.15,0.52,10.0,0.5,5.0,0.49,5.0,0.44,5.0,0.43,5.0,0.59,10.0,0.6,5.0,0.61,5.0,0.64,10.0,0.66,14.0,0.41,10.0,0.4,5.0,0.39,5.0,0.36,10.0,0.34,14.0,0.48,10.0,0.5,5.0,0.51,5.0,0.56,5.0,0.57,5.0,0.07,0.07,616.755774,1776165646000
1776165648.092,48.092,0.52,10.0,0.5,5.0,0.49,5.0,0.44,5.0,0.43,5.0,0.59,10.0,0.6,5.0,0.61,5.0,0.64,10.0,0.66,14.0,0.41,10.0,0.4,5.0,0.39,5.0,0.36,10.0,0.34,14.0,0.48,10.0,0.5,5.0,0.51,5.0,0.56,5.0,0.57,5.0,0.07,0.07,616.752,1776165647000
1776165649.084,49.084,0.52,10.0,0.5,5.0,0.49,5.0,0.44,5.0,0.43,5.0,0.59,10.0,0.6,5.0,0.61,5.0,0.64,10.0,0.66,14.0,0.41,10.0,0.4,5.0,0.39,5.0,0.36,10.0,0.34,14.0,0.48,10.0,0.5,5.0,0.51,5.0,0.56,5.0,0.57,5.0,0.07,0.07,616.752,1776165648000
1776165650.151,50.151,0.52,10.0,0.5,5.0,0.49,5.0,0.44,5.0,0.43,5.0,0.59,10.0,0.6,5.0,0.61,5.0,0.64,10.0,0.66,14.0,0.41,10.0,0.4,5.0,0.39,5.0,0.36,10.0,0.34,14.0,0.48,10.0,0.5,5.0,0.51,5.0,0.56,5.0,0.57,5.0,0.07,0.07,616.758,1776165649000
1776165651.259,51.259,0.52,10.0,0.5,5.0,0.49,5.0,0.44,5.0,0.43,5.0,0.59,10.0,0.6,5.0,0.61,5.0,0.64,10.0,0.66,14.0,0.41,10.0,0.4,5.0,0.39,5.0,0.36,10.0,0.34,14.0,0.48,10.0,0.5,5.0,0.51,5.0,0.56,5.0,0.57,5.0,0.07,0.07,616.719,1776165650000
1776165652.358,52.358,0.52,10.0,0.5,5.0,0.49,5.0,0.44,5.0,0.43,5.0,0.59,10.0,0.6,5.0,0.61,5.0,0.64,10.0,0.66,14.0,0.41,10.0,0.4,5.0,0.39,5.0,0.36,10.0,0.34,14.0,0.48,10.0,0.5,5.0,0.51,5.0,0.56,5.0,0.57,5.0,0.07,0.07,616.714,1776165651000
1776165653.003,53.003,0.52,10.0,0.5,5.0,0.49,5.0,0.44,5.0,0.43,5.0,0.59,10.0,0.6,5.0,0.61,5.0,0.64,10.0,0.66,14.0,0.41,10.0,0.4,5.0,0.39,5.0,0.36,10.0,0.34,14.0,0.48,10.0,0.5,5.0,0.51,5.0,0.56,5.0,0.57,5.0,0.07,0.07,616.714,1776165652000
1776165653.967,53.967,0.52,10.0,0.5,5.0,0.49,5.0,0.44,5.0,0.43,5.0,0.59,10.0,0.6,5.0,0.61,5.0,0.64,10.0,0.66,14.0,0.41,10.0,0.4,5.0,0.39,5.0,0.36,10.0,0.34,14.0,0.48,10.0,0.5,5.0,0.51,5.0,0.56,5.0,0.57,5.0,0.07,0.07,616.715,1776165653000
1776165654.979,54.979,0.52,10.0,0.5,5.0,0.49,5.0,0.44,5.0,0.43,5.0,0.59,10.0,0.6,5.0,0.61,5.0,0.64,10.0,0.66,14.0,0.41,10.0,0.4,5.0,0.39,5.0,0.36,10.0,0.34,14.0,0.48,10.0,0.5,5.0,0.51,5.0,0.56,5.0,0.57,5.0,0.07,0.07,616.715,1776165654000
1776165656.062,56.062,0.52,10.0,0.5,5.0,0.49,5.0,0.44,5.0,0.43,5.0,0.59,10.0,0.6,5.0,0.61,5.0,0.64,10.0,0.66,14.0,0.41,10.0,0.4,5.0,0.39,5.0,0.36,10.0,0.34,14.0,0.48,10.0,0.5,5.0,0.51,5.0,0.56,5.0,0.57,5.0,0.07,0.07,616.718,1776165655000
1776165657.222,57.222,0.52,10.0,0.5,5.0,0.49,5.0,0.44,5.0,0.43,5.0,0.59,10.0,0.6,5.0,0.61,5.0,0.64,10.0,0.66,14.0,0.41,10.0,0.4,5.0,0.39,5.0,0.36,10.0,0.34,14.0,0.48,10.0,0.5,5.0,0.51,5.0,0.56,5.0,0.57,5.0,0.07,0.07,616.718,1776165656000
1776165658.297,58.297,0.52,10.0,0.5,5.0,0.49,5.0,0.44,5.0,0.43,5.0,0.59,10.0,0.6,5.0,0.61,5.0,0.64,10.0,0.66,14.0,0.41,10.0,0.4,5.0,0.39,5.0,0.36,10.0,0.34,14.0,0.48,10.0,0.5,5.0,0.51,5.0,0.56,5.0,0.57,5.0,0.07,0.07,616.724,1776165657000
1776165659.389,59.389,0.52,10.0,0.5,5.0,0.49,5.0,0.44,5.0,0.43,5.0,0.59,10.0,0.6,5.0,0.61,5.0,0.64,10.0,0.66,14.0,0.41,10.0,0.4,5.0,0.39,5.0,0.36,10.0,0.34,14.0,0.48,10.0,0.5,5.0,0.51,5.0,0.56,5.0,0.57,5.0,0.07,0.07,616.724,1776165658000
1776165660.04,60.04,0.52,10.0,0.5,5.0,0.49,5.0,0.44,5.0,0.43,5.0,0.59,10.0,0.6,5.0,0.61,5.0,0.64,10.0,0.66,14.0,0.41,10.0,0.4,5.0,0.39,5.0,0.36,10.0,0.34,14.0,0.48,10.0,0.5,5.0,0.51,5.0,0.56,5.0,0.57,5.0,0.07,0.07,616.670309,1776165659000
1776165661.254,61.254,0.52,10.0,0.5,5.0,0.49,5.0,0.44,5.0,0.43,5.0,0.59,10.0,0.6,5.0,0.61,5.0,0.64,10.0,0.66,14.0,0.41,10.0,0.4,5.0,0.39,5.0,0.36,10.0,0.34,14.0,0.48,10.0,0.5,5.0,0.51,5.0,0.56,5.0,0.57,5.0,0.07,0.07,616.666,1776165660000
1776165662.371,62.371,0.52,10.0,0.5,5.0,0.49,5.0,0.44,5.0,0.43,5.0,0.59,10.0,0.6,5.0,0.61,5.0,0.64,10.0,0.66,14.0,0.41,10.0,0.4,5.0,0.39,5.0,0.36,10.0,0.34,14.0,0.48,10.0,0.5,5.0,0.51,5.0,0.56,5.0,0.57,5.0,0.07,0.07,616.643434,1776165661000
1776165663.53,63.53,0.52,10.0,0.5,5.0,0.49,5.0,0.44,5.0,0.43,5.0,0.59,10.0,0.6,5.0,0.61,5.0,0.64,10.0,0.66,14.0,0.41,10.0,0.4,5.0,0.39,5.0,0.36,10.0,0.34,14.0,0.48,10.0,0.5,5.0,0.51,5.0,0.56,5.0,0.57,5.0,0.07,0.07,616.628882,1776165662000
1776165664.207,64.207,0.52,10.0,0.5,5.0,0.49,5.0,0.44,5.0,0.43,5.0,0.59,10.0,0.6,5.0,0.61,5.0,0.64,10.0,0.66,14.0,0.41,10.0,0.4,5.0,0.39,5.0,0.36,10.0,0.34,14.0,0.48,10.0,0.5,5.0,0.51,5.0,0.56,5.0,0.57,5.0,0.07,0.07,616.614,1776165663000
1776165665.726,65.726,0.52,10.0,0.5,5.0,0.49,5.0,0.44,5.0,0.43,5.0,0.59,10.0,0.6,5.0,0.61,5.0,0.64,10.0,0.66,14.0,0.41,10.0,0.4,5.0,0.39,5.0,0.36,10.0,0.34,14.0,0.48,10.0,0.5,5.0,0.51,5.0,0.56,5.0,0.57,5.0,0.07,0.07,616.602,1776165664000
1776165666.353,66.353,0.52,10.0,0.5,5.0,0.49,5.0,0.44,5.0,0.43,5.0,0.59,10.0,0.6,5.0,0.61,5.0,0.64,10.0,0.66,14.0,0.41,10.0,0.4,5.0,0.39,5.0,0.36,10.0,0.34,14.0,0.48,10.0,0.5,5.0,0.51,5.0,0.56,5.0,0.57,5.0,0.07,0.07,616.602,1776165665000
1776165667.069,67.069,0.52,10.0,0.5,5.0,0.49,5.0,0.44,5.0,0.43,5.0,0.59,10.0,0.6,5.0,0.61,5.0,0.64,10.0,0.66,14.0,0.41,10.0,0.4,5.0,0.39,5.0,0.36,10.0,0.34,14.0,0.48,10.0,0.5,5.0,0.51,5.0,0.56,5.0,0.57,5.0,0.07,0.07,616.602,1776165666000
1776165667.4,67.4,0.53,5.0,0.52,10.0,0.51,5.0,0.46,5.0,0.45,5.0,0.64,5.0,0.65,5.0,0.67,15.0,0.68,10.0,0.69,12.2,0.41,10.0,0.4,5.0,0.39,5.0,0.36,10.0,0.34,14.0,0.48,10.0,0.5,5.0,0.51,5.0,0.56,5.0,0.57,5.0,0.11,0.07,616.602,1776165666000
1776165668.392,68.392,0.53,5.0,0.52,10.0,0.51,5.0,0.46,5.0,0.45,5.0,0.64,5.0,0.65,5.0,0.67,15.0,0.68,10.0,0.69,12.2,0.36,5.0,0.35,5.0,0.33,15.0,0.32,10.0,0.31,12.2,0.47,5.0,0.48,10.0,0.49,5.0,0.54,5.0,0.55,5.0,0.11,0.11,616.58669,1776165667000
1776165668.985,68.985,0.53,5.0,0.52,10.0,0.51,5.0,0.46,5.0,0.45,5.0,0.64,5.0,0.65,5.0,0.67,15.0,0.68,10.0,0.69,12.2,0.36,5.0,0.35,5.0,0.33,15.0,0.32,10.0,0.31,12.2,0.47,5.0,0.48,10.0,0.49,5.0,0.54,5.0,0.55,5.0,0.11,0.11,616.58308,1776165668000
1776165670.225,70.225,0.53,5.0,0.52,10.0,0.51,5.0,0.46,5.0,0.45,5.0,0.64,5.0,0.65,5.0,0.67,15.0,0.68,10.0,0.69,12.2,0.36,5.0,0.35,5.0,0.33,15.0,0.32,10.0,0.31,12.2,0.47,5.0,0.48,10.0,0.49,5.0,0.54,5.0,0.55,5.0,0.11,0.11,616.5396,1776165669000
1776165671.48,71.48,0.53,5.0,0.52,10.0,0.51,5.0,0.46,5.0,0.45,5.0,0.64,5.0,0.65,5.0,0.67,15.0,0.68,10.0,0.69,12.2,0.36,5.0,0.35,5.0,0.33,15.0,0.32,10.0,0.31,12.2,0.47,5.0,0.48,10.0,0.49,5.0,0.54,5.0,0.55,5.0,0.11,0.11,616.56643,1776165670000
1776165672.189,72.189,0.53,5.0,0.52,10.0,0.51,5.0,0.46,5.0,0.45,5.0,0.64,5.0,0.65,5.0,0.67,15.0,0.68,10.0,0.69,12.2,0.36,5.0,0.35,5.0,0.33,15.0,0.32,10.0,0.31,12.2,0.47,5.0,0.48,10.0,0.49,5.0,0.54,5.0,0.55,5.0,0.11,0.11,616.56643,1776165671000
1776165673.488,73.488,0.53,5.0,0.52,10.0,0.51,5.0,0.46,5.0,0.45,5.0,0.64,5.0,0.65,5.0,0.67,15.0,0.68,10.0,0.69,12.2,0.36,5.0,0.35,5.0,0.33,15.0,0.32,10.0,0.31,12.2,0.47,5.0,0.48,10.0,0.49,5.0,0.54,5.0,0.55,5.0,0.11,0.11,616.57786,1776165672000
1776165674.312,74.312,0.53,5.0,0.52,10.0,0.51,5.0,0.46,5.0,0.45,5.0,0.64,5.0,0.65,5.0,0.67,15.0,0.68,10.0,0.69,12.2,0.36,5.0,0.35,5.0,0.33,15.0,0.32,10.0,0.31,12.2,0.47,5.0,0.48,10.0,0.49,5.0,0.54,5.0,0.55,5.0,0.11,0.11,616.593432,1776165673000
1776165675.624,75.624,0.53,5.0,0.52,10.0,0.51,5.0,0.46,5.0,0.45,5.0,0.64,5.0,0.65,5.0,0.67,15.0,0.68,10.0,0.69,12.2,0.36,5.0,0.35,5.0,0.33,15.0,0.32,10.0,0.31,12.2,0.47,5.0,0.48,10.0,0.49,5.0,0.54,5.0,0.55,5.0,0.11,0.11,616.60167,1776165674000
1776165676.271,76.271,0.53,5.0,0.52,10.0,0.51,5.0,0.46,5.0,0.45,5.0,0.64,5.0,0.65,5.0,0.67,15.0,0.68,10.0,0.69,12.2,0.36,5.0,0.35,5.0,0.33,15.0,0.32,10.0,0.31,12.2,0.47,5.0,0.48,10.0,0.49,5.0,0.54,5.0,0.55,5.0,0.11,0.11,616.60167,1776165675000
1776165677.676,77.676,0.53,5.0,0.52,10.0,0.51,5.0,0.46,5.0,0.45,5.0,0.64,5.0,0.65,5.0,0.67,15.0,0.68,10.0,0.69,12.2,0.36,5.0,0.35,5.0,0.33,15.0,0.32,10.0,0.31,12.2,0.47,5.0,0.48,10.0,0.49,5.0,0.54,5.0,0.55,5.0,0.11,0.11,616.59948,1776165676000
1776165678.262,78.262,0.53,5.0,0.52,10.0,0.51,5.0,0.46,5.0,0.45,5.0,0.64,5.0,0.65,5.0,0.67,15.0,0.68,10.0,0.69,12.2,0.36,5.0,0.35,5.0,0.33,15.0,0.32,10.0,0.31,12.2,0.47,5.0,0.48,10.0,0.49,5.0,0.54,5.0,0.55,5.0,0.11,0.11,616.59938,1776165677000
1776165679.64,79.64,0.53,5.0,0.52,10.0,0.51,5.0,0.46,5.0,0.45,5.0,0.64,5.0,0.65,5.0,0.67,15.0,0.68,10.0,0.69,12.2,0.36,5.0,0.35,5.0,0.33,15.0,0.32,10.0,0.31,12.2,0.47,5.0,0.48,10.0,0.49,5.0,0.54,5.0,0.55,5.0,0.11,0.11,616.59175,1776165678000
1776165680.67,80.67,0.53,5.0,0.52,10.0,0.51,5.0,0.46,5.0,0.45,5.0,0.64,5.0,0.65,5.0,0.67,15.0,0.68,10.0,0.69,12.2,0.36,5.0,0.35,5.0,0.33,15.0,0.32,10.0,0.31,12.2,0.47,5.0,0.48,10.0,0.49,5.0,0.54,5.0,0.55,5.0,0.11,0.11,616.58437,1776165679000
1776165681.202,81.202,0.53,5.0,0.52,10.0,0.51,5.0,0.46,5.0,0.45,5.0,0.64,5.0,0.65,5.0,0.67,15.0,0.68,10.0,0.69,12.2,0.36,5.0,0.35,5.0,0.33,15.0,0.32,10.0,0.31,12.2,0.47,5.0,0.48,10.0,0.49,5.0,0.54,5.0,0.55,5.0,0.11,0.11,616.57159,1776165680000
1776165682.237,82.237,0.53,5.0,0.52,10.0,0.51,5.0,0.46,5.0,0.45,5.0,0.64,5.0,0.65,5.0,0.67,15.0,0.68,10.0,0.69,12.2,0.36,5.0,0.35,5.0,0.33,15.0,0.32,10.0,0.31,12.2,0.47,5.0,0.48,10.0,0.49,5.0,0.54,5.0,0.55,5.0,0.11,0.11,616.56698,1776165681000
1776165683.379,83.379,0.53,5.0,0.52,10.0,0.51,5.0,0.46,5.0,0.45,5.0,0.64,5.0,0.65,5.0,0.67,15.0,0.68,10.0,0.69,12.2,0.36,5.0,0.35,5.0,0.33,15.0,0.32,10.0,0.31,12.2,0.47,5.0,0.48,10.0,0.49,5.0,0.54,5.0,0.55,5.0,0.11,0.11,616.543795,1776165682000
1776165684.377,84.377,0.53,5.0,0.52,10.0,0.51,5.0,0.46,5.0,0.45,5.0,0.64,5.0,0.65,5.0,0.67,15.0,0.68,10.0,0.69,12.2,0.36,5.0,0.35,5.0,0.33,15.0,0.32,10.0,0.31,12.2,0.47,5.0,0.48,10.0,0.49,5.0,0.54,5.0,0.55,5.0,0.11,0.11,616.57,1776165683000
1776165684.846,84.846,0.53,5.0,0.52,10.0,0.51,5.0,0.46,5.0,0.45,5.0,0.64,5.0,0.65,5.0,0.67,15.0,0.68,10.0,0.69,12.2,0.36,5.0,0.35,5.0,0.33,15.0,0.32,10.0,0.31,12.2,0.47,5.0,0.48,10.0,0.49,5.0,0.54,5.0,0.55,5.0,0.11,0.11,616.57,1776165684000
1776165685.891,85.891,0.53,5.0,0.52,10.0,0.51,5.0,0.46,5.0,0.45,5.0,0.64,5.0,0.65,5.0,0.67,15.0,0.68,10.0,0.69,12.2,0.36,5.0,0.35,5.0,0.33,15.0,0.32,10.0,0.31,12.2,0.47,5.0,0.48,10.0,0.49,5.0,0.54,5.0,0.55,5.0,0.11,0.11,616.57033,1776165685000
1776165687.381,87.381,0.53,5.0,0.52,10.0,0.51,5.0,0.46,5.0,0.45,5.0,0.64,5.0,0.65,5.0,0.67,15.0,0.68,10.0,0.69,12.2,0.36,5.0,0.35,5.0,0.33,15.0,0.32,10.0,0.31,12.2,0.47,5.0,0.48,10.0,0.49,5.0,0.54,5.0,0.55,5.0,0.11,0.11,616.56507,1776165686000
1776165687.91,87.91,0.53,5.0,0.52,10.0,0.51,5.0,0.46,5.0,0.45,5.0,0.64,5.0,0.65,5.0,0.67,15.0,0.68,10.0,0.69,12.2,0.36,5.0,0.35,5.0,0.33,15.0,0.32,10.0,0.31,12.2,0.47,5.0,0.48,10.0,0.49,5.0,0.54,5.0,0.55,5.0,0.11,0.11,616.56507,1776165687000
1776165689.012,89.012,0.53,5.0,0.52,10.0,0.51,5.0,0.46,5.0,0.45,5.0,0.64,5.0,0.65,5.0,0.67,15.0,0.68,10.0,0.69,12.2,0.36,5.0,0.35,5.0,0.33,15.0,0.32,10.0,0.31,12.2,0.47,5.0,0.48,10.0,0.49,5.0,0.54,5.0,0.55,5.0,0.11,0.11,616.57381,1776165688000
1776165689.944,89.944,0.53,5.0,0.52,10.0,0.51,5.0,0.46,5.0,0.45,5.0,0.64,5.0,0.65,5.0,0.67,15.0,0.68,10.0,0.69,12.2,0.36,5.0,0.35,5.0,0.33,15.0,0.32,10.0,0.31,12.2,0.47,5.0,0.48,10.0,0.49,5.0,0.54,5.0,0.55,5.0,0.11,0.11,616.540615,1776165689000
1776165690.997,90.997,0.53,5.0,0.52,10.0,0.51,5.0,0.46,5.0,0.45,5.0,0.64,5.0,0.65,5.0,0.67,15.0,0.68,10.0,0.69,12.2,0.36,5.0,0.35,5.0,0.33,15.0,0.32,10.0,0.31,12.2,0.47,5.0,0.48,10.0,0.49,5.0,0.54,5.0,0.55,5.0,0.11,0.11,616.584,1776165690000
1776165691.989,91.989,0.53,5.0,0.52,10.0,0.51,5.0,0.46,5.0,0.45,5.0,0.64,5.0,0.65,5.0,0.67,15.0,0.68,10.0,0.69,12.2,0.36,5.0,0.35,5.0,0.33,15.0,0.32,10.0,0.31,12.2,0.47,5.0,0.48,10.0,0.49,5.0,0.54,5.0,0.55,5.0,0.11,0.11,616.586,1776165691000
1776165692.969,92.969,0.53,5.0,0.52,10.0,0.51,5.0,0.46,5.0,0.45,5.0,0.64,5.0,0.65,5.0,0.67,15.0,0.68,10.0,0.69,12.2,0.36,5.0,0.35,5.0,0.33,15.0,0.32,10.0,0.31,12.2,0.47,5.0,0.48,10.0,0.49,5.0,0.54,5.0,0.55,5.0,0.11,0.11,616.589,1776165692000
1776165693.94,93.94,0.53,5.0,0.52,10.0,0.51,5.0,0.46,5.0,0.45,5.0,0.64,5.0,0.65,5.0,0.67,15.0,0.68,10.0,0.69,12.2,0.36,5.0,0.35,5.0,0.33,15.0,0.32,10.0,0.31,12.2,0.47,5.0,0.48,10.0,0.49,5.0,0.54,5.0,0.55,5.0,0.11,0.11,616.595,1776165693000
1776165695.515,95.515,0.52,5.0,0.43,10.0,0.37,16.2,0.36,16.3,0.35,16.4,0.56,10.0,0.58,21.7,0.59,20.7,0.6,20.8,0.61,65.9,0.36,5.0,0.35,5.0,0.33,15.0,0.32,10.0,0.31,12.2,0.47,5.0,0.48,10.0,0.49,5.0,0.54,5.0,0.55,5.0,0.04,0.11,616.595,1776165693000
1776165696.225,96.225,0.52,5.0,0.43,10.0,0.37,16.2,0.36,16.3,0.35,16.4,0.56,10.0,0.58,21.7,0.59,20.7,0.6,20.8,0.61,65.9,0.44,10.0,0.42,21.7,0.41,20.7,0.4,20.8,0.39,65.9,0.48,5.0,0.57,10.0,0.63,16.2,0.64,16.3,0.65,16.4,0.04,0.04,616.59,1776165695000
1776165697.256,97.256,0.52,5.0,0.43,10.0,0.37,16.2,0.36,16.3,0.35,16.4,0.56,10.0,0.58,21.7,0.59,20.7,0.6,20.8,0.61,65.9,0.44,10.0,0.42,21.7,0.41,20.7,0.4,20.8,0.39,65.9,0.48,5.0,0.57,10.0,0.63,16.2,0.64,16.3,0.65,16.4,0.04,0.04,616.556651,1776165696000
1776165698.146,98.146,0.52,1.93,0.42,10.0,0.37,11.2,0.36,16.3,0.35,16.4,0.53,10.0,0.54,10.5,0.55,20.5,0.56,10.6,0.57,10.6,0.44,10.0,0.42,21.7,0.41,20.7,0.4,20.8,0.39,65.9,0.48,5.0,0.57,10.0,0.63,16.2,0.64,16.3,0.65,16.4,0.01,0.04,616.556651,1776165696000
1776165698.407,98.407,0.42,10.0,0.37,11.2,0.36,16.3,0.35,16.4,0.34,26.6,0.53,10.0,0.54,10.5,0.55,20.5,0.56,10.6,0.57,10.6,0.47,10.0,0.46,10.5,0.45,20.5,0.44,10.6,0.43,10.6,0.58,10.0,0.63,11.2,0.64,16.3,0.65,16.4,0.66,26.6,0.11,0.11,616.557807,1776165697000
1776165699.438,99.438,0.42,10.0,0.37,11.2,0.36,16.3,0.35,16.4,0.34,26.6,0.53,10.0,0.54,10.5,0.55,20.5,0.56,10.6,0.57,10.6,0.47,10.0,0.46,10.5,0.45,20.5,0.44,10.6,0.43,10.6,0.58,10.0,0.63,11.2,0.64,16.3,0.65,16.4,0.66,26.6,0.11,0.11,616.55796,1776165698000
1776165699.955,99.955,0.42,10.0,0.37,11.2,0.36,16.3,0.35,16.4,0.34,26.6,0.53,10.0,0.54,10.5,0.55,20.5,0.56,10.6,0.57,10.6,0.47,10.0,0.46,10.5,0.45,20.5,0.44,10.6,0.43,10.6,0.58,10.0,0.63,11.2,0.64,16.3,0.65,16.4,0.66,26.6,0.11,0.11,616.55766,1776165699000
1776165701.334,101.334,0.42,10.0,0.37,11.2,0.36,16.3,0.35,16.4,0.34,26.6,0.53,10.0,0.54,10.5,0.55,20.5,0.56,10.6,0.57,10.6,0.47,10.0,0.46,10.5,0.45,20.5,0.44,10.6,0.43,10.6,0.58,10.0,0.63,11.2,0.64,16.3,0.65,16.4,0.66,26.6,0.11,0.11,616.548508,1776165700000
1776165701.936,101.936,0.42,10.0,0.37,11.2,0.36,16.3,0.35,16.4,0.34,26.6,0.53,10.0,0.54,10.5,0.55,20.5,0.56,10.6,0.57,10.6,0.47,10.0,0.46,10.5,0.45,20.5,0.44,10.6,0.43,10.6,0.58,10.0,0.63,11.2,0.64,16.3,0.65,16.4,0.66,26.6,0.11,0.11,616.53346,1776165701000
1776165703.041,103.041,0.42,10.0,0.37,11.2,0.36,16.3,0.35,16.4,0.34,26.6,0.53,10.0,0.54,10.5,0.55,20.5,0.56,10.6,0.57,10.6,0.47,10.0,0.46,10.5,0.45,20.5,0.44,10.6,0.43,10.6,0.58,10.0,0.63,11.2,0.64,16.3,0.65,16.4,0.66,26.6,0.11,0.11,616.487888,1776165702000
1776165704.185,104.185,0.42,10.0,0.37,11.2,0.36,16.3,0.35,16.4,0.34,26.6,0.53,10.0,0.54,10.5,0.55,20.5,0.56,10.6,0.57,10.6,0.47,10.0,0.46,10.5,0.45,20.5,0.44,10.6,0.43,10.6,0.58,10.0,0.63,11.2,0.64,16.3,0.65,16.4,0.66,26.6,0.11,0.11,616.485733,1776165703000
1776165705.343,105.343,0.42,10.0,0.37,11.2,0.36,16.3,0.35,16.4,0.34,26.6,0.53,10.0,0.54,10.5,0.55,20.5,0.56,10.6,0.57,10.6,0.47,10.0,0.46,10.5,0.45,20.5,0.44,10.6,0.43,10.6,0.58,10.0,0.63,11.2,0.64,16.3,0.65,16.4,0.66,26.6,0.11,0.11,616.4798,1776165704000
1776165705.746,105.746,0.35,14.73,0.31,12.2,0.3,27.4,0.29,17.6,0.28,17.9,0.47,10.4,0.48,15.4,0.49,15.4,0.5,10.4,0.51,80.4,0.47,10.0,0.46,10.5,0.45,20.5,0.44,10.6,0.43,10.6,0.58,10.0,0.63,11.2,0.64,16.3,0.65,16.4,0.66,26.6,0.12,0.11,616.4798,1776165704000
1776165706.515,106.515,0.35,14.73,0.31,12.2,0.3,27.4,0.29,17.6,0.28,17.9,0.47,10.4,0.48,15.4,0.49,15.4,0.5,10.4,0.51,80.4,0.53,10.4,0.52,15.4,0.51,15.4,0.5,10.4,0.49,80.4,0.65,14.73,0.69,12.2,0.7,27.4,0.71,17.6,0.72,17.9,0.12,0.12,616.466084,1776165705000
1776165707.091,107.091,0.35,14.73,0.31,12.2,0.3,27.4,0.29,17.6,0.28,17.9,0.47,10.4,0.48,15.4,0.49,15.4,0.5,10.4,0.51,80.4,0.53,10.4,0.52,15.4,0.51,15.4,0.5,10.4,0.49,80.4,0.65,14.73,0.69,12.2,0.7,27.4,0.71,17.6,0.72,17.9,0.12,0.12,616.480903,1776165706000
1776165708.196,108.196,0.35,14.73,0.31,12.2,0.3,27.4,0.29,17.6,0.28,17.9,0.47,10.4,0.48,15.4,0.49,15.4,0.5,10.4,0.51,80.4,0.53,10.4,0.52,15.4,0.51,15.4,0.5,10.4,0.49,80.4,0.65,14.73,0.69,12.2,0.7,27.4,0.71,17.6,0.72,17.9,0.12,0.12,616.484013,1776165707000
1776165709.11,109.11,0.35,14.73,0.31,12.2,0.3,27.4,0.29,17.6,0.28,17.9,0.47,10.4,0.48,15.4,0.49,15.4,0.5,10.4,0.51,80.4,0.53,10.4,0.52,15.4,0.51,15.4,0.5,10.4,0.49,80.4,0.65,14.73,0.69,12.2,0.7,27.4,0.71,17.6,0.72,17.9,0.12,0.12,616.48388,1776165708000
1776165710.084,110.084,0.35,14.73,0.31,12.2,0.3,27.4,0.29,17.6,0.28,17.9,0.47,10.4,0.48,15.4,0.49,15.4,0.5,10.4,0.51,80.4,0.53,10.4,0.52,15.4,0.51,15.4,0.5,10.4,0.49,80.4,0.65,14.73,0.69,12.2,0.7,27.4,0.71,17.6,0.72,17.9,0.12,0.12,616.50945,1776165709000
1776165711.065,111.065,0.35,14.73,0.31,12.2,0.3,27.4,0.29,17.6,0.28,17.9,0.47,10.4,0.48,15.4,0.49,15.4,0.5,10.4,0.51,80.4,0.53,10.4,0.52,15.4,0.51,15.4,0.5,10.4,0.49,80.4,0.65,14.73,0.69,12.2,0.7,27.4,0.71,17.6,0.72,17.9,0.12,0.12,616.488673,1776165710000
1776165712.566,112.566,0.35,14.73,0.31,12.2,0.3,27.4,0.29,17.6,0.28,17.9,0.47,10.4,0.48,15.4,0.49,15.4,0.5,10.4,0.51,80.4,0.53,10.4,0.52,15.4,0.51,15.4,0.5,10.4,0.49,80.4,0.65,14.73,0.69,12.2,0.7,27.4,0.71,17.6,0.72,17.9,0.12,0.12,616.51035,1776165711000
1776165713.148,113.148,0.35,14.73,0.31,12.2,0.3,27.4,0.29,17.6,0.28,17.9,0.47,10.4,0.48,15.4,0.49,15.4,0.5,10.4,0.51,80.4,0.53,10.4,0.52,15.4,0.51,15.4,0.5,10.4,0.49,80.4,0.65,14.73,0.69,12.2,0.7,27.4,0.71,17.6,0.72,17.9,0.12,0.12,616.50692,1776165712000
1776165714.252,114.252,0.35,14.73,0.31,12.2,0.3,27.4,0.29,17.6,0.28,17.9,0.47,10.4,0.48,15.4,0.49,15.4,0.5,10.4,0.51,80.4,0.53,10.4,0.52,15.4,0.51,15.4,0.5,10.4,0.49,80.4,0.65,14.73,0.69,12.2,0.7,27.4,0.71,17.6,0.72,17.9,0.12,0.12,616.51462,1776165713000
1776165715.282,115.282,0.35,14.73,0.33,16.8,0.32,11.9,0.31,12.2,0.3,17.4,0.47,0.1,0.48,15.4,0.49,15.4,0.5,10.4,0.51,90.4,0.53,10.4,0.52,15.4,0.51,15.4,0.5,10.4,0.49,80.4,0.65,14.73,0.69,12.2,0.7,27.4,0.71,17.6,0.72,17.9,0.12,0.12,616.51462,1776165713000
1776165716.365,116.365,0.35,14.73,0.33,16.8,0.32,11.9,0.31,12.2,0.3,17.4,0.47,0.1,0.48,15.4,0.49,15.4,0.5,10.4,0.51,90.4,0.53,0.1,0.52,15.4,0.51,15.4,0.5,10.4,0.49,90.4,0.65,14.73,0.67,16.8,0.68,11.9,0.69,12.2,0.7,17.4,0.12,0.12,616.491921,1776165715000
1776165716.96,116.96,0.35,14.73,0.33,16.8,0.32,11.9,0.31,12.2,0.3,17.4,0.47,0.1,0.48,15.4,0.49,15.4,0.5,10.4,0.51,90.4,0.53,0.1,0.52,15.4,0.51,15.4,0.5,10.4,0.49,90.4,0.65,14.73,0.67,16.8,0.68,11.9,0.69,12.2,0.7,17.4,0.12,0.12,616.49196,1776165716000
1776165717.873,117.873,0.35,14.73,0.33,16.8,0.32,11.9,0.31,12.2,0.3,17.4,0.47,0.1,0.48,15.4,0.49,15.4,0.5,10.4,0.51,90.4,0.53,0.1,0.52,15.4,0.51,15.4,0.5,10.4,0.49,90.4,0.65,14.73,0.67,16.8,0.68,11.9,0.69,12.2,0.7,17.4,0.12,0.12,616.490311,1776165717000
1776165718.976,118.976,0.35,14.73,0.33,16.8,0.32,11.9,0.31,12.2,0.3,17.4,0.47,0.1,0.48,15.4,0.49,15.4,0.5,10.4,0.51,90.4,0.53,0.1,0.52,15.4,0.51,15.4,0.5,10.4,0.49,90.4,0.65,14.73,0.67,16.8,0.68,11.9,0.69,12.2,0.7,17.4,0.12,0.12,616.489947,1776165718000
1776165719.862,119.862,0.35,14.73,0.33,16.8,0.32,11.9,0.31,12.2,0.3,17.4,0.47,0.1,0.48,15.4,0.49,15.4,0.5,10.4,0.51,90.4,0.53,0.1,0.52,15.4,0.51,15.4,0.5,10.4,0.49,90.4,0.65,14.73,0.67,16.8,0.68,11.9,0.69,12.2,0.7,17.4,0.12,0.12,616.48378,1776165719000
1776165720.806,120.806,0.35,14.73,0.33,16.8,0.32,11.9,0.31,12.2,0.3,17.4,0.47,0.1,0.48,15.4,0.49,15.4,0.5,10.4,0.51,90.4,0.53,0.1,0.52,15.4,0.51,15.4,0.5,10.4,0.49,90.4,0.65,14.73,0.67,16.8,0.68,11.9,0.69,12.2,0.7,17.4,0.12,0.12,616.48369,1776165720000
1776165722.704,122.704,0.35,14.73,0.33,16.8,0.32,11.9,0.31,12.2,0.3,17.4,0.47,0.1,0.48,15.4,0.49,15.4,0.5,10.4,0.51,90.4,0.53,0.1,0.52,15.4,0.51,15.4,0.5,10.4,0.49,90.4,0.65,14.73,0.67,16.8,0.68,11.9,0.69,12.2,0.7,17.4,0.12,0.12,616.4847,1776165721000
1776165723.274,123.274,0.35,14.73,0.33,16.8,0.32,11.9,0.31,12.2,0.3,17.4,0.47,0.1,0.48,15.4,0.49,15.4,0.5,10.4,0.51,90.4,0.53,0.1,0.52,15.4,0.51,15.4,0.5,10.4,0.49,90.4,0.65,14.73,0.67,16.8,0.68,11.9,0.69,12.2,0.7,17.4,0.12,0.12,616.4847,1776165722000
1776165724.313,124.313,0.35,14.73,0.33,16.8,0.32,11.9,0.31,12.2,0.3,17.4,0.47,0.1,0.48,15.4,0.49,15.4,0.5,10.4,0.51,90.4,0.53,0.1,0.52,15.4,0.51,15.4,0.5,10.4,0.49,90.4,0.65,14.73,0.67,16.8,0.68,11.9,0.69,12.2,0.7,17.4,0.12,0.12,616.48433,1776165723000
1776165725.39,125.39,0.35,14.73,0.33,16.8,0.32,11.9,0.31,12.2,0.3,17.4,0.47,0.1,0.48,15.4,0.49,15.4,0.5,10.4,0.51,90.4,0.53,0.1,0.52,15.4,0.51,15.4,0.5,10.4,0.49,90.4,0.65,14.73,0.67,16.8,0.68,11.9,0.69,12.2,0.7,17.4,0.12,0.12,616.48831,1776165724000
1776165726.353,126.353,0.35,14.73,0.33,16.8,0.32,11.9,0.31,12.2,0.3,17.4,0.47,0.1,0.48,15.4,0.49,15.4,0.5,10.4,0.51,90.4,0.53,0.1,0.52,15.4,0.51,15.4,0.5,10.4,0.49,90.4,0.65,14.73,0.67,16.8,0.68,11.9,0.69,12.2,0.7,17.4,0.12,0.12,616.48649,1776165725000
1776165726.811,126.811,0.35,14.73,0.33,16.8,0.32,11.9,0.31,12.2,0.3,17.4,0.47,0.1,0.48,15.4,0.49,15.4,0.5,10.4,0.51,90.4,0.53,0.1,0.52,15.4,0.51,15.4,0.5,10.4,0.49,90.4,0.65,14.73,0.67,16.8,0.68,11.9,0.69,12.2,0.7,17.4,0.12,0.12,616.48649,1776165726000
1776165728.24,128.24,0.35,14.73,0.33,16.8,0.32,11.9,0.31,12.2,0.3,17.4,0.47,0.1,0.48,15.4,0.49,15.4,0.5,10.4,0.51,90.4,0.53,0.1,0.52,15.4,0.51,15.4,0.5,10.4,0.49,90.4,0.65,14.73,0.67,16.8,0.68,11.9,0.69,12.2,0.7,17.4,0.12,0.12,616.4871,1776165727000
1776165729.25,129.25,0.35,14.73,0.33,16.8,0.32,11.9,0.31,12.2,0.3,17.4,0.47,0.1,0.48,15.4,0.49,15.4,0.5,10.4,0.51,90.4,0.53,0.1,0.52,15.4,0.51,15.4,0.5,10.4,0.49,90.4,0.65,14.73,0.67,16.8,0.68,11.9,0.69,12.2,0.7,17.4,0.12,0.12,616.48928,1776165728000
1776165730.302,130.302,0.35,14.73,0.33,16.8,0.32,11.9,0.31,12.2,0.3,17.4,0.47,0.1,0.48,15.4,0.49,15.4,0.5,10.4,0.51,90.4,0.53,0.1,0.52,15.4,0.51,15.4,0.5,10.4,0.49,90.4,0.65,14.73,0.67,16.8,0.68,11.9,0.69,12.2,0.7,17.4,0.12,0.12,616.49264,1776165729000
1776165731.177,131.177,0.35,14.73,0.33,16.8,0.32,11.9,0.31,12.2,0.3,17.4,0.47,0.1,0.48,15.4,0.49,15.4,0.5,10.4,0.51,90.4,0.53,0.1,0.52,15.4,0.51,15.4,0.5,10.4,0.49,90.4,0.65,14.73,0.67,16.8,0.68,11.9,0.69,12.2,0.7,17.4,0.12,0.12,616.49246,1776165730000
1776165732.167,132.167,0.35,14.73,0.33,16.8,0.32,11.9,0.31,12.2,0.3,17.4,0.47,0.1,0.48,15.4,0.49,15.4,0.5,10.4,0.51,90.4,0.53,0.1,0.52,15.4,0.51,15.4,0.5,10.4,0.49,90.4,0.65,14.73,0.67,16.8,0.68,11.9,0.69,12.2,0.7,17.4,0.12,0.12,616.49539,1776165731000
1776165733.176,133.176,0.35,14.73,0.33,16.8,0.32,11.9,0.31,12.2,0.3,17.4,0.47,0.1,0.48,15.4,0.49,15.4,0.5,10.4,0.51,90.4,0.53,0.1,0.52,15.4,0.51,15.4,0.5,10.4,0.49,90.4,0.65,14.73,0.67,16.8,0.68,11.9,0.69,12.2,0.7,17.4,0.12,0.12,616.482767,1776165732000
1776165734.145,134.145,0.35,14.73,0.33,16.8,0.32,11.9,0.31,12.2,0.3,17.4,0.47,0.1,0.48,15.4,0.49,15.4,0.5,10.4,0.51,90.4,0.53,0.1,0.52,15.4,0.51,15.4,0.5,10.4,0.49,90.4,0.65,14.73,0.67,16.8,0.68,11.9,0.69,12.2,0.7,17.4,0.12,0.12,616.4814,1776165733000
1776165735.504,135.504,0.35,14.73,0.33,16.8,0.32,11.9,0.31,12.2,0.3,17.4,0.47,0.1,0.48,15.4,0.49,15.4,0.5,10.4,0.51,90.4,0.53,0.1,0.52,15.4,0.51,15.4,0.5,10.4,0.49,90.4,0.65,14.73,0.67,16.8,0.68,11.9,0.69,12.2,0.7,17.4,0.12,0.12,616.4829,1776165734000
1776165736.068,136.068,0.35,14.73,0.33,16.8,0.32,11.9,0.31,12.2,0.3,17.4,0.47,0.1,0.48,15.4,0.49,15.4,0.5,10.4,0.51,90.4,0.53,0.1,0.52,15.4,0.51,15.4,0.5,10.4,0.49,90.4,0.65,14.73,0.67,16.8,0.68,11.9,0.69,12.2,0.7,17.4,0.12,0.12,616.48651,1776165735000
1776165737.096,137.096,0.35,14.73,0.33,16.8,0.32,11.9,0.31,12.2,0.3,17.4,0.47,0.1,0.48,15.4,0.49,15.4,0.5,10.4,0.51,90.4,0.53,0.1,0.52,15.4,0.51,15.4,0.5,10.4,0.49,90.4,0.65,14.73,0.67,16.8,0.68,11.9,0.69,12.2,0.7,17.4,0.12,0.12,616.484298,1776165736000
1776165738.247,138.247,0.35,14.73,0.33,16.8,0.32,11.9,0.31,12.2,0.3,17.4,0.47,0.1,0.48,15.4,0.49,15.4,0.5,10.4,0.51,90.4,0.53,0.1,0.52,15.4,0.51,15.4,0.5,10.4,0.49,90.4,0.65,14.73,0.67,16.8,0.68,11.9,0.69,12.2,0.7,17.4,0.12,0.12,616.478529,1776165737000
1776165739.314,139.314,0.35,14.73,0.33,16.8,0.32,11.9,0.31,12.2,0.3,17.4,0.47,0.1,0.48,15.4,0.49,15.4,0.5,10.4,0.51,90.4,0.53,0.1,0.52,15.4,0.51,15.4,0.5,10.4,0.49,90.4,0.65,14.73,0.67,16.8,0.68,11.9,0.69,12.2,0.7,17.4,0.12,0.12,616.47639,1776165738000
1776165740.297,140.297,0.35,14.73,0.33,16.8,0.32,11.9,0.31,12.2,0.3,17.4,0.47,0.1,0.48,15.4,0.49,15.4,0.5,10.4,0.51,90.4,0.53,0.1,0.52,15.4,0.51,15.4,0.5,10.4,0.49,90.4,0.65,14.73,0.67,16.8,0.68,11.9,0.69,12.2,0.7,17.4,0.12,0.12,616.478385,1776165739000
1776165741.345,141.345,0.35,14.73,0.33,16.8,0.32,11.9,0.31,12.2,0.3,17.4,0.47,0.1,0.48,15.4,0.49,15.4,0.5,10.4,0.51,90.4,0.53,0.1,0.52,15.4,0.51,15.4,0.5,10.4,0.49,90.4,0.65,14.73,0.67,16.8,0.68,11.9,0.69,12.2,0.7,17.4,0.12,0.12,616.476672,1776165740000
1776165741.975,141.975,0.35,14.73,0.33,16.8,0.32,11.9,0.31,12.2,0.3,17.4,0.47,0.1,0.48,15.4,0.49,15.4,0.5,10.4,0.51,90.4,0.53,0.1,0.52,15.4,0.51,15.4,0.5,10.4,0.49,90.4,0.65,14.73,0.67,16.8,0.68,11.9,0.69,12.2,0.7,17.4,0.12,0.12,616.476622,1776165741000
1776165742.924,142.924,0.35,14.73,0.33,16.8,0.32,11.9,0.31,12.2,0.3,17.4,0.47,0.1,0.48,15.4,0.49,15.4,0.5,10.4,0.51,90.4,0.53,0.1,0.52,15.4,0.51,15.4,0.5,10.4,0.49,90.4,0.65,14.73,0.67,16.8,0.68,11.9,0.69,12.2,0.7,17.4,0.12,0.12,616.476072,1776165742000
1776165744.042,144.042,0.35,14.73,0.33,16.8,0.32,11.9,0.31,12.2,0.3,17.4,0.47,0.1,0.48,15.4,0.49,15.4,0.5,10.4,0.51,90.4,0.53,0.1,0.52,15.4,0.51,15.4,0.5,10.4,0.49,90.4,0.65,14.73,0.67,16.8,0.68,11.9,0.69,12.2,0.7,17.4,0.12,0.12,616.475821,1776165743000
1776165745.172,145.172,0.35,14.73,0.33,16.8,0.32,11.9,0.31,12.2,0.3,17.4,0.47,0.1,0.48,15.4,0.49,15.4,0.5,10.4,0.51,90.4,0.53,0.1,0.52,15.4,0.51,15.4,0.5,10.4,0.49,90.4,0.65,14.73,0.67,16.8,0.68,11.9,0.69,12.2,0.7,17.4,0.12,0.12,616.482489,1776165744000
1776165746.15,146.15,0.35,14.73,0.33,16.8,0.32,11.9,0.31,12.2,0.3,17.4,0.47,0.1,0.48,15.4,0.49,15.4,0.5,10.4,0.51,90.4,0.53,0.1,0.52,15.4,0.51,15.4,0.5,10.4,0.49,90.4,0.65,14.73,0.67,16.8,0.68,11.9,0.69,12.2,0.7,17.4,0.12,0.12,616.478818,1776165745000
1776165747.159,147.159,0.35,14.73,0.33,16.8,0.32,11.9,0.31,12.2,0.3,17.4,0.47,0.1,0.48,15.4,0.49,15.4,0.5,10.4,0.51,90.4,0.53,0.1,0.52,15.4,0.51,15.4,0.5,10.4,0.49,90.4,0.65,14.73,0.67,16.8,0.68,11.9,0.69,12.2,0.7,17.4,0.12,0.12,616.478805,1776165746000
1776165748.283,148.283,0.35,14.73,0.33,16.8,0.32,11.9,0.31,12.2,0.3,17.4,0.47,0.1,0.48,15.4,0.49,15.4,0.5,10.4,0.51,90.4,0.53,0.1,0.52,15.4,0.51,15.4,0.5,10.4,0.49,90.4,0.65,14.73,0.67,16.8,0.68,11.9,0.69,12.2,0.7,17.4,0.12,0.12,616.481969,1776165747000
1776165749.306,149.306,0.35,14.73,0.33,16.8,0.32,11.9,0.31,12.2,0.3,17.4,0.47,0.1,0.48,15.4,0.49,15.4,0.5,10.4,0.51,90.4,0.53,0.1,0.52,15.4,0.51,15.4,0.5,10.4,0.49,90.4,0.65,14.73,0.67,16.8,0.68,11.9,0.69,12.2,0.7,17.4,0.12,0.12,616.478423,1776165748000
1776165750.34,150.34,0.42,5.0,0.39,5.0,0.35,9.73,0.34,10.0,0.31,62.2,0.57,4.87,0.61,50.0,0.62,24.0,0.63,11.2,0.64,11.3,0.53,0.1,0.52,15.4,0.51,15.4,0.5,10.4,0.49,90.4,0.65,14.73,0.67,16.8,0.68,11.9,0.69,12.2,0.7,17.4,0.15,0.12,616.478423,1776165748000
1776165751.191,151.191,0.42,5.0,0.39,5.0,0.35,9.73,0.34,10.0,0.31,62.2,0.57,4.87,0.61,50.0,0.62,24.0,0.63,11.2,0.64,11.3,0.43,4.87,0.39,50.0,0.38,24.0,0.37,11.2,0.36,11.3,0.58,5.0,0.61,5.0,0.65,9.73,0.66,10.0,0.69,62.2,0.15,0.15,616.480294,1776165750000
1776165752.441,152.441,0.42,5.0,0.39,5.0,0.35,9.73,0.34,10.0,0.31,62.2,0.57,4.87,0.61,50.0,0.62,24.0,0.63,11.2,0.64,11.3,0.43,4.87,0.39,50.0,0.38,24.0,0.37,11.2,0.36,11.3,0.58,5.0,0.61,5.0,0.65,9.73,0.66,10.0,0.69,62.2,0.15,0.15,616.543784,1776165751000
1776165753.406,153.406,0.42,5.0,0.39,5.0,0.35,9.73,0.34,10.0,0.31,62.2,0.57,4.87,0.61,50.0,0.62,24.0,0.63,11.2,0.64,11.3,0.43,4.87,0.39,50.0,0.38,24.0,0.37,11.2,0.36,11.3,0.58,5.0,0.61,5.0,0.65,9.73,0.66,10.0,0.69,62.2,0.15,0.15,616.5422,1776165752000
1776165754.068,154.068,0.42,5.0,0.39,5.0,0.35,9.73,0.34,10.0,0.31,62.2,0.57,4.87,0.61,50.0,0.62,24.0,0.63,11.2,0.64,11.3,0.43,4.87,0.39,50.0,0.38,24.0,0.37,11.2,0.36,11.3,0.58,5.0,0.61,5.0,0.65,9.73,0.66,10.0,0.69,62.2,0.15,0.15,616.5422,1776165753000
1776165755.249,155.249,0.42,5.0,0.39,5.0,0.35,9.73,0.34,10.0,0.31,62.2,0.57,4.87,0.61,50.0,0.62,24.0,0.63,11.2,0.64,11.3,0.43,4.87,0.39,50.0,0.38,24.0,0.37,11.2,0.36,11.3,0.58,5.0,0.61,5.0,0.65,9.73,0.66,10.0,0.69,62.2,0.15,0.15,616.52996,1776165754000
1776165756.386,156.386,0.42,5.0,0.39,5.0,0.35,9.73,0.34,10.0,0.31,62.2,0.57,4.87,0.61,50.0,0.62,24.0,0.63,11.2,0.64,11.3,0.43,4.87,0.39,50.0,0.38,24.0,0.37,11.2,0.36,11.3,0.58,5.0,0.61,5.0,0.65,9.73,0.66,10.0,0.69,62.2,0.15,0.15,616.52013,1776165755000
1776165756.71,156.71,0.51,5.0,0.42,10.0,0.41,10.7,0.4,10.8,0.39,10.9,0.54,9.75,0.56,11.0,0.57,5.0,0.58,5.0,0.61,60.9,0.43,4.87,0.39,50.0,0.38,24.0,0.37,11.2,0.36,11.3,0.58,5.0,0.61,5.0,0.65,9.73,0.66,10.0,0.69,62.2,0.03,0.15,616.52013,1776165755000
1776165757.591,157.591,0.51,5.0,0.42,10.0,0.41,10.7,0.4,10.8,0.39,10.9,0.54,9.75,0.56,11.0,0.57,5.0,0.58,5.0,0.61,60.9,0.46,9.75,0.44,11.0,0.43,5.0,0.42,5.0,0.39,60.9,0.49,5.0,0.58,10.0,0.59,10.7,0.6,10.8,0.61,10.9,0.03,0.03,616.51641,1776165756000
1776165758.488,158.488,0.51,5.0,0.42,10.0,0.41,10.7,0.4,10.8,0.39,10.9,0.54,9.75,0.56,11.0,0.57,5.0,0.58,5.0,0.61,60.9,0.46,9.75,0.44,11.0,0.43,5.0,0.42,5.0,0.39,60.9,0.49,5.0,0.58,10.0,0.59,10.7,0.6,10.8,0.61,10.9,0.03,0.03,616.51739,1776165757000
1776165759.072,159.072,0.51,5.0,0.42,10.0,0.41,10.7,0.4,10.8,0.39,10.9,0.54,9.75,0.56,11.0,0.57,5.0,0.58,5.0,0.61,60.9,0.46,9.75,0.44,11.0,0.43,5.0,0.42,5.0,0.39,60.9,0.49,5.0,0.58,10.0,0.59,10.7,0.6,10.8,0.61,10.9,0.03,0.03,616.51992,1776165758000
1776165760.295,160.295,0.51,5.0,0.42,10.0,0.41,10.7,0.4,10.8,0.39,10.9,0.54,9.75,0.56,11.0,0.57,5.0,0.58,5.0,0.61,60.9,0.46,9.75,0.44,11.0,0.43,5.0,0.42,5.0,0.39,60.9,0.49,5.0,0.58,10.0,0.59,10.7,0.6,10.8,0.61,10.9,0.03,0.03,616.52863,1776165759000
1776165761.715,161.715,0.51,5.0,0.42,10.0,0.41,10.7,0.4,10.8,0.39,10.9,0.54,9.75,0.56,11.0,0.57,5.0,0.58,5.0,0.61,60.9,0.46,9.75,0.44,11.0,0.43,5.0,0.42,5.0,0.39,60.9,0.49,5.0,0.58,10.0,0.59,10.7,0.6,10.8,0.61,10.9,0.03,0.03,616.52827,1776165760000
1776165762.418,162.418,0.51,5.0,0.42,10.0,0.41,10.7,0.4,10.8,0.39,10.9,0.54,9.75,0.56,11.0,0.57,5.0,0.58,5.0,0.61,60.9,0.46,9.75,0.44,11.0,0.43,5.0,0.42,5.0,0.39,60.9,0.49,5.0,0.58,10.0,0.59,10.7,0.6,10.8,0.61,10.9,0.03,0.03,616.52839,1776165761000
1776165763.058,163.058,0.51,5.0,0.42,10.0,0.41,10.7,0.4,10.8,0.39,10.9,0.54,9.75,0.56,11.0,0.57,5.0,0.58,5.0,0.61,60.9,0.46,9.75,0.44,11.0,0.43,5.0,0.42,5.0,0.39,60.9,0.49,5.0,0.58,10.0,0.59,10.7,0.6,10.8,0.61,10.9,0.03,0.03,616.52902,1776165762000
1776165764.375,164.375,0.51,5.0,0.42,10.0,0.41,10.7,0.4,10.8,0.39,10.9,0.54,9.75,0.56,11.0,0.57,5.0,0.58,5.0,0.61,60.9,0.46,9.75,0.44,11.0,0.43,5.0,0.42,5.0,0.39,60.9,0.49,5.0,0.58,10.0,0.59,10.7,0.6,10.8,0.61,10.9,0.03,0.03,616.54638,1776165763000
1776165765.489,165.489,0.51,5.0,0.42,10.0,0.41,10.7,0.4,10.8,0.39,10.9,0.54,9.75,0.56,11.0,0.57,5.0,0.58,5.0,0.61,60.9,0.46,9.75,0.44,11.0,0.43,5.0,0.42,5.0,0.39,60.9,0.49,5.0,0.58,10.0,0.59,10.7,0.6,10.8,0.61,10.9,0.03,0.03,616.53837,1776165764000
1776165766.115,166.115,0.51,5.0,0.42,10.0,0.41,10.7,0.4,10.8,0.39,10.9,0.54,9.75,0.56,11.0,0.57,5.0,0.58,5.0,0.61,60.9,0.46,9.75,0.44,11.0,0.43,5.0,0.42,5.0,0.39,60.9,0.49,5.0,0.58,10.0,0.59,10.7,0.6,10.8,0.61,10.9,0.03,0.03,616.557748,1776165765000
1776165767.716,167.716,0.51,5.0,0.42,10.0,0.41,10.7,0.4,10.8,0.39,10.9,0.54,9.75,0.56,11.0,0.57,5.0,0.58,5.0,0.61,60.9,0.46,9.75,0.44,11.0,0.43,5.0,0.42,5.0,0.39,60.9,0.49,5.0,0.58,10.0,0.59,10.7,0.6,10.8,0.61,10.9,0.03,0.03,616.562054,1776165766000
1776165768.318,168.318,0.51,5.0,0.42,10.0,0.41,10.7,0.4,10.8,0.39,10.9,0.54,9.75,0.56,11.0,0.57,5.0,0.58,5.0,0.61,60.9,0.46,9.75,0.44,11.0,0.43,5.0,0.42,5.0,0.39,60.9,0.49,5.0,0.58,10.0,0.59,10.7,0.6,10.8,0.61,10.9,0.03,0.03,616.553,1776165767000
1776165769.537,169.537,0.51,5.0,0.42,10.0,0.41,10.7,0.4,10.8,0.39,10.9,0.54,9.75,0.56,11.0,0.57,5.0,0.58,5.0,0.61,60.9,0.46,9.75,0.44,11.0,0.43,5.0,0.42,5.0,0.39,60.9,0.49,5.0,0.58,10.0,0.59,10.7,0.6,10.8,0.61,10.9,0.03,0.03,616.551963,1776165768000
1776165770.147,170.147,0.51,5.0,0.42,10.0,0.41,10.7,0.4,10.8,0.39,10.9,0.54,9.75,0.56,11.0,0.57,5.0,0.58,5.0,0.61,60.9,0.46,9.75,0.44,11.0,0.43,5.0,0.42,5.0,0.39,60.9,0.49,5.0,0.58,10.0,0.59,10.7,0.6,10.8,0.61,10.9,0.03,0.03,616.551963,1776165769000
1776165771.507,171.507,0.53,10.0,0.51,5.0,0.49,10.4,0.48,10.4,0.47,10.4,0.54,2.62,0.68,10.0,0.7,33.4,0.71,62.6,0.72,12.9,0.46,9.75,0.44,11.0,0.43,5.0,0.42,5.0,0.39,60.9,0.49,5.0,0.58,10.0,0.59,10.7,0.6,10.8,0.61,10.9,0.01,0.03,616.551963,1776165769000
1776165771.896,171.896,0.53,10.0,0.51,5.0,0.5,10.4,0.49,10.4,0.48,10.4,0.66,14.0,0.69,10.0,0.7,17.4,0.71,62.6,0.72,12.9,0.46,2.62,0.32,10.0,0.3,33.4,0.29,62.6,0.28,12.9,0.47,10.0,0.49,5.0,0.51,10.4,0.52,10.4,0.53,10.4,0.13,0.01,616.552161,1776165770000
1776165772.18,172.18,0.53,10.0,0.51,5.0,0.5,10.4,0.49,10.4,0.48,10.4,0.66,14.0,0.69,10.0,0.7,17.4,0.71,62.6,0.72,12.9,0.34,14.0,0.31,10.0,0.3,17.4,0.29,62.6,0.28,12.9,0.47,10.0,0.49,5.0,0.5,10.4,0.51,10.4,0.52,10.4,0.13,0.13,616.558749,1776165771000
1776165773.433,173.433,0.53,10.0,0.51,5.0,0.5,10.4,0.49,10.4,0.48,10.4,0.66,14.0,0.69,10.0,0.7,17.4,0.71,62.6,0.72,12.9,0.34,14.0,0.31,10.0,0.3,17.4,0.29,62.6,0.28,12.9,0.47,10.0,0.49,5.0,0.5,10.4,0.51,10.4,0.52,10.4,0.13,0.13,616.611666,1776165772000
1776165774.06,174.06,0.53,10.0,0.51,5.0,0.5,10.4,0.49,10.4,0.48,10.4,0.66,14.0,0.69,10.0,0.7,17.4,0.71,62.6,0.72,12.9,0.34,14.0,0.31,10.0,0.3,17.4,0.29,62.6,0.28,12.9,0.47,10.0,0.49,5.0,0.5,10.4,0.51,10.4,0.52,10.4,0.13,0.13,616.611666,1776165773000
1776165775.507,175.507,0.53,10.0,0.51,5.0,0.5,10.4,0.49,10.4,0.48,10.4,0.66,14.0,0.69,10.0,0.7,17.4,0.71,62.6,0.72,12.9,0.34,14.0,0.31,10.0,0.3,17.4,0.29,62.6,0.28,12.9,0.47,10.0,0.49,5.0,0.5,10.4,0.51,10.4,0.52,10.4,0.13,0.13,616.580133,1776165774000
1776165776.111,176.111,0.53,10.0,0.51,5.0,0.5,10.4,0.49,10.4,0.48,10.4,0.66,14.0,0.69,10.0,0.7,17.4,0.71,62.6,0.72,12.9,0.34,14.0,0.31,10.0,0.3,17.4,0.29,62.6,0.28,12.9,0.47,10.0,0.49,5.0,0.5,10.4,0.51,10.4,0.52,10.4,0.13,0.13,616.553963,1776165775000
1776165776.953,176.953,0.58,8.0,0.51,5.0,0.47,5.0,0.46,10.5,0.45,15.5,0.62,5.0,0.64,5.0,0.65,25.4,0.66,21.6,0.67,11.8,0.34,14.0,0.31,10.0,0.3,17.4,0.29,62.6,0.28,12.9,0.47,10.0,0.49,5.0,0.5,10.4,0.51,10.4,0.52,10.4,0.04,0.13,616.553963,1776165775000
1776165777.319,177.319,0.58,8.0,0.51,5.0,0.47,5.0,0.46,10.5,0.45,15.5,0.62,5.0,0.64,5.0,0.65,25.4,0.66,21.6,0.67,11.8,0.38,5.0,0.36,5.0,0.35,25.4,0.34,21.6,0.33,11.8,0.42,8.0,0.49,5.0,0.53,5.0,0.54,10.5,0.55,15.5,0.04,0.04,616.57529,1776165776000
1776165778.432,178.432,0.58,8.0,0.51,5.0,0.47,5.0,0.46,10.5,0.45,15.5,0.62,5.0,0.64,5.0,0.65,25.4,0.66,21.6,0.67,11.8,0.38,5.0,0.36,5.0,0.35,25.4,0.34,21.6,0.33,11.8,0.42,8.0,0.49,5.0,0.53,5.0,0.54,10.5,0.55,15.5,0.04,0.04,616.55026,1776165777000
1776165779.038,179.038,0.58,8.0,0.51,5.0,0.47,5.0,0.46,10.5,0.45,15.5,0.62,5.0,0.64,5.0,0.65,25.4,0.66,21.6,0.67,11.8,0.38,5.0,0.36,5.0,0.35,25.4,0.34,21.6,0.33,11.8,0.42,8.0,0.49,5.0,0.53,5.0,0.54,10.5,0.55,15.5,0.04,0.04,616.55026,1776165778000
1776165780.225,180.225,0.58,8.0,0.51,5.0,0.47,5.0,0.46,10.5,0.45,15.5,0.62,5.0,0.64,5.0,0.65,25.4,0.66,21.6,0.67,11.8,0.38,5.0,0.36,5.0,0.35,25.4,0.34,21.6,0.33,11.8,0.42,8.0,0.49,5.0,0.53,5.0,0.54,10.5,0.55,15.5,0.04,0.04,616.55869,1776165779000
1776165782.028,182.028,0.58,8.0,0.51,5.0,0.47,5.0,0.46,10.5,0.45,15.5,0.62,5.0,0.64,5.0,0.65,25.4,0.66,21.6,0.67,11.8,0.38,5.0,0.36,5.0,0.35,25.4,0.34,21.6,0.33,11.8,0.42,8.0,0.49,5.0,0.53,5.0,0.54,10.5,0.55,15.5,0.04,0.04,616.55036,1776165780000
1776165782.574,182.574,0.58,8.0,0.51,5.0,0.47,5.0,0.46,10.5,0.45,15.5,0.62,5.0,0.64,5.0,0.65,25.4,0.66,21.6,0.67,11.8,0.38,5.0,0.36,5.0,0.35,25.4,0.34,21.6,0.33,11.8,0.42,8.0,0.49,5.0,0.53,5.0,0.54,10.5,0.55,15.5,0.04,0.04,616.54986,1776165781000
1776165783.083,183.083,0.58,8.0,0.51,5.0,0.47,5.0,0.46,10.5,0.45,15.5,0.62,5.0,0.64,5.0,0.65,25.4,0.66,21.6,0.67,11.8,0.38,5.0,0.36,5.0,0.35,25.4,0.34,21.6,0.33,11.8,0.42,8.0,0.49,5.0,0.53,5.0,0.54,10.5,0.55,15.5,0.04,0.04,616.54984,1776165782000
1776165784.027,184.027,0.58,8.0,0.51,5.0,0.47,5.0,0.46,10.5,0.45,15.5,0.62,5.0,0.64,5.0,0.65,25.4,0.66,21.6,0.67,11.8,0.38,5.0,0.36,5.0,0.35,25.4,0.34,21.6,0.33,11.8,0.42,8.0,0.49,5.0,0.53,5.0,0.54,10.5,0.55,15.5,0.04,0.04,616.55382,1776165783000
1776165785.065,185.065,0.58,8.0,0.51,5.0,0.47,5.0,0.46,10.5,0.45,15.5,0.62,5.0,0.64,5.0,0.65,25.4,0.66,21.6,0.67,11.8,0.38,5.0,0.36,5.0,0.35,25.4,0.34,21.6,0.33,11.8,0.42,8.0,0.49,5.0,0.53,5.0,0.54,10.5,0.55,15.5,0.04,0.04,616.561,1776165784000
1776165786.2,186.2,0.58,8.0,0.51,5.0,0.47,5.0,0.46,10.5,0.45,15.5,0.62,5.0,0.64,5.0,0.65,25.4,0.66,21.6,0.67,11.8,0.38,5.0,0.36,5.0,0.35,25.4,0.34,21.6,0.33,11.8,0.42,8.0,0.49,5.0,0.53,5.0,0.54,10.5,0.55,15.5,0.04,0.04,616.581854,1776165785000
1776165787.202,187.202,0.58,8.0,0.51,5.0,0.47,5.0,0.46,10.5,0.45,15.5,0.62,5.0,0.64,5.0,0.65,25.4,0.66,21.6,0.67,11.8,0.38,5.0,0.36,5.0,0.35,25.4,0.34,21.6,0.33,11.8,0.42,8.0,0.49,5.0,0.53,5.0,0.54,10.5,0.55,15.5,0.04,0.04,616.589,1776165786000
1776165788.19,188.19,0.58,8.0,0.51,5.0,0.47,5.0,0.46,10.5,0.45,15.5,0.62,5.0,0.64,5.0,0.65,25.4,0.66,21.6,0.67,11.8,0.38,5.0,0.36,5.0,0.35,25.4,0.34,21.6,0.33,11.8,0.42,8.0,0.49,5.0,0.53,5.0,0.54,10.5,0.55,15.5,0.04,0.04,616.584,1776165787000
1776165789.257,189.257,0.58,8.0,0.51,5.0,0.47,5.0,0.46,10.5,0.45,15.5,0.62,5.0,0.64,5.0,0.65,25.4,0.66,21.6,0.67,11.8,0.38,5.0,0.36,5.0,0.35,25.4,0.34,21.6,0.33,11.8,0.42,8.0,0.49,5.0,0.53,5.0,0.54,10.5,0.55,15.5,0.04,0.04,616.584,1776165788000
1776165790.318,190.318,0.58,8.0,0.51,5.0,0.47,5.0,0.46,10.5,0.45,15.5,0.62,5.0,0.64,5.0,0.65,25.4,0.66,21.6,0.67,11.8,0.38,5.0,0.36,5.0,0.35,25.4,0.34,21.6,0.33,11.8,0.42,8.0,0.49,5.0,0.53,5.0,0.54,10.5,0.55,15.5,0.04,0.04,616.54838,1776165789000
1776165791.403,191.403,0.58,8.0,0.51,5.0,0.47,5.0,0.46,10.5,0.45,15.5,0.62,5.0,0.64,5.0,0.65,25.4,0.66,21.6,0.67,11.8,0.38,5.0,0.36,5.0,0.35,25.4,0.34,21.6,0.33,11.8,0.42,8.0,0.49,5.0,0.53,5.0,0.54,10.5,0.55,15.5,0.04,0.04,616.55066,1776165790000
1776165791.979,191.979,0.58,8.0,0.51,5.0,0.47,5.0,0.46,10.5,0.45,15.5,0.62,5.0,0.64,5.0,0.65,25.4,0.66,21.6,0.67,11.8,0.38,5.0,0.36,5.0,0.35,25.4,0.34,21.6,0.33,11.8,0.42,8.0,0.49,5.0,0.53,5.0,0.54,10.5,0.55,15.5,0.04,0.04,616.5464,1776165791000
1776165792.932,192.932,0.58,8.0,0.51,5.0,0.47,5.0,0.46,10.5,0.45,15.5,0.62,5.0,0.64,5.0,0.65,25.4,0.66,21.6,0.67,11.8,0.38,5.0,0.36,5.0,0.35,25.4,0.34,21.6,0.33,11.8,0.42,8.0,0.49,5.0,0.53,5.0,0.54,10.5,0.55,15.5,0.04,0.04,616.52514,1776165792000
1776165793.985,193.985,0.58,8.0,0.51,5.0,0.47,5.0,0.46,10.5,0.45,15.5,0.62,5.0,0.64,5.0,0.65,25.4,0.66,21.6,0.67,11.8,0.38,5.0,0.36,5.0,0.35,25.4,0.34,21.6,0.33,11.8,0.42,8.0,0.49,5.0,0.53,5.0,0.54,10.5,0.55,15.5,0.04,0.04,616.525759,1776165793000
1776165795.559,195.559,0.58,8.0,0.51,5.0,0.47,5.0,0.46,10.5,0.45,15.5,0.62,5.0,0.64,5.0,0.65,25.4,0.66,21.6,0.67,11.8,0.38,5.0,0.36,5.0,0.35,25.4,0.34,21.6,0.33,11.8,0.42,8.0,0.49,5.0,0.53,5.0,0.54,10.5,0.55,15.5,0.04,0.04,616.525052,1776165794000
1776165796.253,196.253,0.58,8.0,0.51,5.0,0.47,5.0,0.46,10.5,0.45,15.5,0.62,5.0,0.64,5.0,0.65,25.4,0.66,21.6,0.67,11.8,0.38,5.0,0.36,5.0,0.35,25.4,0.34,21.6,0.33,11.8,0.42,8.0,0.49,5.0,0.53,5.0,0.54,10.5,0.55,15.5,0.04,0.04,616.522388,1776165795000
1776165797.436,197.436,0.58,8.0,0.51,5.0,0.47,5.0,0.46,10.5,0.45,15.5,0.62,5.0,0.64,5.0,0.65,25.4,0.66,21.6,0.67,11.8,0.38,5.0,0.36,5.0,0.35,25.4,0.34,21.6,0.33,11.8,0.42,8.0,0.49,5.0,0.53,5.0,0.54,10.5,0.55,15.5,0.04,0.04,616.522405,1776165796000
1776165798.209,198.209,0.58,8.0,0.51,5.0,0.47,5.0,0.46,10.5,0.45,15.5,0.62,5.0,0.64,5.0,0.65,25.4,0.66,21.6,0.67,11.8,0.38,5.0,0.36,5.0,0.35,25.4,0.34,21.6,0.33,11.8,0.42,8.0,0.49,5.0,0.53,5.0,0.54,10.5,0.55,15.5,0.04,0.04,616.522176,1776165797000
1776165799.466,199.466,0.58,8.0,0.51,5.0,0.47,5.0,0.46,10.5,0.45,15.5,0.62,5.0,0.64,5.0,0.65,25.4,0.66,21.6,0.67,11.8,0.38,5.0,0.36,5.0,0.35,25.4,0.34,21.6,0.33,11.8,0.42,8.0,0.49,5.0,0.53,5.0,0.54,10.5,0.55,15.5,0.04,0.04,616.522137,1776165798000
1776165800.08,200.08,0.58,8.0,0.51,5.0,0.47,5.0,0.46,10.5,0.45,15.5,0.62,5.0,0.64,5.0,0.65,25.4,0.66,21.6,0.67,11.8,0.38,5.0,0.36,5.0,0.35,25.4,0.34,21.6,0.33,11.8,0.42,8.0,0.49,5.0,0.53,5.0,0.54,10.5,0.55,15.5,0.04,0.04,616.523176,1776165799000
1776165801.466,201.466,0.58,8.0,0.51,5.0,0.47,5.0,0.46,10.5,0.45,15.5,0.62,5.0,0.64,5.0,0.65,25.4,0.66,21.6,0.67,11.8,0.38,5.0,0.36,5.0,0.35,25.4,0.34,21.6,0.33,11.8,0.42,8.0,0.49,5.0,0.53,5.0,0.54,10.5,0.55,15.5,0.04,0.04,616.54038,1776165800000
1776165802.001,202.001,0.58,8.0,0.51,5.0,0.47,5.0,0.46,10.5,0.45,15.5,0.62,5.0,0.64,5.0,0.65,25.4,0.66,21.6,0.67,11.8,0.38,5.0,0.36,5.0,0.35,25.4,0.34,21.6,0.33,11.8,0.42,8.0,0.49,5.0,0.53,5.0,0.54,10.5,0.55,15.5,0.04,0.04,616.566707,1776165801000
1776165803.278,203.278,0.58,8.0,0.51,5.0,0.47,5.0,0.46,10.5,0.45,15.5,0.62,5.0,0.64,5.0,0.65,25.4,0.66,21.6,0.67,11.8,0.38,5.0,0.36,5.0,0.35,25.4,0.34,21.6,0.33,11.8,0.42,8.0,0.49,5.0,0.53,5.0,0.54,10.5,0.55,15.5,0.04,0.04,616.549564,1776165802000
1776165804.64,204.64,0.58,8.0,0.51,5.0,0.47,5.0,0.46,10.5,0.45,15.5,0.62,5.0,0.64,5.0,0.65,25.4,0.66,21.6,0.67,11.8,0.38,5.0,0.36,5.0,0.35,25.4,0.34,21.6,0.33,11.8,0.42,8.0,0.49,5.0,0.53,5.0,0.54,10.5,0.55,15.5,0.04,0.04,616.550064,1776165803000
1776165805.318,205.318,0.58,8.0,0.51,5.0,0.47,5.0,0.46,10.5,0.45,15.5,0.62,5.0,0.64,5.0,0.65,25.4,0.66,21.6,0.67,11.8,0.38,5.0,0.36,5.0,0.35,25.4,0.34,21.6,0.33,11.8,0.42,8.0,0.49,5.0,0.53,5.0,0.54,10.5,0.55,15.5,0.04,0.04,616.552475,1776165804000
1776165812.506,212.506,0.58,8.0,0.51,5.0,0.47,5.0,0.46,10.5,0.45,15.5,0.62,5.0,0.64,5.0,0.65,25.4,0.66,21.6,0.67,11.8,0.38,5.0,0.36,5.0,0.35,25.4,0.34,21.6,0.33,11.8,0.42,8.0,0.49,5.0,0.53,5.0,0.54,10.5,0.55,15.5,0.04,0.04,616.55857,1776165810000
1776165813.303,213.303,0.58,8.0,0.51,5.0,0.47,5.0,0.46,10.5,0.45,15.5,0.62,5.0,0.64,5.0,0.65,25.4,0.66,21.6,0.67,11.8,0.38,5.0,0.36,5.0,0.35,25.4,0.34,21.6,0.33,11.8,0.42,8.0,0.49,5.0,0.53,5.0,0.54,10.5,0.55,15.5,0.04,0.04,616.55532,1776165812000
1776165814.242,214.242,0.58,8.0,0.51,5.0,0.47,5.0,0.46,10.5,0.45,15.5,0.62,5.0,0.64,5.0,0.65,25.4,0.66,21.6,0.67,11.8,0.38,5.0,0.36,5.0,0.35,25.4,0.34,21.6,0.33,11.8,0.42,8.0,0.49,5.0,0.53,5.0,0.54,10.5,0.55,15.5,0.04,0.04,616.55248,1776165813000
1776165815.199,215.199,0.58,8.0,0.51,5.0,0.47,5.0,0.46,10.5,0.45,15.5,0.62,5.0,0.64,5.0,0.65,25.4,0.66,21.6,0.67,11.8,0.38,5.0,0.36,5.0,0.35,25.4,0.34,21.6,0.33,11.8,0.42,8.0,0.49,5.0,0.53,5.0,0.54,10.5,0.55,15.5,0.04,0.04,616.55528,1776165814000
1776165816.221,216.221,0.58,8.0,0.51,5.0,0.47,5.0,0.46,10.5,0.45,15.5,0.62,5.0,0.64,5.0,0.65,25.4,0.66,21.6,0.67,11.8,0.38,5.0,0.36,5.0,0.35,25.4,0.34,21.6,0.33,11.8,0.42,8.0,0.49,5.0,0.53,5.0,0.54,10.5,0.55,15.5,0.04,0.04,616.55504,1776165815000
1776165817.125,217.125,0.58,8.0,0.51,5.0,0.47,5.0,0.46,10.5,0.45,15.5,0.62,5.0,0.64,5.0,0.65,25.4,0.66,21.6,0.67,11.8,0.38,5.0,0.36,5.0,0.35,25.4,0.34,21.6,0.33,11.8,0.42,8.0,0.49,5.0,0.53,5.0,0.54,10.5,0.55,15.5,0.04,0.04,616.566178,1776165816000
1776165818.089,218.089,0.58,8.0,0.51,5.0,0.47,5.0,0.46,10.5,0.45,15.5,0.62,5.0,0.64,5.0,0.65,25.4,0.66,21.6,0.67,11.8,0.38,5.0,0.36,5.0,0.35,25.4,0.34,21.6,0.33,11.8,0.42,8.0,0.49,5.0,0.53,5.0,0.54,10.5,0.55,15.5,0.04,0.04,616.562678,1776165817000
1776165819.021,219.021,0.58,8.0,0.51,5.0,0.47,5.0,0.46,10.5,0.45,15.5,0.62,5.0,0.64,5.0,0.65,25.4,0.66,21.6,0.67,11.8,0.38,5.0,0.36,5.0,0.35,25.4,0.34,21.6,0.33,11.8,0.42,8.0,0.49,5.0,0.53,5.0,0.54,10.5,0.55,15.5,0.04,0.04,616.562654,1776165818000
1776165820.034,220.034,0.58,8.0,0.51,5.0,0.47,5.0,0.46,10.5,0.45,15.5,0.62,5.0,0.64,5.0,0.65,25.4,0.66,21.6,0.67,11.8,0.38,5.0,0.36,5.0,0.35,25.4,0.34,21.6,0.33,11.8,0.42,8.0,0.49,5.0,0.53,5.0,0.54,10.5,0.55,15.5,0.04,0.04,616.561349,1776165819000
1776165820.944,220.944,0.58,8.0,0.51,5.0,0.47,5.0,0.46,10.5,0.45,15.5,0.62,5.0,0.64,5.0,0.65,25.4,0.66,21.6,0.67,11.8,0.38,5.0,0.36,5.0,0.35,25.4,0.34,21.6,0.33,11.8,0.42,8.0,0.49,5.0,0.53,5.0,0.54,10.5,0.55,15.5,0.04,0.04,616.563416,1776165820000
1776165822.088,222.088,0.58,8.0,0.51,5.0,0.47,5.0,0.46,10.5,0.45,15.5,0.62,5.0,0.64,5.0,0.65,25.4,0.66,21.6,0.67,11.8,0.38,5.0,0.36,5.0,0.35,25.4,0.34,21.6,0.33,11.8,0.42,8.0,0.49,5.0,0.53,5.0,0.54,10.5,0.55,15.5,0.04,0.04,616.560398,1776165821000
1776165822.431,222.431,0.37,0.66,0.36,11.3,0.35,11.4,0.34,11.6,0.33,11.8,0.59,36.7,0.6,10.8,0.61,60.9,0.62,11.0,0.63,11.2,0.38,5.0,0.36,5.0,0.35,25.4,0.34,21.6,0.33,11.8,0.42,8.0,0.49,5.0,0.53,5.0,0.54,10.5,0.55,15.5,0.22,0.04,616.560398,1776165821000
1776165822.94,222.94,0.37,0.66,0.36,11.3,0.35,11.4,0.34,11.6,0.33,11.8,0.59,36.7,0.6,10.8,0.61,60.9,0.62,11.0,0.63,11.2,0.41,36.7,0.4,10.8,0.39,60.9,0.38,11.0,0.37,11.2,0.63,0.66,0.64,11.3,0.65,11.4,0.66,11.6,0.67,11.8,0.22,0.22,616.55104,1776165822000
1776165824.309,224.309,0.37,0.66,0.36,11.3,0.35,11.4,0.34,11.6,0.33,11.8,0.59,36.7,0.6,10.8,0.61,60.9,0.62,11.0,0.63,11.2,0.41,36.7,0.4,10.8,0.39,60.9,0.38,11.0,0.37,11.2,0.63,0.66,0.64,11.3,0.65,11.4,0.66,11.6,0.67,11.8,0.22,0.22,616.530481,1776165823000
1776165825.363,225.363,0.37,0.66,0.36,11.3,0.35,11.4,0.34,11.6,0.33,11.8,0.59,36.7,0.6,10.8,0.61,60.9,0.62,11.0,0.63,11.2,0.41,36.7,0.4,10.8,0.39,60.9,0.38,11.0,0.37,11.2,0.63,0.66,0.64,11.3,0.65,11.4,0.66,11.6,0.67,11.8,0.22,0.22,616.536592,1776165824000
1776165826.201,226.201,0.37,0.66,0.36,11.3,0.35,11.4,0.34,11.6,0.33,11.8,0.59,36.7,0.6,10.8,0.61,60.9,0.62,11.0,0.63,11.2,0.41,36.7,0.4,10.8,0.39,60.9,0.38,11.0,0.37,11.2,0.63,0.66,0.64,11.3,0.65,11.4,0.66,11.6,0.67,11.8,0.22,0.22,616.543741,1776165825000
1776165826.432,226.432,0.36,9.45,0.35,11.4,0.34,11.6,0.33,11.8,0.32,11.9,0.52,10.4,0.53,10.4,0.54,10.5,0.55,10.5,0.56,10.6,0.41,36.7,0.4,10.8,0.39,60.9,0.38,11.0,0.37,11.2,0.63,0.66,0.64,11.3,0.65,11.4,0.66,11.6,0.67,11.8,0.16,0.22,616.543741,1776165825000
1776165827.853,227.853,0.36,9.45,0.35,11.4,0.34,11.6,0.33,11.8,0.32,11.9,0.52,10.4,0.53,10.4,0.54,10.5,0.55,10.5,0.56,10.6,0.48,10.4,0.47,10.4,0.46,10.5,0.45,10.5,0.44,10.6,0.64,9.45,0.65,11.4,0.66,11.6,0.67,11.8,0.68,11.9,0.16,0.16,616.548956,1776165826000
1776165828.445,228.445,0.36,9.45,0.35,11.4,0.34,11.6,0.33,11.8,0.32,11.9,0.52,10.4,0.53,10.4,0.54,10.5,0.55,10.5,0.56,10.6,0.48,10.4,0.47,10.4,0.46,10.5,0.45,10.5,0.44,10.6,0.64,9.45,0.65,11.4,0.66,11.6,0.67,11.8,0.68,11.9,0.16,0.16,616.548956,1776165827000
1776165829.045,229.045,0.36,9.45,0.35,11.4,0.34,11.6,0.33,11.8,0.32,11.9,0.52,10.4,0.53,10.4,0.54,10.5,0.55,10.5,0.56,10.6,0.48,10.4,0.47,10.4,0.46,10.5,0.45,10.5,0.44,10.6,0.64,9.45,0.65,11.4,0.66,11.6,0.67,11.8,0.68,11.9,0.16,0.16,616.544682,1776165828000
1776165829.992,229.992,0.36,9.45,0.35,11.4,0.34,11.6,0.33,11.8,0.32,11.9,0.52,10.4,0.53,10.4,0.54,10.5,0.55,10.5,0.56,10.6,0.48,10.4,0.47,10.4,0.46,10.5,0.45,10.5,0.44,10.6,0.64,9.45,0.65,11.4,0.66,11.6,0.67,11.8,0.68,11.9,0.16,0.16,616.547851,1776165829000
1776165831.038,231.038,0.36,9.45,0.35,11.4,0.34,11.6,0.33,11.8,0.32,11.9,0.52,10.4,0.53,10.4,0.54,10.5,0.55,10.5,0.56,10.6,0.48,10.4,0.47,10.4,0.46,10.5,0.45,10.5,0.44,10.6,0.64,9.45,0.65,11.4,0.66,11.6,0.67,11.8,0.68,11.9,0.16,0.16,616.546097,1776165830000
1776165831.962,231.962,0.36,9.45,0.35,11.4,0.34,11.6,0.33,11.8,0.32,11.9,0.52,10.4,0.53,10.4,0.54,10.5,0.55,10.5,0.56,10.6,0.48,10.4,0.47,10.4,0.46,10.5,0.45,10.5,0.44,10.6,0.64,9.45,0.65,11.4,0.66,11.6,0.67,11.8,0.68,11.9,0.16,0.16,616.546095,1776165831000
1776165833.679,233.679,0.36,9.45,0.35,11.4,0.34,11.6,0.33,11.8,0.32,11.9,0.52,10.4,0.53,10.4,0.54,10.5,0.55,10.5,0.56,10.6,0.48,10.4,0.47,10.4,0.46,10.5,0.45,10.5,0.44,10.6,0.64,9.45,0.65,11.4,0.66,11.6,0.67,11.8,0.68,11.9,0.16,0.16,616.546186,1776165832000
1776165834.26,234.26,0.36,9.45,0.35,11.4,0.34,11.6,0.33,11.8,0.32,11.9,0.52,10.4,0.53,10.4,0.54,10.5,0.55,10.5,0.56,10.6,0.48,10.4,0.47,10.4,0.46,10.5,0.45,10.5,0.44,10.6,0.64,9.45,0.65,11.4,0.66,11.6,0.67,11.8,0.68,11.9,0.16,0.16,616.541225,1776165833000
1776165835.679,235.679,0.36,9.45,0.35,11.4,0.34,11.6,0.33,11.8,0.32,11.9,0.52,10.4,0.53,10.4,0.54,10.5,0.55,10.5,0.56,10.6,0.48,10.4,0.47,10.4,0.46,10.5,0.45,10.5,0.44,10.6,0.64,9.45,0.65,11.4,0.66,11.6,0.67,11.8,0.68,11.9,0.16,0.16,616.550353,1776165834000
1776165836.088,236.088,0.36,9.45,0.35,11.4,0.34,11.6,0.33,11.8,0.32,11.9,0.52,10.4,0.53,10.4,0.54,10.5,0.55,10.5,0.56,10.6,0.48,10.4,0.47,10.4,0.46,10.5,0.45,10.5,0.44,10.6,0.64,9.45,0.65,11.4,0.66,11.6,0.67,11.8,0.68,11.9,0.16,0.16,616.550237,1776165835000
1776165837.232,237.232,0.36,9.45,0.35,11.4,0.34,11.6,0.33,11.8,0.32,11.9,0.52,10.4,0.53,10.4,0.54,10.5,0.55,10.5,0.56,10.6,0.48,10.4,0.47,10.4,0.46,10.5,0.45,10.5,0.44,10.6,0.64,9.45,0.65,11.4,0.66,11.6,0.67,11.8,0.68,11.9,0.16,0.16,616.540185,1776165836000
1776165838.399,238.399,0.36,9.45,0.35,11.4,0.34,11.6,0.33,11.8,0.32,11.9,0.52,10.4,0.53,10.4,0.54,10.5,0.55,10.5,0.56,10.6,0.48,10.4,0.47,10.4,0.46,10.5,0.45,10.5,0.44,10.6,0.64,9.45,0.65,11.4,0.66,11.6,0.67,11.8,0.68,11.9,0.16,0.16,616.541637,1776165837000
1776165839.587,239.587,0.34,7.63,0.33,11.8,0.32,11.9,0.31,62.2,0.3,12.4,0.5,10.4,0.51,10.4,0.52,10.4,0.53,10.4,0.54,10.5,0.48,10.4,0.47,10.4,0.46,10.5,0.45,10.5,0.44,10.6,0.64,9.45,0.65,11.4,0.66,11.6,0.67,11.8,0.68,11.9,0.16,0.16,616.541637,1776165837000
1776165840.586,240.586,0.34,7.63,0.33,11.8,0.32,11.9,0.31,62.2,0.3,12.4,0.5,10.4,0.51,10.4,0.52,10.4,0.53,10.4,0.54,10.5,0.5,10.4,0.49,10.4,0.48,10.4,0.47,10.4,0.46,10.5,0.66,7.63,0.67,11.8,0.68,11.9,0.69,62.2,0.7,12.4,0.16,0.16,616.568421,1776165839000
1776165841.337,241.337,0.34,7.63,0.33,11.8,0.32,11.9,0.31,62.2,0.3,12.4,0.5,10.4,0.51,10.4,0.52,10.4,0.53,10.4,0.54,10.5,0.5,10.4,0.49,10.4,0.48,10.4,0.47,10.4,0.46,10.5,0.66,7.63,0.67,11.8,0.68,11.9,0.69,62.2,0.7,12.4,0.16,0.16,616.58466,1776165840000
1776165842.328,242.328,0.34,11.6,0.33,11.8,0.32,11.9,0.31,62.2,0.3,12.4,0.38,1.09,0.49,10.4,0.5,10.4,0.51,10.4,0.52,10.4,0.5,10.4,0.49,10.4,0.48,10.4,0.47,10.4,0.46,10.5,0.66,7.63,0.67,11.8,0.68,11.9,0.69,62.2,0.7,12.4,0.04,0.16,616.58466,1776165840000
1776165843.062,243.062,0.34,11.6,0.33,11.8,0.32,11.9,0.31,62.2,0.3,12.4,0.49,10.4,0.5,10.4,0.51,10.4,0.52,10.4,0.53,10.4,0.51,10.4,0.5,10.4,0.49,10.4,0.48,10.4,0.47,10.4,0.66,11.6,0.67,11.8,0.68,11.9,0.69,62.2,0.7,12.4,0.15,0.15,616.58058,1776165841000
1776165843.818,243.818,0.34,11.6,0.33,11.8,0.32,11.9,0.31,62.2,0.3,12.4,0.49,10.4,0.5,10.4,0.51,10.4,0.52,10.4,0.53,10.4,0.51,10.4,0.5,10.4,0.49,10.4,0.48,10.4,0.47,10.4,0.66,11.6,0.67,11.8,0.68,11.9,0.69,62.2,0.7,12.4,0.15,0.15,616.57189,1776165842000
1776165844.51,244.51,0.34,11.6,0.33,11.8,0.32,11.9,0.31,62.2,0.3,12.4,0.49,10.4,0.5,10.4,0.51,10.4,0.52,10.4,0.53,10.4,0.51,10.4,0.5,10.4,0.49,10.4,0.48,10.4,0.47,10.4,0.66,11.6,0.67,11.8,0.68,11.9,0.69,62.2,0.7,12.4,0.15,0.15,616.57179,1776165843000
1776165845.049,245.049,0.34,11.6,0.33,11.8,0.32,11.9,0.31,62.2,0.3,12.4,0.49,10.4,0.5,10.4,0.51,10.4,0.52,10.4,0.53,10.4,0.51,10.4,0.5,10.4,0.49,10.4,0.48,10.4,0.47,10.4,0.66,11.6,0.67,11.8,0.68,11.9,0.69,62.2,0.7,12.4,0.15,0.15,616.5583,1776165844000
1776165846.756,246.756,0.34,11.6,0.33,11.8,0.32,11.9,0.31,62.2,0.3,12.4,0.49,10.4,0.5,10.4,0.51,10.4,0.52,10.4,0.53,10.4,0.51,10.4,0.5,10.4,0.49,10.4,0.48,10.4,0.47,10.4,0.66,11.6,0.67,11.8,0.68,11.9,0.69,62.2,0.7,12.4,0.15,0.15,616.53017,1776165845000
1776165847.43,247.43,0.34,11.6,0.33,11.8,0.32,11.9,0.31,62.2,0.3,12.4,0.49,10.4,0.5,10.4,0.51,10.4,0.52,10.4,0.53,10.4,0.51,10.4,0.5,10.4,0.49,10.4,0.48,10.4,0.47,10.4,0.66,11.6,0.67,11.8,0.68,11.9,0.69,62.2,0.7,12.4,0.15,0.15,616.53038,1776165846000
1776165848.11,248.11,0.34,11.6,0.33,11.8,0.32,11.9,0.31,62.2,0.3,12.4,0.49,10.4,0.5,10.4,0.51,10.4,0.52,10.4,0.53,10.4,0.51,10.4,0.5,10.4,0.49,10.4,0.48,10.4,0.47,10.4,0.66,11.6,0.67,11.8,0.68,11.9,0.69,62.2,0.7,12.4,0.15,0.15,616.53038,1776165847000
1776165849.636,249.636,0.34,11.6,0.33,11.8,0.32,11.9,0.31,62.2,0.3,12.4,0.49,10.4,0.5,10.4,0.51,10.4,0.52,10.4,0.53,10.4,0.51,10.4,0.5,10.4,0.49,10.4,0.48,10.4,0.47,10.4,0.66,11.6,0.67,11.8,0.68,11.9,0.69,62.2,0.7,12.4,0.15,0.15,616.522116,1776165848000
1776165850.3,250.3,0.34,11.6,0.33,11.8,0.32,11.9,0.31,62.2,0.3,12.4,0.49,10.4,0.5,10.4,0.51,10.4,0.52,10.4,0.53,10.4,0.51,10.4,0.5,10.4,0.49,10.4,0.48,10.4,0.47,10.4,0.66,11.6,0.67,11.8,0.68,11.9,0.69,62.2,0.7,12.4,0.15,0.15,616.521824,1776165849000
1776165851.897,251.897,0.34,11.6,0.33,11.8,0.32,11.9,0.31,62.2,0.3,12.4,0.49,10.4,0.5,10.4,0.51,10.4,0.52,10.4,0.53,10.4,0.51,10.4,0.5,10.4,0.49,10.4,0.48,10.4,0.47,10.4,0.66,11.6,0.67,11.8,0.68,11.9,0.69,62.2,0.7,12.4,0.15,0.15,616.522261,1776165850000
1776165852.579,252.579,0.34,11.6,0.33,11.8,0.32,11.9,0.31,62.2,0.3,12.4,0.49,10.4,0.5,10.4,0.51,10.4,0.52,10.4,0.53,10.4,0.51,10.4,0.5,10.4,0.49,10.4,0.48,10.4,0.47,10.4,0.66,11.6,0.67,11.8,0.68,11.9,0.69,62.2,0.7,12.4,0.15,0.15,616.522833,1776165851000
1776165853.423,253.423,0.41,50.0,0.34,21.6,0.33,11.8,0.32,21.9,0.31,62.2,0.71,45.81,0.75,13.9,0.76,14.3,0.77,14.7,0.78,25.2,0.51,10.4,0.5,10.4,0.49,10.4,0.48,10.4,0.47,10.4,0.66,11.6,0.67,11.8,0.68,11.9,0.69,62.2,0.7,12.4,0.3,0.15,616.522833,1776165851000
1776165854.133,254.133,0.41,50.0,0.34,21.6,0.33,11.8,0.32,21.9,0.31,62.2,0.71,45.81,0.75,13.9,0.76,14.3,0.77,14.7,0.78,25.2,0.29,45.81,0.25,13.9,0.24,14.3,0.23,14.7,0.22,25.2,0.59,50.0,0.66,21.6,0.67,11.8,0.68,21.9,0.69,62.2,0.3,0.3,616.524311,1776165853000
1776165855.676,255.676,0.41,50.0,0.34,21.6,0.33,11.8,0.32,21.9,0.31,62.2,0.71,45.81,0.75,13.9,0.76,14.3,0.77,14.7,0.78,25.2,0.29,45.81,0.25,13.9,0.24,14.3,0.23,14.7,0.22,25.2,0.59,50.0,0.66,21.6,0.67,11.8,0.68,21.9,0.69,62.2,0.3,0.3,616.562696,1776165854000
1776165856.304,256.304,0.41,50.0,0.34,21.6,0.33,11.8,0.32,21.9,0.31,62.2,0.71,45.81,0.75,13.9,0.76,14.3,0.77,14.7,0.78,25.2,0.29,45.81,0.25,13.9,0.24,14.3,0.23,14.7,0.22,25.2,0.59,50.0,0.66,21.6,0.67,11.8,0.68,21.9,0.69,62.2,0.3,0.3,616.606,1776165855000
1776165857.785,257.785,0.41,50.0,0.34,21.6,0.33,11.8,0.32,21.9,0.31,62.2,0.71,45.81,0.75,13.9,0.76,14.3,0.77,14.7,0.78,25.2,0.29,45.81,0.25,13.9,0.24,14.3,0.23,14.7,0.22,25.2,0.59,50.0,0.66,21.6,0.67,11.8,0.68,21.9,0.69,62.2,0.3,0.3,616.618,1776165856000
1776165858.674,258.674,0.41,50.0,0.34,21.6,0.33,11.8,0.32,21.9,0.31,62.2,0.71,45.81,0.75,13.9,0.76,14.3,0.77,14.7,0.78,25.2,0.29,45.81,0.25,13.9,0.24,14.3,0.23,14.7,0.22,25.2,0.59,50.0,0.66,21.6,0.67,11.8,0.68,21.9,0.69,62.2,0.3,0.3,616.621,1776165857000
1776165860.499,260.499,0.41,50.0,0.34,21.6,0.33,11.8,0.32,21.9,0.31,62.2,0.71,45.81,0.75,13.9,0.76,14.3,0.77,14.7,0.78,25.2,0.29,45.81,0.25,13.9,0.24,14.3,0.23,14.7,0.22,25.2,0.59,50.0,0.66,21.6,0.67,11.8,0.68,21.9,0.69,62.2,0.3,0.3,616.62117,1776165859000
1776165861.135,261.135,0.41,50.0,0.34,21.6,0.33,11.8,0.32,21.9,0.31,62.2,0.71,45.81,0.75,13.9,0.76,14.3,0.77,14.7,0.78,25.2,0.29,45.81,0.25,13.9,0.24,14.3,0.23,14.7,0.22,25.2,0.59,50.0,0.66,21.6,0.67,11.8,0.68,21.9,0.69,62.2,0.3,0.3,616.62135,1776165860000
1776165862.322,262.322,0.41,50.0,0.34,21.6,0.33,11.8,0.32,21.9,0.31,62.2,0.71,45.81,0.75,13.9,0.76,14.3,0.77,14.7,0.78,25.2,0.29,45.81,0.25,13.9,0.24,14.3,0.23,14.7,0.22,25.2,0.59,50.0,0.66,21.6,0.67,11.8,0.68,21.9,0.69,62.2,0.3,0.3,616.63172,1776165861000
1776165863.339,263.339,0.41,50.0,0.34,21.6,0.33,11.8,0.32,21.9,0.31,62.2,0.71,45.81,0.75,13.9,0.76,14.3,0.77,14.7,0.78,25.2,0.29,45.81,0.25,13.9,0.24,14.3,0.23,14.7,0.22,25.2,0.59,50.0,0.66,21.6,0.67,11.8,0.68,21.9,0.69,62.2,0.3,0.3,616.624,1776165862000
1776165863.966,263.966,0.41,50.0,0.34,21.6,0.33,11.8,0.32,21.9,0.31,62.2,0.71,45.81,0.75,13.9,0.76,14.3,0.77,14.7,0.78,25.2,0.29,45.81,0.25,13.9,0.24,14.3,0.23,14.7,0.22,25.2,0.59,50.0,0.66,21.6,0.67,11.8,0.68,21.9,0.69,62.2,0.3,0.3,616.624,1776165863000
1776165865.06,265.06,0.41,50.0,0.34,21.6,0.33,11.8,0.32,21.9,0.31,62.2,0.71,45.81,0.75,13.9,0.76,14.3,0.77,14.7,0.78,25.2,0.29,45.81,0.25,13.9,0.24,14.3,0.23,14.7,0.22,25.2,0.59,50.0,0.66,21.6,0.67,11.8,0.68,21.9,0.69,62.2,0.3,0.3,616.621,1776165864000
1776165866.095,266.095,0.41,50.0,0.34,21.6,0.33,11.8,0.32,21.9,0.31,62.2,0.71,45.81,0.75,13.9,0.76,14.3,0.77,14.7,0.78,25.2,0.29,45.81,0.25,13.9,0.24,14.3,0.23,14.7,0.22,25.2,0.59,50.0,0.66,21.6,0.67,11.8,0.68,21.9,0.69,62.2,0.3,0.3,616.625,1776165865000
1776165867.19,267.19,0.41,50.0,0.34,21.6,0.33,11.8,0.32,21.9,0.31,62.2,0.71,45.81,0.75,13.9,0.76,14.3,0.77,14.7,0.78,25.2,0.29,45.81,0.25,13.9,0.24,14.3,0.23,14.7,0.22,25.2,0.59,50.0,0.66,21.6,0.67,11.8,0.68,21.9,0.69,62.2,0.3,0.3,616.632,1776165866000
1776165868.283,268.283,0.41,50.0,0.34,21.6,0.33,11.8,0.32,21.9,0.31,62.2,0.71,45.81,0.75,13.9,0.76,14.3,0.77,14.7,0.78,25.2,0.29,45.81,0.25,13.9,0.24,14.3,0.23,14.7,0.22,25.2,0.59,50.0,0.66,21.6,0.67,11.8,0.68,21.9,0.69,62.2,0.3,0.3,616.632,1776165867000
1776165869.337,269.337,0.41,50.0,0.34,21.6,0.33,11.8,0.32,21.9,0.31,62.2,0.71,45.81,0.75,13.9,0.76,14.3,0.77,14.7,0.78,25.2,0.29,45.81,0.25,13.9,0.24,14.3,0.23,14.7,0.22,25.2,0.59,50.0,0.66,21.6,0.67,11.8,0.68,21.9,0.69,62.2,0.3,0.3,616.623944,1776165868000
1776165869.961,269.961,0.41,50.0,0.34,21.6,0.33,11.8,0.32,21.9,0.31,62.2,0.71,45.81,0.75,13.9,0.76,14.3,0.77,14.7,0.78,25.2,0.29,45.81,0.25,13.9,0.24,14.3,0.23,14.7,0.22,25.2,0.59,50.0,0.66,21.6,0.67,11.8,0.68,21.9,0.69,62.2,0.3,0.3,616.600734,1776165869000
1776165871.008,271.008,0.41,50.0,0.34,21.6,0.33,11.8,0.32,21.9,0.31,62.2,0.71,45.81,0.75,13.9,0.76,14.3,0.77,14.7,0.78,25.2,0.29,45.81,0.25,13.9,0.24,14.3,0.23,14.7,0.22,25.2,0.59,50.0,0.66,21.6,0.67,11.8,0.68,21.9,0.69,62.2,0.3,0.3,616.58532,1776165870000
1776165872.142,272.142,0.65,11.4,0.64,11.3,0.63,11.2,0.62,11.0,0.61,10.9,0.81,43.82,0.85,20.39,0.86,21.6,0.87,33.0,0.88,24.6,0.19,43.82,0.15,20.39,0.14,21.6,0.13,33.0,0.12,24.6,0.35,11.4,0.36,11.3,0.37,11.2,0.38,11.0,0.39,10.9,0.16,0.16,616.578556,1776165871000
1776165872.439,272.439,0.34,4.0,0.21,65.7,0.2,16.2,0.19,16.89,0.18,17.6,0.51,50.0,0.53,10.0,0.61,50.0,0.71,50.0,0.81,104.82,0.19,43.82,0.15,20.39,0.14,21.6,0.13,33.0,0.12,24.6,0.35,11.4,0.36,11.3,0.37,11.2,0.38,11.0,0.39,10.9,0.17,0.16,616.578556,1776165871000
1776165872.827,272.827,0.08,35.29,0.07,39.9,0.06,46.1,0.05,259.7,0.04,72.7,0.3,36.1,0.31,50.0,0.41,50.0,0.51,50.0,0.54,10.0,0.59,50.0,0.49,50.0,0.47,10.0,0.39,50.0,0.29,50.0,0.89,73.26,0.9,28.9,0.91,31.7,0.92,35.29,0.93,110.9,0.22,0.3,616.578556,1776165871000
1776165873.205,273.205,0.08,35.29,0.07,39.9,0.06,46.1,0.05,259.7,0.04,72.7,0.3,36.1,0.31,50.0,0.41,50.0,0.51,50.0,0.54,10.0,0.7,36.1,0.69,50.0,0.59,50.0,0.49,50.0,0.46,10.0,0.92,35.29,0.93,39.9,0.94,46.1,0.95,259.7,0.96,72.7,0.22,0.22,616.578053,1776165872000
1776165873.536,273.536,0.08,28.83,0.07,39.9,0.06,46.1,0.05,259.7,0.04,72.7,0.27,38.0,0.31,50.0,0.41,50.0,0.51,50.0,0.53,10.0,0.73,6.0,0.69,50.0,0.59,50.0,0.49,50.0,0.39,50.0,0.92,32.06,0.93,39.9,0.94,46.1,0.95,259.7,0.96,72.7,0.19,0.19,616.578053,1776165872000
1776165874.746,274.746,0.08,25.6,0.07,39.9,0.06,46.1,0.05,259.7,0.04,72.7,0.27,23.74,0.31,50.0,0.41,50.0,0.51,50.0,0.53,10.0,0.73,23.74,0.69,50.0,0.59,50.0,0.49,50.0,0.47,10.0,0.92,25.6,0.93,39.9,0.94,46.1,0.95,259.7,0.96,72.7,0.19,0.19,616.43633,1776165873000
1776165875.334,275.334,0.08,25.6,0.07,39.9,0.06,46.1,0.05,259.7,0.04,72.7,0.27,23.74,0.31,50.0,0.41,50.0,0.51,50.0,0.53,10.0,0.73,23.74,0.69,50.0,0.59,50.0,0.49,50.0,0.47,10.0,0.92,25.6,0.93,39.9,0.94,46.1,0.95,259.7,0.96,72.7,0.19,0.19,616.43633,1776165874000
1776165876.406,276.406,0.08,25.6,0.07,39.9,0.06,46.1,0.05,259.7,0.04,72.7,0.27,23.74,0.31,50.0,0.41,50.0,0.51,50.0,0.53,10.0,0.73,23.74,0.69,50.0,0.59,50.0,0.49,50.0,0.47,10.0,0.92,25.6,0.93,39.9,0.94,46.1,0.95,259.7,0.96,72.7,0.19,0.19,616.42983,1776165875000
1776165877.007,277.007,0.08,25.6,0.07,39.9,0.06,46.1,0.05,259.7,0.04,72.7,0.27,23.74,0.31,50.0,0.41,50.0,0.51,50.0,0.53,10.0,0.73,23.74,0.69,50.0,0.59,50.0,0.49,50.0,0.47,10.0,0.92,25.6,0.93,39.9,0.94,46.1,0.95,259.7,0.96,72.7,0.19,0.19,616.42983,1776165876000
1776165877.324,277.324,0.04,121.5,0.02,10.0,0.01,5736.09,,,,,0.24,19.0,0.31,50.0,0.39,8.0,0.41,50.0,0.47,10.0,0.73,23.74,0.69,50.0,0.59,50.0,0.49,50.0,0.47,10.0,0.92,25.6,0.93,39.9,0.94,46.1,0.95,259.7,0.96,72.7,0.2,0.19,616.42983,1776165876000
1776165878.097,278.097,0.04,121.5,0.02,10.0,0.01,5736.09,,,,,0.24,19.0,0.31,50.0,0.39,8.0,0.41,50.0,0.47,10.0,0.76,19.0,0.69,50.0,0.61,8.0,0.59,50.0,0.53,10.0,0.96,121.5,0.98,10.0,0.99,5736.09,,,,,0.2,0.2,616.40245,1776165877000
1776165879.347,279.347,0.04,121.5,0.02,10.0,0.01,5736.09,,,,,0.24,19.0,0.31,50.0,0.39,8.0,0.41,50.0,0.47,10.0,0.76,19.0,0.69,50.0,0.61,8.0,0.59,50.0,0.53,10.0,0.96,121.5,0.98,10.0,0.99,5736.09,,,,,0.2,0.2,616.448698,1776165878000
1776165880.422,280.422,0.04,121.5,0.02,10.0,0.01,5736.09,,,,,0.24,19.0,0.31,50.0,0.39,8.0,0.41,50.0,0.47,10.0,0.76,19.0,0.69,50.0,0.61,8.0,0.59,50.0,0.53,10.0,0.96,121.5,0.98,10.0,0.99,5736.09,,,,,0.2,0.2,616.46912,1776165879000
1776165880.968,280.968,0.04,121.5,0.02,10.0,0.01,5736.09,,,,,0.24,19.0,0.31,50.0,0.39,8.0,0.41,50.0,0.47,10.0,0.76,19.0,0.69,50.0,0.61,8.0,0.59,50.0,0.53,10.0,0.96,121.5,0.98,10.0,0.99,5736.09,,,,,0.2,0.2,616.46893,1776165880000
1776165882.155,282.155,0.04,121.5,0.02,10.0,0.01,5736.09,,,,,0.24,19.0,0.31,50.0,0.39,8.0,0.41,50.0,0.47,10.0,0.76,19.0,0.69,50.0,0.61,8.0,0.59,50.0,0.53,10.0,0.96,121.5,0.98,10.0,0.99,5736.09,,,,,0.2,0.2,616.44412,1776165881000
1776165883.253,283.253,0.04,121.5,0.02,10.0,0.01,5736.09,,,,,0.24,19.0,0.31,50.0,0.39,8.0,0.41,50.0,0.47,10.0,0.76,19.0,0.69,50.0,0.61,8.0,0.59,50.0,0.53,10.0,0.96,121.5,0.98,10.0,0.99,5736.09,,,,,0.2,0.2,616.43448,1776165882000
1776165883.61,283.61,0.21,50.0,0.17,33.83,0.11,50.0,0.05,5.0,0.03,166.0,0.47,28.68,0.51,50.0,0.6,10.0,0.61,50.0,0.71,50.0,0.76,19.0,0.69,50.0,0.61,8.0,0.59,50.0,0.53,10.0,0.96,121.5,0.98,10.0,0.99,5736.09,,,,,0.26,0.2,616.43448,1776165882000
1776165884.368,284.368,0.21,50.0,0.17,33.83,0.11,50.0,0.05,5.0,0.03,166.0,0.47,28.68,0.51,50.0,0.6,10.0,0.61,50.0,0.71,50.0,0.53,28.68,0.49,50.0,0.4,10.0,0.39,50.0,0.29,50.0,0.79,50.0,0.83,33.83,0.89,50.0,0.95,5.0,0.97,166.0,0.26,0.26,616.43035,1776165883000
1776165885.415,285.415,0.17,33.83,0.11,50.0,0.03,166.0,0.02,10.0,0.01,5731.09,0.38,33.0,0.51,50.0,0.61,50.0,0.71,50.0,0.81,43.82,0.62,33.0,0.49,50.0,0.39,50.0,0.29,50.0,0.19,43.82,0.83,33.83,0.89,50.0,0.97,166.0,0.98,10.0,0.99,5731.09,0.21,0.21,616.45586,1776165884000
1776165886.094,286.094,0.17,33.83,0.11,50.0,0.03,166.0,0.02,10.0,0.01,5731.09,0.38,33.0,0.51,50.0,0.61,50.0,0.71,50.0,0.81,43.82,0.62,33.0,0.49,50.0,0.39,50.0,0.29,50.0,0.19,43.82,0.83,33.83,0.89,50.0,0.97,166.0,0.98,10.0,0.99,5731.09,0.21,0.21,616.47154,1776165885000
1776165887.22,287.22,0.17,33.83,0.11,50.0,0.03,166.0,0.02,10.0,0.01,5731.09,0.38,33.0,0.51,50.0,0.61,50.0,0.71,50.0,0.81,43.82,0.62,33.0,0.49,50.0,0.39,50.0,0.29,50.0,0.19,43.82,0.83,33.83,0.89,50.0,0.97,166.0,0.98,10.0,0.99,5731.09,0.21,0.21,616.458058,1776165886000
1776165888.308,288.308,0.17,33.83,0.03,166.0,0.02,10.0,0.01,5731.09,,,0.29,52.75,0.31,50.0,0.41,50.0,0.45,9.0,0.51,50.0,0.62,33.0,0.49,50.0,0.39,50.0,0.29,50.0,0.19,43.82,0.83,33.83,0.89,50.0,0.97,166.0,0.98,10.0,0.99,5731.09,0.12,0.21,616.458058,1776165886000
1776165889.021,289.021,0.17,43.83,0.03,166.0,0.02,10.0,0.01,5731.09,,,0.31,46.58,0.41,50.0,0.45,9.0,0.51,50.0,0.61,50.0,0.71,42.5,0.69,50.0,0.59,50.0,0.55,9.0,0.49,50.0,0.83,33.83,0.97,166.0,0.98,10.0,0.99,5731.09,,,0.14,0.12,616.438582,1776165887000
1776165889.456,289.456,0.17,43.83,0.03,166.0,0.02,10.0,0.01,5731.09,,,0.31,46.58,0.41,50.0,0.45,9.0,0.51,50.0,0.61,50.0,0.69,46.58,0.59,50.0,0.55,9.0,0.49,50.0,0.39,50.0,0.83,43.83,0.97,166.0,0.98,10.0,0.99,5731.09,,,0.14,0.14,616.50513,1776165888000
1776165890.201,290.201,0.17,43.83,0.03,166.0,0.02,10.0,0.01,5731.09,,,0.31,46.58,0.41,50.0,0.45,9.0,0.51,50.0,0.61,50.0,0.69,46.58,0.59,50.0,0.55,9.0,0.49,50.0,0.39,50.0,0.83,43.83,0.97,166.0,0.98,10.0,0.99,5731.09,,,0.14,0.14,616.50749,1776165889000
1776165890.497,290.497,0.17,42.63,0.04,125.0,0.02,110.0,0.01,631.09,,,0.31,46.58,0.41,50.0,0.46,9.0,0.51,50.0,0.61,50.0,0.69,46.58,0.59,50.0,0.55,9.0,0.49,50.0,0.39,50.0,0.83,43.83,0.97,166.0,0.98,10.0,0.99,5731.09,,,0.14,0.14,616.50749,1776165889000
1776165891.332,291.332,0.17,42.63,0.04,125.0,0.02,110.0,0.01,631.09,,,0.31,46.58,0.41,50.0,0.46,9.0,0.51,50.0,0.61,50.0,0.69,46.58,0.59,50.0,0.54,9.0,0.49,50.0,0.39,50.0,0.83,42.63,0.96,125.0,0.98,110.0,0.99,631.09,,,0.14,0.14,616.52251,1776165890000
1776165892.381,292.381,0.17,42.63,0.04,125.0,0.02,110.0,0.01,631.09,,,0.31,46.58,0.41,50.0,0.46,9.0,0.51,50.0,0.61,50.0,0.69,46.58,0.59,50.0,0.54,9.0,0.49,50.0,0.39,50.0,0.83,42.63,0.96,125.0,0.98,110.0,0.99,631.09,,,0.14,0.14,616.514078,1776165891000
1776165892.717,292.717,0.17,41.43,0.03,166.0,0.02,110.0,0.01,1631.09,,,0.31,46.58,0.41,50.0,0.45,9.0,0.51,50.0,0.61,50.0,0.69,46.58,0.59,50.0,0.54,9.0,0.49,50.0,0.39,50.0,0.83,42.63,0.96,125.0,0.98,110.0,0.99,631.09,,,0.14,0.14,616.514078,1776165891000
1776165892.932,292.932,0.17,41.43,0.03,166.0,0.02,110.0,0.01,1631.09,,,0.31,46.58,0.41,50.0,0.45,9.0,0.51,50.0,0.61,50.0,0.69,46.58,0.59,50.0,0.55,9.0,0.49,50.0,0.39,50.0,0.83,41.43,0.97,166.0,0.98,110.0,0.99,1631.09,,,0.14,0.14,616.509971,1776165892000
1776165893.181,293.181,0.17,37.85,0.02,10.0,0.01,1131.09,,,,,0.31,46.58,0.41,50.0,0.43,8.0,0.51,50.0,0.61,50.0,0.69,46.58,0.59,50.0,0.55,9.0,0.49,50.0,0.39,50.0,0.83,41.43,0.97,166.0,0.98,110.0,0.99,1631.09,,,0.14,0.14,616.509971,1776165892000
1776165894.015,294.015,0.17,37.85,0.02,10.0,0.01,1131.09,,,,,0.31,46.58,0.41,50.0,0.43,8.0,0.51,50.0,0.61,50.0,0.69,46.58,0.59,50.0,0.57,8.0,0.49,50.0,0.39,50.0,0.83,37.85,0.98,10.0,0.99,1131.09,,,,,0.14,0.14,616.529163,1776165893000
1776165895.059,295.059,0.17,37.85,0.02,110.0,0.01,1551.09,,,,,0.31,36.99,0.41,58.0,0.51,50.0,0.61,50.0,0.71,50.0,0.69,46.58,0.59,50.0,0.57,8.0,0.49,50.0,0.39,50.0,0.83,37.85,0.98,10.0,0.99,1131.09,,,,,0.14,0.14,616.529163,1776165893000
1776165896.083,296.083,0.17,37.85,0.02,110.0,0.01,1551.09,,,,,0.31,36.99,0.41,58.0,0.51,50.0,0.61,50.0,0.71,50.0,0.69,36.99,0.59,58.0,0.49,50.0,0.39,50.0,0.29,50.0,0.83,37.85,0.98,110.0,0.99,1551.09,,,,,0.14,0.14,616.530808,1776165895000
1776165897.12,297.12,0.17,37.85,0.02,110.0,0.01,1551.09,,,,,0.31,36.99,0.41,58.0,0.51,50.0,0.61,50.0,0.71,50.0,0.69,36.99,0.59,58.0,0.49,50.0,0.39,50.0,0.29,50.0,0.83,37.85,0.98,110.0,0.99,1551.09,,,,,0.14,0.14,616.52392,1776165896000
1776165897.407,297.407,0.17,13.76,0.02,10.0,0.01,371.09,,,,,0.21,56.0,0.31,36.99,0.41,50.0,0.51,50.0,0.61,50.0,0.69,36.99,0.59,58.0,0.49,50.0,0.39,50.0,0.29,50.0,0.83,37.85,0.98,110.0,0.99,1551.09,,,,,0.04,0.14,616.52392,1776165896000
1776165897.921,297.921,0.02,10.0,0.01,371.09,,,,,,,0.16,23.29,0.21,50.0,0.31,36.99,0.41,50.0,0.51,50.0,0.84,23.29,0.79,56.0,0.69,36.99,0.59,50.0,0.49,50.0,0.98,10.0,0.99,371.09,,,,,,,0.14,0.14,616.52392,1776165896000
1776165898.216,298.216,0.02,10.0,0.01,371.09,,,,,,,0.16,23.29,0.21,50.0,0.31,36.99,0.41,50.0,0.51,50.0,0.84,23.29,0.79,50.0,0.69,36.99,0.59,50.0,0.49,50.0,0.98,10.0,0.99,371.09,,,,,,,0.14,0.14,616.52337,1776165897000
1776165898.638,298.638,0.01,335.58,,,,,,,,,0.16,23.29,0.21,50.0,0.31,36.99,0.39,6.0,0.4,8.0,0.84,23.29,0.79,50.0,0.69,36.99,0.61,6.0,0.6,8.0,0.99,366.09,,,,,,,,,0.15,0.15,616.52337,1776165897000
1776165899.201,299.201,0.01,315.58,,,,,,,,,0.16,23.29,0.39,6.0,0.49,7.0,0.5,104.0,0.59,8.0,0.84,23.29,0.79,50.0,0.69,36.99,0.61,6.0,0.6,8.0,0.99,325.58,,,,,,,,,0.15,0.15,616.52337,1776165897000
1776165899.94,299.94,0.01,314.56,,,,,,,,,0.16,23.29,0.39,6.0,0.49,7.0,0.5,104.0,0.59,8.0,0.84,23.29,0.61,6.0,0.51,7.0,0.5,104.0,0.41,8.0,0.99,314.56,,,,,,,,,0.15,0.15,616.523594,1776165898000
1776165900.155,300.155,0.01,229.5,,,,,,,,,0.16,23.29,0.19,8.0,0.28,12.0,0.35,125.0,0.39,6.0,0.84,23.29,0.61,6.0,0.51,7.0,0.5,104.0,0.41,8.0,0.99,249.5,,,,,,,,,0.15,0.15,616.523594,1776165898000
1776165900.49,300.49,0.01,228.48,,,,,,,,,0.16,23.29,0.19,8.0,0.28,12.0,0.35,125.0,0.39,6.0,0.84,23.29,0.81,8.0,0.72,12.0,0.65,125.0,0.61,6.0,0.99,229.5,,,,,,,,,0.15,0.15,616.523594,1776165898000
1776165900.711,300.711,,,,,,,,,,,0.01,32.61,0.16,23.29,0.23,5.0,0.35,100.0,0.39,6.0,0.84,23.29,0.81,8.0,0.77,5.0,0.72,12.0,0.65,125.0,0.99,224.4,,,,,,,,,,0.15,616.550809,1776165899000
1776165901.145,301.145,,,,,,,,,,,0.01,32.61,0.16,23.29,0.23,5.0,0.35,100.0,0.39,6.0,0.99,32.61,0.84,23.29,0.77,5.0,0.65,100.0,0.61,6.0,,,,,,,,,,,,,616.550809,1776165900000
1776165902.295,302.295,,,,,,,,,,,0.01,32.61,0.16,23.29,0.23,5.0,0.35,100.0,0.39,6.0,0.99,32.61,0.84,23.29,0.77,5.0,0.65,100.0,0.61,6.0,,,,,,,,,,,,,616.52396,1776165901000

# RESULT,winner=Down,slug=bnb-updown-5m-1776165600,ticks=311
