timestamp,elapsed_sec,up_bid_p1,up_bid_s1,up_bid_p2,up_bid_s2,up_ask_p1,up_ask_s1,up_ask_p2,up_ask_s2,down_bid_p1,down_bid_s1,down_bid_p2,down_bid_s2,down_ask_p1,down_ask_s1,down_ask_p2,down_ask_s2,up_spread,down_spread,bnb_price,bnb_oracle_ts
1776234001.259,1.259,,,,,,,,,,,,,,,,,,,614.693005,1776234000000
1776234001.494,1.494,0.41,5.0,0.33,300.0,0.59,30.98,0.6,33.0,0.41,30.98,0.4,33.0,0.67,300.0,0.69,375.0,0.18,0.26,614.693005,1776234000000
1776234001.928,1.928,0.33,300.0,0.31,375.0,0.67,300.0,0.69,375.0,0.41,30.98,0.4,33.0,0.67,300.0,0.69,375.0,0.34,0.26,614.693005,1776234000000
1776234002.288,2.288,0.33,300.0,0.31,375.0,0.67,300.0,0.69,375.0,0.33,300.0,0.31,375.0,0.67,300.0,0.69,375.0,0.34,0.34,614.692487,1776234001000
1776234003.287,3.287,0.34,6.0,0.31,375.0,0.69,370.69,0.73,450.0,0.33,300.0,0.31,375.0,0.67,300.0,0.69,375.0,0.35,0.34,614.692487,1776234001000
1776234003.894,3.894,0.34,6.0,0.31,375.0,0.69,370.69,0.73,450.0,0.31,370.69,0.27,450.0,0.66,6.0,0.69,375.0,0.35,0.35,614.700434,1776234003000
1776234005.026,5.026,0.34,6.0,0.31,375.0,0.69,370.69,0.73,450.0,0.31,370.69,0.27,450.0,0.66,6.0,0.69,375.0,0.35,0.35,614.702697,1776234004000
1776234005.982,5.982,0.34,6.0,0.31,375.0,0.69,370.69,0.73,450.0,0.31,370.69,0.27,450.0,0.66,6.0,0.69,375.0,0.35,0.35,614.7269,1776234005000
1776234007.643,7.643,0.34,6.0,0.31,375.0,0.69,370.69,0.73,450.0,0.31,370.69,0.27,450.0,0.66,6.0,0.69,375.0,0.35,0.35,614.72581,1776234006000
1776234008.218,8.218,0.34,6.0,0.31,375.0,0.69,370.69,0.73,450.0,0.31,370.69,0.27,450.0,0.66,6.0,0.69,375.0,0.35,0.35,614.71999,1776234007000
1776234009.467,9.467,0.34,6.0,0.31,375.0,0.69,370.69,0.73,450.0,0.31,370.69,0.27,450.0,0.66,6.0,0.69,375.0,0.35,0.35,614.72539,1776234008000
1776234009.941,9.941,0.34,6.0,0.31,375.0,0.69,370.69,0.73,450.0,0.31,370.69,0.27,450.0,0.66,6.0,0.69,375.0,0.35,0.35,614.74711,1776234009000
1776234011.268,11.268,0.34,6.0,0.31,375.0,0.69,370.69,0.73,450.0,0.31,370.69,0.27,450.0,0.66,6.0,0.69,375.0,0.35,0.35,614.74891,1776234010000
1776234012.457,12.457,0.34,6.0,0.31,375.0,0.69,370.69,0.73,450.0,0.31,370.69,0.27,450.0,0.66,6.0,0.69,375.0,0.35,0.35,614.74552,1776234011000
1776234012.985,12.985,0.34,6.0,0.31,375.0,0.69,370.69,0.73,450.0,0.31,370.69,0.27,450.0,0.66,6.0,0.69,375.0,0.35,0.35,614.7457,1776234012000
1776234014.278,14.278,0.34,6.0,0.31,375.0,0.69,370.69,0.73,450.0,0.31,370.69,0.27,450.0,0.66,6.0,0.69,375.0,0.35,0.35,614.74575,1776234013000
1776234015.422,15.422,0.34,6.0,0.31,375.0,0.69,370.69,0.73,450.0,0.31,370.69,0.27,450.0,0.66,6.0,0.69,375.0,0.35,0.35,614.74386,1776234014000
1776234016.009,16.009,0.34,6.0,0.31,375.0,0.69,370.69,0.73,450.0,0.31,370.69,0.27,450.0,0.66,6.0,0.69,375.0,0.35,0.35,614.74386,1776234015000
1776234017.094,17.094,0.34,6.0,0.31,375.0,0.69,370.69,0.73,450.0,0.31,370.69,0.27,450.0,0.66,6.0,0.69,375.0,0.35,0.35,614.71697,1776234016000
1776234018.283,18.283,0.34,6.0,0.31,375.0,0.69,370.69,0.73,450.0,0.31,370.69,0.27,450.0,0.66,6.0,0.69,375.0,0.35,0.35,614.72679,1776234017000
1776234019.499,19.499,0.34,6.0,0.31,375.0,0.69,370.69,0.73,450.0,0.31,370.69,0.27,450.0,0.66,6.0,0.69,375.0,0.35,0.35,614.70938,1776234018000
1776234020.415,20.415,0.34,6.0,0.31,375.0,0.69,370.69,0.73,450.0,0.31,370.69,0.27,450.0,0.66,6.0,0.69,375.0,0.35,0.35,614.70555,1776234019000
1776234020.938,20.938,0.34,6.0,0.31,375.0,0.69,370.69,0.73,450.0,0.31,370.69,0.27,450.0,0.66,6.0,0.69,375.0,0.35,0.35,614.70537,1776234020000
1776234022.02,22.02,0.34,6.0,0.31,375.0,0.69,370.69,0.73,450.0,0.31,370.69,0.27,450.0,0.66,6.0,0.69,375.0,0.35,0.35,614.70577,1776234021000
1776234023.068,23.068,0.5,2.8,0.48,5.0,0.58,6.0,0.59,10.0,0.42,6.0,0.41,10.0,0.5,2.8,0.52,5.0,0.08,0.08,614.70028,1776234022000
1776234024.07,24.07,0.5,2.8,0.48,5.0,0.58,6.0,0.59,10.0,0.42,6.0,0.41,10.0,0.5,2.8,0.52,5.0,0.08,0.08,614.69907,1776234023000
1776234025.165,25.165,0.5,2.8,0.48,5.0,0.58,6.0,0.59,10.0,0.42,6.0,0.41,10.0,0.5,2.8,0.52,5.0,0.08,0.08,614.69979,1776234024000
1776234026.147,26.147,0.5,2.8,0.48,5.0,0.58,6.0,0.59,10.0,0.42,6.0,0.41,10.0,0.5,2.8,0.52,5.0,0.08,0.08,614.69979,1776234025000
1776234027.115,27.115,0.5,2.8,0.48,5.0,0.58,6.0,0.59,10.0,0.42,6.0,0.41,10.0,0.5,2.8,0.52,5.0,0.08,0.08,614.69988,1776234026000
1776234028.147,28.147,0.5,2.8,0.48,5.0,0.58,6.0,0.59,10.0,0.42,6.0,0.41,10.0,0.5,2.8,0.52,5.0,0.08,0.08,614.69866,1776234027000
1776234029.243,29.243,0.5,2.8,0.48,5.0,0.58,6.0,0.59,10.0,0.42,6.0,0.41,10.0,0.5,2.8,0.52,5.0,0.08,0.08,614.70312,1776234028000
1776234030.234,30.234,0.5,2.8,0.48,5.0,0.58,6.0,0.59,10.0,0.42,6.0,0.41,10.0,0.5,2.8,0.52,5.0,0.08,0.08,614.70704,1776234029000
1776234031.194,31.194,0.5,2.8,0.48,5.0,0.58,6.0,0.59,10.0,0.42,6.0,0.41,10.0,0.5,2.8,0.52,5.0,0.08,0.08,614.70644,1776234030000
1776234032.226,32.226,0.5,2.8,0.48,5.0,0.58,6.0,0.59,10.0,0.42,6.0,0.41,10.0,0.5,2.8,0.52,5.0,0.08,0.08,614.70693,1776234031000
1776234033.985,33.985,0.5,2.8,0.48,5.0,0.58,6.0,0.59,10.0,0.42,6.0,0.41,10.0,0.5,2.8,0.52,5.0,0.08,0.08,614.70541,1776234032000
1776234035.18,35.18,0.5,2.8,0.48,5.0,0.58,6.0,0.59,10.0,0.42,6.0,0.41,10.0,0.5,2.8,0.52,5.0,0.08,0.08,614.72349,1776234033000
1776234035.862,35.862,0.5,2.8,0.48,5.0,0.58,6.0,0.59,10.0,0.42,6.0,0.41,10.0,0.5,2.8,0.52,5.0,0.08,0.08,614.815448,1776234034000
1776234036.867,36.867,0.5,2.8,0.48,5.0,0.58,6.0,0.59,10.0,0.42,6.0,0.41,10.0,0.5,2.8,0.52,5.0,0.08,0.08,614.80731,1776234035000
1776234037.585,37.585,0.5,2.8,0.48,5.0,0.58,6.0,0.59,10.0,0.42,6.0,0.41,10.0,0.5,2.8,0.52,5.0,0.08,0.08,614.81318,1776234036000
1776234038.287,38.287,0.5,2.8,0.48,5.0,0.58,6.0,0.59,10.0,0.42,6.0,0.41,10.0,0.5,2.8,0.52,5.0,0.08,0.08,614.81312,1776234037000
1776234039.737,39.737,0.5,2.8,0.48,5.0,0.58,6.0,0.59,10.0,0.42,6.0,0.41,10.0,0.5,2.8,0.52,5.0,0.08,0.08,614.81716,1776234038000
1776234040.415,40.415,0.5,2.8,0.48,5.0,0.58,6.0,0.59,10.0,0.42,6.0,0.41,10.0,0.5,2.8,0.52,5.0,0.08,0.08,614.81026,1776234039000
1776234041.149,41.149,0.5,2.8,0.48,5.0,0.58,6.0,0.59,10.0,0.42,6.0,0.41,10.0,0.5,2.8,0.52,5.0,0.08,0.08,614.81026,1776234040000
1776234042.831,42.831,0.5,2.8,0.48,5.0,0.58,6.0,0.59,10.0,0.42,6.0,0.41,10.0,0.5,2.8,0.52,5.0,0.08,0.08,614.80819,1776234041000
1776234043.564,43.564,0.5,2.8,0.48,5.0,0.58,6.0,0.59,10.0,0.42,6.0,0.41,10.0,0.5,2.8,0.52,5.0,0.08,0.08,614.8083,1776234042000
1776234044.341,44.341,0.5,2.8,0.48,5.0,0.58,6.0,0.59,10.0,0.42,6.0,0.41,10.0,0.5,2.8,0.52,5.0,0.08,0.08,614.78102,1776234043000
1776234045.241,45.241,0.5,2.8,0.48,5.0,0.58,6.0,0.59,10.0,0.42,6.0,0.41,10.0,0.5,2.8,0.52,5.0,0.08,0.08,614.78118,1776234044000
1776234045.536,45.536,0.23,14.7,0.22,13.31,0.37,5.0,0.51,50.0,0.64,5.0,0.49,50.0,0.78,13.31,0.79,65.7,0.14,0.14,614.78118,1776234044000
1776234046.904,46.904,0.23,14.7,0.22,13.31,0.37,5.0,0.51,50.0,0.63,5.0,0.49,50.0,0.77,14.7,0.78,13.31,0.14,0.14,614.7813,1776234045000
1776234047.65,47.65,0.23,14.7,0.22,13.31,0.37,5.0,0.51,50.0,0.63,5.0,0.49,50.0,0.77,14.7,0.78,13.31,0.14,0.14,614.506622,1776234046000
1776234048.479,48.479,0.23,14.7,0.22,13.31,0.37,5.0,0.51,50.0,0.63,5.0,0.49,50.0,0.77,14.7,0.78,13.31,0.14,0.14,614.502222,1776234047000
1776234049.217,49.217,0.23,14.7,0.22,13.31,0.37,5.0,0.51,50.0,0.63,5.0,0.49,50.0,0.77,14.7,0.78,13.31,0.14,0.14,614.47093,1776234048000
1776234050.803,50.803,0.23,14.7,0.22,13.31,0.37,5.0,0.51,50.0,0.63,5.0,0.49,50.0,0.77,14.7,0.78,13.31,0.14,0.14,614.44577,1776234049000
1776234051.523,51.523,0.23,14.7,0.22,13.31,0.37,5.0,0.51,50.0,0.63,5.0,0.49,50.0,0.77,14.7,0.78,13.31,0.14,0.14,614.425,1776234050000
1776234052.317,52.317,0.23,14.7,0.22,13.31,0.37,5.0,0.51,50.0,0.63,5.0,0.49,50.0,0.77,14.7,0.78,13.31,0.14,0.14,614.425,1776234051000
1776234053.134,53.134,0.23,14.7,0.22,13.31,0.37,5.0,0.51,50.0,0.63,5.0,0.49,50.0,0.77,14.7,0.78,13.31,0.14,0.14,614.432,1776234052000
1776234054.239,54.239,0.23,14.7,0.22,13.31,0.37,5.0,0.51,50.0,0.63,5.0,0.49,50.0,0.77,14.7,0.78,13.31,0.14,0.14,614.425,1776234053000
1776234055.202,55.202,0.23,14.7,0.22,13.31,0.37,5.0,0.51,50.0,0.63,5.0,0.49,50.0,0.77,14.7,0.78,13.31,0.14,0.14,614.42493,1776234054000
1776234056.203,56.203,0.23,14.7,0.22,13.31,0.37,5.0,0.51,50.0,0.63,5.0,0.49,50.0,0.77,14.7,0.78,13.31,0.14,0.14,614.41614,1776234055000
1776234057.197,57.197,0.23,14.7,0.22,13.31,0.37,5.0,0.51,50.0,0.63,5.0,0.49,50.0,0.77,14.7,0.78,13.31,0.14,0.14,614.41918,1776234056000
1776234057.676,57.676,0.31,40.0,0.22,15.2,0.33,5.84,0.34,5.0,0.66,5.0,0.65,5.0,0.69,40.0,0.78,15.2,0.02,0.03,614.41918,1776234056000
1776234058.194,58.194,0.31,35.0,0.22,15.2,0.33,5.84,0.34,5.0,0.67,5.84,0.66,5.0,0.69,35.0,0.78,15.2,0.02,0.02,614.42032,1776234057000
1776234058.608,58.608,0.31,27.75,0.23,14.7,0.33,10.84,0.34,5.0,0.67,5.84,0.66,5.0,0.69,35.0,0.78,15.2,0.02,0.02,614.42032,1776234057000
1776234059.242,59.242,0.31,27.75,0.23,14.7,0.33,10.84,0.34,5.0,0.67,10.84,0.66,5.0,0.69,27.75,0.77,14.7,0.02,0.02,614.42109,1776234058000
1776234060.298,60.298,0.31,27.75,0.23,14.7,0.33,10.84,0.34,5.0,0.67,10.84,0.66,5.0,0.69,27.75,0.77,14.7,0.02,0.02,614.42103,1776234059000
1776234061.242,61.242,0.31,27.75,0.23,14.7,0.33,10.84,0.34,5.0,0.67,10.84,0.66,5.0,0.69,27.75,0.77,14.7,0.02,0.02,614.42103,1776234060000
1776234062.286,62.286,0.31,27.75,0.23,14.7,0.33,10.84,0.34,5.0,0.67,10.84,0.66,5.0,0.69,27.75,0.77,14.7,0.02,0.02,614.42101,1776234061000
1776234063.318,63.318,0.31,27.75,0.23,14.7,0.33,10.84,0.34,5.0,0.67,10.84,0.66,5.0,0.69,27.75,0.77,14.7,0.02,0.02,614.42112,1776234062000
1776234064.308,64.308,0.31,27.75,0.23,14.7,0.33,10.84,0.34,5.0,0.67,10.84,0.66,5.0,0.69,27.75,0.77,14.7,0.02,0.02,614.46376,1776234063000
1776234065.257,65.257,0.31,27.75,0.23,14.7,0.33,10.84,0.34,5.0,0.67,10.84,0.66,5.0,0.69,27.75,0.77,14.7,0.02,0.02,614.470641,1776234064000
1776234066.235,66.235,0.31,27.75,0.23,14.7,0.33,10.84,0.34,5.0,0.67,10.84,0.66,5.0,0.69,27.75,0.77,14.7,0.02,0.02,614.47426,1776234065000
1776234067.266,67.266,0.31,27.75,0.23,14.7,0.33,10.84,0.34,5.0,0.67,10.84,0.66,5.0,0.69,27.75,0.77,14.7,0.02,0.02,614.474,1776234066000
1776234068.458,68.458,0.31,27.75,0.23,14.7,0.33,10.84,0.34,5.0,0.67,10.84,0.66,5.0,0.69,27.75,0.77,14.7,0.02,0.02,614.47421,1776234067000
1776234069.003,69.003,0.31,27.75,0.23,14.7,0.33,10.84,0.34,5.0,0.67,10.84,0.66,5.0,0.69,27.75,0.77,14.7,0.02,0.02,614.47475,1776234068000
1776234070.271,70.271,0.31,27.75,0.23,14.7,0.33,10.84,0.34,5.0,0.67,10.84,0.66,5.0,0.69,27.75,0.77,14.7,0.02,0.02,614.508305,1776234069000
1776234071.024,71.024,0.32,5.0,0.31,32.75,0.42,2.72,0.43,10.6,0.67,10.84,0.66,5.0,0.69,27.75,0.77,14.7,0.1,0.02,614.508305,1776234069000
1776234071.234,71.234,0.32,5.0,0.31,32.75,0.42,2.72,0.43,10.6,0.58,2.72,0.57,10.6,0.68,5.0,0.69,32.75,0.1,0.1,614.506694,1776234070000
1776234072.345,72.345,0.32,5.0,0.31,32.75,0.42,2.72,0.43,10.6,0.58,2.72,0.57,10.6,0.68,5.0,0.69,32.75,0.1,0.1,614.506694,1776234071000
1776234072.987,72.987,0.32,5.0,0.31,32.75,0.42,2.72,0.43,10.6,0.58,2.72,0.57,10.6,0.68,5.0,0.69,32.75,0.1,0.1,614.494548,1776234072000
1776234074.032,74.032,0.32,5.0,0.31,32.75,0.42,2.72,0.43,10.6,0.58,2.72,0.57,10.6,0.68,5.0,0.69,32.75,0.1,0.1,614.494285,1776234073000
1776234075.077,75.077,0.32,5.0,0.31,32.75,0.42,2.72,0.43,10.6,0.58,2.72,0.57,10.6,0.68,5.0,0.69,32.75,0.1,0.1,614.524914,1776234074000
1776234076.196,76.196,0.32,5.0,0.31,32.75,0.42,2.72,0.43,10.6,0.58,2.72,0.57,10.6,0.68,5.0,0.69,32.75,0.1,0.1,614.524853,1776234075000
1776234077.254,77.254,0.32,5.0,0.31,32.75,0.42,2.72,0.43,10.6,0.58,2.72,0.57,10.6,0.68,5.0,0.69,32.75,0.1,0.1,614.520857,1776234076000
1776234078.364,78.364,0.32,5.0,0.31,32.75,0.42,2.72,0.43,10.6,0.58,2.72,0.57,10.6,0.68,5.0,0.69,32.75,0.1,0.1,614.523246,1776234077000
1776234078.985,78.985,0.32,5.0,0.31,32.75,0.42,2.72,0.43,10.6,0.58,2.72,0.57,10.6,0.68,5.0,0.69,32.75,0.1,0.1,614.523245,1776234078000
1776234080.022,80.022,0.32,5.0,0.31,32.75,0.42,2.72,0.43,10.6,0.58,2.72,0.57,10.6,0.68,5.0,0.69,32.75,0.1,0.1,614.520794,1776234079000
1776234081.852,81.852,0.32,5.0,0.31,32.75,0.42,2.72,0.43,10.6,0.58,2.72,0.57,10.6,0.68,5.0,0.69,32.75,0.1,0.1,614.520471,1776234080000
1776234082.749,82.749,0.32,5.0,0.31,32.75,0.42,2.72,0.43,10.6,0.58,2.72,0.57,10.6,0.68,5.0,0.69,32.75,0.1,0.1,614.515252,1776234081000
1776234083.322,83.322,0.32,5.0,0.31,32.75,0.42,2.72,0.43,10.6,0.58,2.72,0.57,10.6,0.68,5.0,0.69,32.75,0.1,0.1,614.464581,1776234082000
1776234083.924,83.924,0.32,5.0,0.31,32.75,0.42,2.72,0.43,10.6,0.58,2.72,0.57,10.6,0.68,5.0,0.69,32.75,0.1,0.1,614.36357,1776234083000
1776234085.285,85.285,0.32,5.0,0.31,32.75,0.42,2.72,0.43,10.6,0.58,2.72,0.57,10.6,0.68,5.0,0.69,32.75,0.1,0.1,614.25802,1776234084000
1776234085.825,85.825,0.32,5.0,0.31,32.75,0.42,2.72,0.43,10.6,0.58,2.72,0.57,10.6,0.68,5.0,0.69,32.75,0.1,0.1,614.27633,1776234085000
1776234086.058,86.058,0.21,10.0,0.14,5.0,0.26,10.0,0.32,11.9,0.58,2.72,0.57,10.6,0.68,5.0,0.69,32.75,0.05,0.1,614.27633,1776234085000
1776234087.106,87.106,0.21,10.0,0.14,5.0,0.26,10.0,0.32,11.9,0.74,10.0,0.68,11.9,0.79,10.0,0.86,5.0,0.05,0.05,614.31951,1776234086000
1776234088.231,88.231,0.21,10.0,0.14,5.0,0.26,10.0,0.32,11.9,0.74,10.0,0.68,11.9,0.79,10.0,0.86,5.0,0.05,0.05,614.33706,1776234087000
1776234089.486,89.486,0.21,10.0,0.14,5.0,0.26,10.0,0.32,11.9,0.74,10.0,0.68,11.9,0.79,10.0,0.86,5.0,0.05,0.05,614.351251,1776234088000
1776234090.067,90.067,0.21,10.0,0.14,5.0,0.26,10.0,0.32,11.9,0.74,10.0,0.68,11.9,0.79,10.0,0.86,5.0,0.05,0.05,614.36637,1776234089000
1776234091.108,91.108,0.21,10.0,0.14,5.0,0.26,10.0,0.32,11.9,0.74,10.0,0.68,11.9,0.79,10.0,0.86,5.0,0.05,0.05,614.366486,1776234090000
1776234092.277,92.277,0.21,10.0,0.14,5.0,0.26,10.0,0.32,11.9,0.74,10.0,0.68,11.9,0.79,10.0,0.86,5.0,0.05,0.05,614.403979,1776234091000
1776234093.793,93.793,0.21,10.0,0.14,5.0,0.26,10.0,0.32,11.9,0.74,10.0,0.68,11.9,0.79,10.0,0.86,5.0,0.05,0.05,614.425534,1776234092000
1776234094.408,94.408,0.21,10.0,0.14,5.0,0.26,10.0,0.32,11.9,0.74,10.0,0.68,11.9,0.79,10.0,0.86,5.0,0.05,0.05,614.415651,1776234093000
1776234094.99,94.99,0.21,10.0,0.14,5.0,0.26,10.0,0.32,11.9,0.74,10.0,0.68,11.9,0.79,10.0,0.86,5.0,0.05,0.05,614.403957,1776234094000
1776234096.05,96.05,0.21,10.0,0.14,5.0,0.26,10.0,0.32,11.9,0.74,10.0,0.68,11.9,0.79,10.0,0.86,5.0,0.05,0.05,614.403872,1776234095000
1776234097.773,97.773,0.21,10.0,0.14,5.0,0.26,10.0,0.32,11.9,0.74,10.0,0.68,11.9,0.79,10.0,0.86,5.0,0.05,0.05,614.40255,1776234096000
1776234098.242,98.242,0.21,10.0,0.14,5.0,0.26,10.0,0.32,11.9,0.74,10.0,0.68,11.9,0.79,10.0,0.86,5.0,0.05,0.05,614.40257,1776234097000
1776234099.17,99.17,0.21,10.0,0.14,5.0,0.26,10.0,0.32,11.9,0.74,10.0,0.68,11.9,0.79,10.0,0.86,5.0,0.05,0.05,614.39828,1776234098000
1776234100.252,100.252,0.21,10.0,0.14,5.0,0.26,10.0,0.32,11.9,0.74,10.0,0.68,11.9,0.79,10.0,0.86,5.0,0.05,0.05,614.438677,1776234099000
1776234101.151,101.151,0.21,10.0,0.14,5.0,0.26,10.0,0.32,11.9,0.74,10.0,0.68,11.9,0.79,10.0,0.86,5.0,0.05,0.05,614.45664,1776234100000
1776234102.222,102.222,0.21,10.0,0.14,5.0,0.26,10.0,0.32,11.9,0.74,10.0,0.68,11.9,0.79,10.0,0.86,5.0,0.05,0.05,614.46125,1776234101000
1776234103.155,103.155,0.21,10.0,0.14,5.0,0.26,10.0,0.32,11.9,0.74,10.0,0.68,11.9,0.79,10.0,0.86,5.0,0.05,0.05,614.45763,1776234102000
1776234104.228,104.228,0.21,10.0,0.14,5.0,0.26,10.0,0.32,11.9,0.74,10.0,0.68,11.9,0.79,10.0,0.86,5.0,0.05,0.05,614.441079,1776234103000
1776234105.271,105.271,0.21,10.0,0.14,5.0,0.26,10.0,0.32,11.9,0.74,10.0,0.68,11.9,0.79,10.0,0.86,5.0,0.05,0.05,614.437576,1776234104000
1776234106.253,106.253,0.21,10.0,0.14,5.0,0.26,10.0,0.32,11.9,0.74,10.0,0.68,11.9,0.79,10.0,0.86,5.0,0.05,0.05,614.43789,1776234105000
1776234107.309,107.309,0.21,10.0,0.14,5.0,0.26,10.0,0.32,11.9,0.74,10.0,0.68,11.9,0.79,10.0,0.86,5.0,0.05,0.05,614.440689,1776234106000
1776234108.352,108.352,0.21,10.0,0.14,5.0,0.26,10.0,0.32,11.9,0.74,10.0,0.68,11.9,0.79,10.0,0.86,5.0,0.05,0.05,614.41186,1776234107000
1776234109.314,109.314,0.21,10.0,0.14,5.0,0.26,10.0,0.32,11.9,0.74,10.0,0.68,11.9,0.79,10.0,0.86,5.0,0.05,0.05,614.41209,1776234108000
1776234110.786,110.786,0.21,10.0,0.14,5.0,0.26,10.0,0.32,11.9,0.74,10.0,0.68,11.9,0.79,10.0,0.86,5.0,0.05,0.05,614.431408,1776234109000
1776234111.312,111.312,0.21,10.0,0.14,5.0,0.26,10.0,0.32,11.9,0.74,10.0,0.68,11.9,0.79,10.0,0.86,5.0,0.05,0.05,614.422296,1776234110000
1776234112.324,112.324,0.21,10.0,0.14,5.0,0.26,10.0,0.32,11.9,0.74,10.0,0.68,11.9,0.79,10.0,0.86,5.0,0.05,0.05,614.425814,1776234111000
1776234112.877,112.877,0.21,10.0,0.14,5.0,0.26,10.0,0.32,11.9,0.74,10.0,0.68,11.9,0.79,10.0,0.86,5.0,0.05,0.05,614.43275,1776234112000
1776234113.974,113.974,0.21,10.0,0.14,5.0,0.26,10.0,0.32,11.9,0.74,10.0,0.68,11.9,0.79,10.0,0.86,5.0,0.05,0.05,614.446,1776234113000
1776234114.987,114.987,0.21,10.0,0.14,5.0,0.26,10.0,0.32,11.9,0.74,10.0,0.68,11.9,0.79,10.0,0.86,5.0,0.05,0.05,614.446,1776234114000
1776234116.048,116.048,0.21,10.0,0.14,5.0,0.26,10.0,0.32,11.9,0.74,10.0,0.68,11.9,0.79,10.0,0.86,5.0,0.05,0.05,614.439025,1776234115000
1776234117.076,117.076,0.21,10.0,0.14,5.0,0.26,10.0,0.32,11.9,0.74,10.0,0.68,11.9,0.79,10.0,0.86,5.0,0.05,0.05,614.447,1776234116000
1776234118.107,118.107,0.21,10.0,0.14,5.0,0.26,10.0,0.32,11.9,0.74,10.0,0.68,11.9,0.79,10.0,0.86,5.0,0.05,0.05,614.447,1776234117000
1776234119.144,119.144,0.21,10.0,0.14,5.0,0.26,10.0,0.32,11.9,0.74,10.0,0.68,11.9,0.79,10.0,0.86,5.0,0.05,0.05,614.447,1776234118000
1776234120.115,120.115,0.21,10.0,0.14,5.0,0.26,10.0,0.32,11.9,0.74,10.0,0.68,11.9,0.79,10.0,0.86,5.0,0.05,0.05,614.446,1776234119000
1776234121.175,121.175,0.16,19.3,0.15,20.39,0.3,12.4,0.31,62.2,0.7,12.4,0.69,62.2,0.84,19.3,0.85,20.39,0.14,0.14,614.446,1776234120000
1776234122.296,122.296,0.16,19.3,0.15,20.39,0.3,12.4,0.31,62.2,0.7,12.4,0.69,62.2,0.84,19.3,0.85,20.39,0.14,0.14,614.386907,1776234121000
1776234123.308,123.308,0.16,19.3,0.15,20.39,0.3,12.4,0.31,62.2,0.7,12.4,0.69,62.2,0.84,19.3,0.85,20.39,0.14,0.14,614.30899,1776234122000
1776234124.181,124.181,0.16,19.3,0.15,20.39,0.3,12.4,0.31,62.2,0.7,12.4,0.69,62.2,0.84,19.3,0.85,20.39,0.14,0.14,614.281958,1776234123000
1776234125.204,125.204,0.16,19.3,0.15,20.39,0.3,12.4,0.31,62.2,0.7,12.4,0.69,62.2,0.84,19.3,0.85,20.39,0.14,0.14,614.289249,1776234124000
1776234126.243,126.243,0.16,19.3,0.15,20.39,0.3,12.4,0.31,62.2,0.7,12.4,0.69,62.2,0.84,19.3,0.85,20.39,0.14,0.14,614.292438,1776234125000
1776234127.855,127.855,0.16,19.3,0.15,20.39,0.3,12.4,0.31,62.2,0.7,12.4,0.69,62.2,0.84,19.3,0.85,20.39,0.14,0.14,614.277679,1776234126000
1776234128.461,128.461,0.16,19.3,0.15,20.39,0.3,12.4,0.31,62.2,0.7,12.4,0.69,62.2,0.84,19.3,0.85,20.39,0.14,0.14,614.278649,1776234127000
1776234129.138,129.138,0.16,19.3,0.15,20.39,0.3,12.4,0.31,62.2,0.7,12.4,0.69,62.2,0.84,19.3,0.85,20.39,0.14,0.14,614.283948,1776234128000
1776234130.767,130.767,0.16,19.3,0.15,20.39,0.3,12.4,0.31,62.2,0.7,12.4,0.69,62.2,0.84,19.3,0.85,20.39,0.14,0.14,614.2709,1776234129000
1776234131.317,131.317,0.16,19.3,0.15,20.39,0.3,12.4,0.31,62.2,0.7,12.4,0.69,62.2,0.84,19.3,0.85,20.39,0.14,0.14,614.255925,1776234130000
1776234132.469,132.469,0.16,19.3,0.15,20.39,0.3,12.4,0.31,62.2,0.7,12.4,0.69,62.2,0.84,19.3,0.85,20.39,0.14,0.14,614.2254,1776234131000
1776234133.038,133.038,0.16,19.3,0.15,20.39,0.3,12.4,0.31,62.2,0.7,12.4,0.69,62.2,0.84,19.3,0.85,20.39,0.14,0.14,614.22506,1776234132000
1776234134.283,134.283,0.16,19.3,0.15,20.39,0.3,12.4,0.31,62.2,0.7,12.4,0.69,62.2,0.84,19.3,0.85,20.39,0.14,0.14,614.226588,1776234133000
1776234135.433,135.433,0.16,19.3,0.15,20.39,0.3,12.4,0.31,62.2,0.7,12.4,0.69,62.2,0.84,19.3,0.85,20.39,0.14,0.14,614.231314,1776234134000
1776234136.072,136.072,0.16,19.3,0.15,20.39,0.3,12.4,0.31,62.2,0.7,12.4,0.69,62.2,0.84,19.3,0.85,20.39,0.14,0.14,614.217956,1776234135000
1776234137.284,137.284,0.16,19.3,0.15,20.39,0.3,12.4,0.31,62.2,0.7,12.4,0.69,62.2,0.84,19.3,0.85,20.39,0.14,0.14,614.216498,1776234136000
1776234138.484,138.484,0.16,19.3,0.15,20.39,0.3,12.4,0.31,62.2,0.7,12.4,0.69,62.2,0.84,19.3,0.85,20.39,0.14,0.14,614.235843,1776234137000
1776234139.057,139.057,0.16,19.3,0.15,20.39,0.3,12.4,0.31,62.2,0.7,12.4,0.69,62.2,0.84,19.3,0.85,20.39,0.14,0.14,614.200249,1776234138000
1776234141.084,141.084,0.16,19.3,0.15,20.39,0.3,12.4,0.31,62.2,0.7,12.4,0.69,62.2,0.84,19.3,0.85,20.39,0.14,0.14,614.200496,1776234139000
1776234142.122,142.122,0.16,19.3,0.15,20.39,0.3,12.4,0.31,62.2,0.7,12.4,0.69,62.2,0.84,19.3,0.85,20.39,0.14,0.14,614.24937,1776234140000
1776234143.052,143.052,0.16,19.3,0.15,20.39,0.3,12.4,0.31,62.2,0.7,12.4,0.69,62.2,0.84,19.3,0.85,20.39,0.14,0.14,614.268495,1776234141000
1776234143.848,143.848,0.16,19.3,0.15,20.39,0.3,12.4,0.31,62.2,0.7,12.4,0.69,62.2,0.84,19.3,0.85,20.39,0.14,0.14,614.268808,1776234142000
1776234144.528,144.528,0.16,19.3,0.15,20.39,0.3,12.4,0.31,62.2,0.7,12.4,0.69,62.2,0.84,19.3,0.85,20.39,0.14,0.14,614.265029,1776234143000
1776234145.402,145.402,0.16,19.3,0.15,20.39,0.3,12.4,0.31,62.2,0.7,12.4,0.69,62.2,0.84,19.3,0.85,20.39,0.14,0.14,614.278702,1776234144000
1776234146.723,146.723,0.16,19.3,0.15,20.39,0.3,12.4,0.31,62.2,0.7,12.4,0.69,62.2,0.84,19.3,0.85,20.39,0.14,0.14,614.26032,1776234145000
1776234147.382,147.382,0.16,19.3,0.15,20.39,0.3,12.4,0.31,62.2,0.7,12.4,0.69,62.2,0.84,19.3,0.85,20.39,0.14,0.14,614.26032,1776234146000
1776234148.031,148.031,0.16,19.3,0.15,20.39,0.3,12.4,0.31,62.2,0.7,12.4,0.69,62.2,0.84,19.3,0.85,20.39,0.14,0.14,614.25288,1776234147000
1776234149.275,149.275,0.16,19.3,0.15,20.39,0.3,12.4,0.31,62.2,0.7,12.4,0.69,62.2,0.84,19.3,0.85,20.39,0.14,0.14,614.260364,1776234148000
1776234150.325,150.325,0.08,9.67,0.07,39.9,0.13,40.0,0.14,21.6,0.7,12.4,0.69,62.2,0.84,19.3,0.85,20.39,0.05,0.14,614.260364,1776234148000
1776234151.136,151.136,0.08,9.67,0.07,39.9,0.13,40.0,0.14,21.6,0.87,40.0,0.86,21.6,0.92,9.67,0.93,39.9,0.05,0.05,614.2833,1776234150000
1776234152.45,152.45,0.08,9.67,0.07,39.9,0.13,40.0,0.14,21.6,0.87,40.0,0.86,21.6,0.92,9.67,0.93,39.9,0.05,0.05,614.266202,1776234151000
1776234152.942,152.942,0.08,9.67,0.07,39.9,0.13,40.0,0.14,21.6,0.87,40.0,0.86,21.6,0.92,9.67,0.93,39.9,0.05,0.05,614.266202,1776234152000
1776234154.188,154.188,0.08,9.67,0.07,39.9,0.13,40.0,0.14,21.6,0.87,40.0,0.86,21.6,0.92,9.67,0.93,39.9,0.05,0.05,614.27781,1776234153000
1776234155.388,155.388,0.08,9.67,0.07,39.9,0.13,40.0,0.14,21.6,0.87,40.0,0.86,21.6,0.92,9.67,0.93,39.9,0.05,0.05,614.27279,1776234154000
1776234156.022,156.022,0.08,9.67,0.07,39.9,0.13,40.0,0.14,21.6,0.87,40.0,0.86,21.6,0.92,9.67,0.93,39.9,0.05,0.05,614.27279,1776234155000
1776234157.193,157.193,0.08,9.67,0.07,39.9,0.13,40.0,0.14,21.6,0.87,40.0,0.86,21.6,0.92,9.67,0.93,39.9,0.05,0.05,614.2688,1776234156000
1776234158.259,158.259,0.08,9.67,0.07,39.9,0.13,40.0,0.14,21.6,0.87,40.0,0.86,21.6,0.92,9.67,0.93,39.9,0.05,0.05,614.2731,1776234157000
1776234159.38,159.38,0.08,9.67,0.07,39.9,0.13,40.0,0.14,21.6,0.87,40.0,0.86,21.6,0.92,9.67,0.93,39.9,0.05,0.05,614.27952,1776234158000
1776234160.202,160.202,0.08,9.67,0.07,39.9,0.13,40.0,0.14,21.6,0.87,40.0,0.86,21.6,0.92,9.67,0.93,39.9,0.05,0.05,614.27872,1776234159000
1776234161.193,161.193,0.08,9.67,0.07,39.9,0.13,40.0,0.14,21.6,0.87,40.0,0.86,21.6,0.92,9.67,0.93,39.9,0.05,0.05,614.27847,1776234160000
1776234162.252,162.252,0.08,9.67,0.07,39.9,0.13,40.0,0.14,21.6,0.87,40.0,0.86,21.6,0.92,9.67,0.93,39.9,0.05,0.05,614.27775,1776234161000
1776234163.261,163.261,0.08,9.67,0.07,39.9,0.13,40.0,0.14,21.6,0.87,40.0,0.86,21.6,0.92,9.67,0.93,39.9,0.05,0.05,614.27366,1776234162000
1776234164.189,164.189,0.08,9.67,0.07,39.9,0.13,40.0,0.14,21.6,0.87,40.0,0.86,21.6,0.92,9.67,0.93,39.9,0.05,0.05,614.2791,1776234163000
1776234165.17,165.17,0.08,9.67,0.07,39.9,0.13,40.0,0.14,21.6,0.87,40.0,0.86,21.6,0.92,9.67,0.93,39.9,0.05,0.05,614.27761,1776234164000
1776234166.165,166.165,0.08,9.67,0.07,39.9,0.13,40.0,0.14,21.6,0.87,40.0,0.86,21.6,0.92,9.67,0.93,39.9,0.05,0.05,614.27105,1776234165000
1776234167.107,167.107,0.08,9.67,0.07,39.9,0.13,40.0,0.14,21.6,0.87,40.0,0.86,21.6,0.92,9.67,0.93,39.9,0.05,0.05,614.27136,1776234166000
1776234168.16,168.16,0.08,9.67,0.07,39.9,0.13,40.0,0.14,21.6,0.87,40.0,0.86,21.6,0.92,9.67,0.93,39.9,0.05,0.05,614.25523,1776234167000
1776234169.158,169.158,0.08,9.67,0.07,39.9,0.13,40.0,0.14,21.6,0.87,40.0,0.86,21.6,0.92,9.67,0.93,39.9,0.05,0.05,614.25349,1776234168000
1776234170.239,170.239,0.08,9.67,0.07,39.9,0.13,40.0,0.14,21.6,0.87,40.0,0.86,21.6,0.92,9.67,0.93,39.9,0.05,0.05,614.23344,1776234169000
1776234171.182,171.182,0.06,46.1,0.05,54.7,0.11,12.0,0.12,24.6,0.89,12.0,0.88,24.6,0.94,46.1,0.95,54.7,0.05,0.05,614.2378,1776234170000
1776234172.954,172.954,0.06,46.1,0.05,54.7,0.11,12.0,0.12,24.6,0.89,12.0,0.88,24.6,0.94,46.1,0.95,54.7,0.05,0.05,614.23798,1776234171000
1776234173.625,173.625,0.06,46.1,0.05,54.7,0.11,12.0,0.12,24.6,0.89,12.0,0.88,24.6,0.94,46.1,0.95,54.7,0.05,0.05,614.23814,1776234172000
1776234174.215,174.215,0.06,46.1,0.05,54.7,0.11,12.0,0.12,24.6,0.89,12.0,0.88,24.6,0.94,46.1,0.95,54.7,0.05,0.05,614.2382,1776234173000
1776234175.618,175.618,0.06,46.1,0.05,54.7,0.11,12.0,0.12,24.6,0.89,12.0,0.88,24.6,0.94,46.1,0.95,54.7,0.05,0.05,614.23169,1776234174000
1776234176.213,176.213,0.06,46.1,0.05,54.7,0.11,12.0,0.12,24.6,0.89,12.0,0.88,24.6,0.94,46.1,0.95,54.7,0.05,0.05,614.23307,1776234175000
1776234177.07,177.07,0.04,52.7,0.03,89.3,0.09,31.7,0.1,28.9,0.89,12.0,0.88,24.6,0.94,46.1,0.95,54.7,0.05,0.05,614.23307,1776234175000
1776234177.601,177.601,0.04,52.7,0.03,89.3,0.09,31.7,0.1,28.9,0.91,31.7,0.9,28.9,0.96,52.7,0.97,89.3,0.05,0.05,614.24075,1776234176000
1776234178.155,178.155,0.04,52.7,0.03,89.3,0.09,31.7,0.1,28.9,0.91,31.7,0.9,28.9,0.96,52.7,0.97,89.3,0.05,0.05,614.2407,1776234177000
1776234179.424,179.424,0.04,52.7,0.03,89.3,0.09,31.7,0.1,28.9,0.91,31.7,0.9,28.9,0.96,52.7,0.97,89.3,0.05,0.05,614.23444,1776234178000
1776234180.094,180.094,0.04,52.7,0.03,89.3,0.09,31.7,0.1,28.9,0.91,31.7,0.9,28.9,0.96,52.7,0.97,89.3,0.05,0.05,614.23444,1776234179000
1776234181.223,181.223,0.04,52.7,0.03,89.3,0.09,31.7,0.1,28.9,0.91,31.7,0.9,28.9,0.96,52.7,0.97,89.3,0.05,0.05,614.240931,1776234180000
1776234182.505,182.505,0.04,52.7,0.03,89.3,0.09,31.7,0.1,28.9,0.91,31.7,0.9,28.9,0.96,52.7,0.97,89.3,0.05,0.05,614.22848,1776234181000
1776234183.296,183.296,0.04,52.7,0.03,89.3,0.09,31.7,0.1,28.9,0.91,31.7,0.9,28.9,0.96,52.7,0.97,89.3,0.05,0.05,614.22677,1776234182000
1776234184.369,184.369,0.04,52.7,0.03,89.3,0.09,31.7,0.1,28.9,0.91,31.7,0.9,28.9,0.96,52.7,0.97,89.3,0.05,0.05,614.20784,1776234183000
1776234184.916,184.916,0.04,52.7,0.03,89.3,0.09,31.7,0.1,28.9,0.91,31.7,0.9,28.9,0.96,52.7,0.97,89.3,0.05,0.05,614.20784,1776234184000
1776234186.17,186.17,0.04,52.7,0.03,89.3,0.09,31.7,0.1,28.9,0.91,31.7,0.9,28.9,0.96,52.7,0.97,89.3,0.05,0.05,614.21141,1776234185000
1776234187.886,187.886,0.04,52.7,0.03,89.3,0.09,31.7,0.1,28.9,0.91,31.7,0.9,28.9,0.96,52.7,0.97,89.3,0.05,0.05,614.22588,1776234186000
1776234188.668,188.668,0.04,52.7,0.03,89.3,0.09,31.7,0.1,28.9,0.91,31.7,0.9,28.9,0.96,52.7,0.97,89.3,0.05,0.05,614.22584,1776234187000
1776234189.479,189.479,0.04,52.7,0.03,89.3,0.09,31.7,0.1,28.9,0.91,31.7,0.9,28.9,0.96,52.7,0.97,89.3,0.05,0.05,614.20365,1776234188000
1776234190.067,190.067,0.04,52.7,0.03,89.3,0.09,31.7,0.1,28.9,0.91,31.7,0.9,28.9,0.96,52.7,0.97,89.3,0.05,0.05,614.2081,1776234189000
1776234191.463,191.463,0.04,52.7,0.03,89.3,0.09,31.7,0.1,28.9,0.91,31.7,0.9,28.9,0.96,52.7,0.97,89.3,0.05,0.05,614.205311,1776234190000
1776234192.144,192.144,0.04,52.7,0.03,89.3,0.09,31.7,0.1,28.9,0.91,31.7,0.9,28.9,0.96,52.7,0.97,89.3,0.05,0.05,614.20621,1776234191000
1776234193.483,193.483,0.04,52.7,0.03,89.3,0.09,31.7,0.1,28.9,0.91,31.7,0.9,28.9,0.96,52.7,0.97,89.3,0.05,0.05,614.209679,1776234192000
1776234194.151,194.151,0.04,52.7,0.03,89.3,0.09,31.7,0.1,28.9,0.91,31.7,0.9,28.9,0.96,52.7,0.97,89.3,0.05,0.05,614.209679,1776234193000
1776234195.456,195.456,0.04,52.7,0.03,89.3,0.09,31.7,0.1,28.9,0.91,31.7,0.9,28.9,0.96,52.7,0.97,89.3,0.05,0.05,614.225002,1776234194000
1776234196.256,196.256,0.04,52.7,0.03,89.3,0.09,31.7,0.1,28.9,0.91,31.7,0.9,28.9,0.96,52.7,0.97,89.3,0.05,0.05,614.22868,1776234195000
1776234197.024,197.024,0.04,52.7,0.03,89.3,0.09,31.7,0.1,28.9,0.91,31.7,0.9,28.9,0.96,52.7,0.97,89.3,0.05,0.05,614.230707,1776234196000
1776234198.483,198.483,0.04,52.7,0.03,89.3,0.09,31.7,0.1,28.9,0.91,31.7,0.9,28.9,0.96,52.7,0.97,89.3,0.05,0.05,614.229731,1776234197000
1776234199.119,199.119,0.04,52.7,0.03,89.3,0.09,31.7,0.1,28.9,0.91,31.7,0.9,28.9,0.96,52.7,0.97,89.3,0.05,0.05,614.229698,1776234198000
1776234200.579,200.579,0.04,52.7,0.03,89.3,0.09,31.7,0.1,28.9,0.91,31.7,0.9,28.9,0.96,52.7,0.97,89.3,0.05,0.05,614.236901,1776234199000
1776234201.478,201.478,0.04,52.7,0.03,89.3,0.09,31.7,0.1,28.9,0.91,31.7,0.9,28.9,0.96,52.7,0.97,89.3,0.05,0.05,614.241746,1776234200000
1776234202.198,202.198,0.04,52.7,0.03,89.3,0.09,31.7,0.1,28.9,0.91,31.7,0.9,28.9,0.96,52.7,0.97,89.3,0.05,0.05,614.264,1776234201000
1776234203.632,203.632,0.04,52.7,0.03,89.3,0.09,31.7,0.1,28.9,0.91,31.7,0.9,28.9,0.96,52.7,0.97,89.3,0.05,0.05,614.277106,1776234202000
1776234204.289,204.289,0.04,52.7,0.03,89.3,0.09,31.7,0.1,28.9,0.91,31.7,0.9,28.9,0.96,52.7,0.97,89.3,0.05,0.05,614.284095,1776234203000
1776234205.082,205.082,0.04,52.7,0.03,89.3,0.09,31.7,0.1,28.9,0.91,31.7,0.9,28.9,0.96,52.7,0.97,89.3,0.05,0.05,614.289698,1776234204000
1776234206.223,206.223,0.04,52.7,0.03,89.3,0.09,31.7,0.1,28.9,0.91,31.7,0.9,28.9,0.96,52.7,0.97,89.3,0.05,0.05,614.322177,1776234205000
1776234207.551,207.551,0.04,52.7,0.03,89.3,0.09,31.7,0.1,28.9,0.91,31.7,0.9,28.9,0.96,52.7,0.97,89.3,0.05,0.05,614.32643,1776234206000
1776234208.402,208.402,0.04,52.7,0.03,89.3,0.09,31.7,0.1,28.9,0.91,31.7,0.9,28.9,0.96,52.7,0.97,89.3,0.05,0.05,614.323426,1776234207000
1776234208.991,208.991,0.04,52.7,0.03,89.3,0.09,31.7,0.1,28.9,0.91,31.7,0.9,28.9,0.96,52.7,0.97,89.3,0.05,0.05,614.295,1776234208000
1776234210.334,210.334,0.04,52.7,0.03,89.3,0.09,31.7,0.1,28.9,0.91,31.7,0.9,28.9,0.96,52.7,0.97,89.3,0.05,0.05,614.289664,1776234209000
1776234211.593,211.593,0.04,52.7,0.03,89.3,0.09,31.7,0.1,28.9,0.91,31.7,0.9,28.9,0.96,52.7,0.97,89.3,0.05,0.05,614.26086,1776234210000
1776234212.131,212.131,0.04,52.7,0.03,89.3,0.09,31.7,0.1,28.9,0.91,31.7,0.9,28.9,0.96,52.7,0.97,89.3,0.05,0.05,614.26393,1776234211000
1776234213.566,213.566,0.04,52.7,0.03,89.3,0.09,31.7,0.1,28.9,0.91,31.7,0.9,28.9,0.96,52.7,0.97,89.3,0.05,0.05,614.26391,1776234212000
1776234214.175,214.175,0.04,52.7,0.03,89.3,0.09,31.7,0.1,28.9,0.91,31.7,0.9,28.9,0.96,52.7,0.97,89.3,0.05,0.05,614.26282,1776234213000
1776234215.51,215.51,0.04,52.7,0.03,89.3,0.09,31.7,0.1,28.9,0.91,31.7,0.9,28.9,0.96,52.7,0.97,89.3,0.05,0.05,614.26475,1776234214000
1776234215.988,215.988,0.04,52.7,0.03,89.3,0.09,31.7,0.1,28.9,0.91,31.7,0.9,28.9,0.96,52.7,0.97,89.3,0.05,0.05,614.26643,1776234215000
1776234217.441,217.441,0.04,52.7,0.03,89.3,0.09,31.7,0.1,28.9,0.91,31.7,0.9,28.9,0.96,52.7,0.97,89.3,0.05,0.05,614.27834,1776234216000
1776234218.086,218.086,0.04,52.7,0.03,89.3,0.09,31.7,0.1,28.9,0.91,31.7,0.9,28.9,0.96,52.7,0.97,89.3,0.05,0.05,614.26707,1776234217000
1776234219.568,219.568,0.04,52.7,0.03,89.3,0.09,31.7,0.1,28.9,0.91,31.7,0.9,28.9,0.96,52.7,0.97,89.3,0.05,0.05,614.27604,1776234218000
1776234220.256,220.256,0.04,52.7,0.03,89.3,0.09,31.7,0.1,28.9,0.91,31.7,0.9,28.9,0.96,52.7,0.97,89.3,0.05,0.05,614.27672,1776234219000
1776234221.13,221.13,0.04,52.7,0.03,89.3,0.09,31.7,0.1,28.9,0.91,31.7,0.9,28.9,0.96,52.7,0.97,89.3,0.05,0.05,614.271,1776234220000
1776234222.312,222.312,0.04,52.7,0.03,89.3,0.09,31.7,0.1,28.9,0.91,31.7,0.9,28.9,0.96,52.7,0.97,89.3,0.05,0.05,614.27075,1776234221000
1776234223.44,223.44,0.04,52.7,0.03,89.3,0.09,31.7,0.1,28.9,0.91,31.7,0.9,28.9,0.96,52.7,0.97,89.3,0.05,0.05,614.271786,1776234222000
1776234223.941,223.941,0.04,52.7,0.03,89.3,0.09,31.7,0.1,28.9,0.91,31.7,0.9,28.9,0.96,52.7,0.97,89.3,0.05,0.05,614.268873,1776234223000
1776234225.193,225.193,0.04,52.7,0.03,89.3,0.09,31.7,0.1,28.9,0.91,31.7,0.9,28.9,0.96,52.7,0.97,89.3,0.05,0.05,614.26583,1776234224000
1776234226.333,226.333,0.04,52.7,0.03,89.3,0.09,31.7,0.1,28.9,0.91,31.7,0.9,28.9,0.96,52.7,0.97,89.3,0.05,0.05,614.26611,1776234225000
1776234226.999,226.999,0.04,52.7,0.03,89.3,0.09,31.7,0.1,28.9,0.91,31.7,0.9,28.9,0.96,52.7,0.97,89.3,0.05,0.05,614.26514,1776234226000
1776234228.047,228.047,0.04,52.7,0.03,89.3,0.09,31.7,0.1,28.9,0.91,31.7,0.9,28.9,0.96,52.7,0.97,89.3,0.05,0.05,614.26511,1776234227000
1776234229.098,229.098,0.04,52.7,0.03,89.3,0.09,31.7,0.1,28.9,0.91,31.7,0.9,28.9,0.96,52.7,0.97,89.3,0.05,0.05,614.26484,1776234228000
1776234230.372,230.372,0.04,52.7,0.03,89.3,0.09,31.7,0.1,28.9,0.91,31.7,0.9,28.9,0.96,52.7,0.97,89.3,0.05,0.05,614.265483,1776234229000
1776234230.901,230.901,0.04,52.7,0.03,89.3,0.09,31.7,0.1,28.9,0.91,31.7,0.9,28.9,0.96,52.7,0.97,89.3,0.05,0.05,614.25909,1776234230000
1776234232.022,232.022,0.04,52.7,0.03,89.3,0.09,31.7,0.1,28.9,0.91,31.7,0.9,28.9,0.96,52.7,0.97,89.3,0.05,0.05,614.269525,1776234231000
1776234233.132,233.132,0.04,52.7,0.03,89.3,0.09,31.7,0.1,28.9,0.91,31.7,0.9,28.9,0.96,52.7,0.97,89.3,0.05,0.05,614.270709,1776234232000
1776234234.368,234.368,0.04,52.7,0.03,89.3,0.09,31.7,0.1,28.9,0.91,31.7,0.9,28.9,0.96,52.7,0.97,89.3,0.05,0.05,614.30911,1776234233000
1776234234.983,234.983,0.04,52.7,0.03,89.3,0.09,31.7,0.1,28.9,0.91,31.7,0.9,28.9,0.96,52.7,0.97,89.3,0.05,0.05,614.31489,1776234234000
1776234235.337,235.337,0.03,83.45,0.02,147.69,0.04,5.0,0.08,35.29,0.91,31.7,0.9,28.9,0.96,52.7,0.97,89.3,0.01,0.05,614.31489,1776234234000
1776234236.077,236.077,0.03,83.45,0.02,147.69,0.04,5.0,0.08,35.29,0.96,5.0,0.92,35.29,0.97,83.45,0.98,147.69,0.01,0.01,614.3648,1776234235000
1776234237.102,237.102,0.03,83.45,0.02,147.69,0.04,5.0,0.08,35.29,0.96,5.0,0.92,35.29,0.97,83.45,0.98,147.69,0.01,0.01,614.35562,1776234236000
1776234238.154,238.154,0.03,83.45,0.02,147.69,0.04,5.0,0.08,35.29,0.96,5.0,0.92,35.29,0.97,83.45,0.98,147.69,0.01,0.01,614.354062,1776234237000
1776234239.106,239.106,0.03,83.45,0.02,147.69,0.04,5.0,0.08,35.29,0.96,5.0,0.92,35.29,0.97,83.45,0.98,147.69,0.01,0.01,614.38466,1776234238000
1776234240.192,240.192,0.03,83.45,0.02,147.69,0.04,5.0,0.08,35.29,0.96,5.0,0.92,35.29,0.97,83.45,0.98,147.69,0.01,0.01,614.39395,1776234239000
1776234241.186,241.186,0.03,83.45,0.02,147.69,0.04,5.0,0.08,35.29,0.96,5.0,0.92,35.29,0.97,83.45,0.98,147.69,0.01,0.01,614.366083,1776234240000
1776234242.203,242.203,0.03,83.45,0.02,147.69,0.04,5.0,0.08,35.29,0.96,5.0,0.92,35.29,0.97,83.45,0.98,147.69,0.01,0.01,614.363056,1776234241000
1776234243.286,243.286,0.03,83.45,0.02,147.69,0.04,5.0,0.08,35.29,0.96,5.0,0.92,35.29,0.97,83.45,0.98,147.69,0.01,0.01,614.363055,1776234242000
1776234244.207,244.207,0.03,83.45,0.02,147.69,0.04,5.0,0.08,35.29,0.96,5.0,0.92,35.29,0.97,83.45,0.98,147.69,0.01,0.01,614.363433,1776234243000
1776234245.318,245.318,0.03,83.45,0.02,147.69,0.04,5.0,0.08,35.29,0.96,5.0,0.92,35.29,0.97,83.45,0.98,147.69,0.01,0.01,614.3982,1776234244000
1776234246.308,246.308,0.03,83.45,0.02,147.69,0.04,5.0,0.08,35.29,0.96,5.0,0.92,35.29,0.97,83.45,0.98,147.69,0.01,0.01,614.38024,1776234245000
1776234246.575,246.575,0.02,142.89,0.01,683.6,0.04,67.7,0.05,59.7,0.96,5.0,0.92,35.29,0.97,83.45,0.98,147.69,0.02,0.01,614.38024,1776234245000
1776234246.925,246.925,0.02,142.89,0.01,683.6,0.04,67.7,0.05,59.7,0.96,67.7,0.95,59.7,0.98,142.89,0.99,683.6,0.02,0.02,614.38001,1776234246000
1776234247.922,247.922,0.02,142.89,0.01,683.6,0.04,67.7,0.05,59.7,0.96,67.7,0.95,59.7,0.98,142.89,0.99,683.6,0.02,0.02,614.3673,1776234247000
1776234248.868,248.868,0.02,142.89,0.01,683.6,0.04,67.7,0.05,59.7,0.96,67.7,0.95,59.7,0.98,142.89,0.99,683.6,0.02,0.02,614.36669,1776234248000
1776234250.078,250.078,0.02,142.89,0.01,683.6,0.04,67.7,0.05,59.7,0.96,67.7,0.95,59.7,0.98,142.89,0.99,683.6,0.02,0.02,614.36853,1776234249000
1776234251.535,251.535,0.02,142.89,0.01,683.6,0.04,67.7,0.05,59.7,0.96,67.7,0.95,59.7,0.98,142.89,0.99,683.6,0.02,0.02,614.36072,1776234250000
1776234252.039,252.039,0.02,142.89,0.01,683.6,0.04,67.7,0.05,59.7,0.96,67.7,0.95,59.7,0.98,142.89,0.99,683.6,0.02,0.02,614.36078,1776234251000
1776234253.08,253.08,0.02,142.89,0.01,683.6,0.04,67.7,0.05,59.7,0.96,67.7,0.95,59.7,0.98,142.89,0.99,683.6,0.02,0.02,614.3608,1776234252000
1776234254.171,254.171,0.02,142.89,0.01,683.6,0.04,67.7,0.05,59.7,0.96,67.7,0.95,59.7,0.98,142.89,0.99,683.6,0.02,0.02,614.36073,1776234253000
1776234255.158,255.158,0.02,142.89,0.01,683.6,0.04,67.7,0.05,59.7,0.96,67.7,0.95,59.7,0.98,142.89,0.99,683.6,0.02,0.02,614.343677,1776234254000
1776234256.302,256.302,0.02,142.89,0.01,683.6,0.04,67.7,0.05,59.7,0.96,67.7,0.95,59.7,0.98,142.89,0.99,683.6,0.02,0.02,614.34605,1776234255000
1776234257.352,257.352,0.02,142.89,0.01,683.6,0.04,67.7,0.05,59.7,0.96,67.7,0.95,59.7,0.98,142.89,0.99,683.6,0.02,0.02,614.34211,1776234256000
1776234258.417,258.417,0.02,142.89,0.01,683.6,0.04,67.7,0.05,59.7,0.96,67.7,0.95,59.7,0.98,142.89,0.99,683.6,0.02,0.02,614.341332,1776234257000
1776234258.955,258.955,0.02,142.89,0.01,683.6,0.04,67.7,0.05,59.7,0.96,67.7,0.95,59.7,0.98,142.89,0.99,683.6,0.02,0.02,614.341332,1776234258000
1776234260.059,260.059,0.02,142.89,0.01,683.6,0.04,67.7,0.05,59.7,0.96,67.7,0.95,59.7,0.98,142.89,0.99,683.6,0.02,0.02,614.336035,1776234259000
1776234261.013,261.013,0.02,5.1,0.01,221.0,0.03,89.3,0.04,72.7,0.97,89.3,0.96,72.7,0.98,5.1,0.99,221.0,0.01,0.01,614.30459,1776234260000
1776234261.591,261.591,0.01,221.0,,,0.03,94.3,0.04,72.7,0.97,89.3,0.96,72.7,0.98,5.1,0.99,221.0,0.02,0.01,614.30459,1776234260000
1776234262.022,262.022,0.01,221.0,,,0.03,94.3,0.04,72.7,0.97,94.3,0.96,72.7,0.99,221.0,,,0.02,0.02,614.311816,1776234261000
1776234262.81,262.81,0.01,210.89,,,0.02,132.69,0.03,94.3,0.97,94.3,0.96,72.7,0.99,221.0,,,0.01,0.02,614.311816,1776234261000
1776234263.061,263.061,0.01,210.89,,,0.02,132.69,0.03,94.3,0.98,132.69,0.97,94.3,0.99,210.89,,,0.01,0.01,614.313314,1776234262000
1776234264.08,264.08,0.01,210.89,,,0.02,132.69,0.03,94.3,0.98,132.69,0.97,94.3,0.99,210.89,,,0.01,0.01,614.31367,1776234263000
1776234265.064,265.064,0.01,210.89,,,0.02,132.69,0.03,94.3,0.98,132.69,0.97,94.3,0.99,210.89,,,0.01,0.01,614.313741,1776234264000
1776234266.098,266.098,0.01,210.89,,,0.02,132.69,0.03,94.3,0.98,132.69,0.97,94.3,0.99,210.89,,,0.01,0.01,614.312971,1776234265000
1776234267.023,267.023,0.01,210.89,,,0.02,132.69,0.03,94.3,0.98,132.69,0.97,94.3,0.99,210.89,,,0.01,0.01,614.317347,1776234266000
1776234268.063,268.063,0.01,210.89,,,0.02,132.69,0.03,94.3,0.98,132.69,0.97,94.3,0.99,210.89,,,0.01,0.01,614.32208,1776234267000
1776234269.059,269.059,0.01,210.89,,,0.02,132.69,0.03,94.3,0.98,132.69,0.97,94.3,0.99,210.89,,,0.01,0.01,614.305434,1776234268000
1776234270.055,270.055,0.01,210.89,,,0.02,132.69,0.03,94.3,0.98,132.69,0.97,94.3,0.99,210.89,,,0.01,0.01,614.348316,1776234269000
1776234271.03,271.03,0.01,210.89,,,0.02,132.69,0.03,94.3,0.98,132.69,0.97,94.3,0.99,210.89,,,0.01,0.01,614.348315,1776234270000
1776234271.997,271.997,0.01,210.89,,,0.02,132.69,0.03,94.3,0.98,132.69,0.97,94.3,0.99,210.89,,,0.01,0.01,614.347709,1776234271000
1776234272.925,272.925,0.01,89.87,,,0.02,137.69,0.03,94.3,0.98,137.69,0.97,94.3,0.99,89.87,,,0.01,0.01,614.345265,1776234272000
1776234273.905,273.905,0.01,89.87,,,0.02,137.69,0.03,94.3,0.98,137.69,0.97,94.3,0.99,89.87,,,0.01,0.01,614.345154,1776234273000
1776234274.859,274.859,0.01,89.87,,,0.02,137.69,0.03,94.3,0.98,137.69,0.97,94.3,0.99,89.87,,,0.01,0.01,614.339703,1776234274000
1776234276.262,276.262,0.01,89.87,,,0.02,137.69,0.03,94.3,0.98,137.69,0.97,94.3,0.99,89.87,,,0.01,0.01,614.34972,1776234275000
1776234277.771,277.771,0.01,89.87,,,0.02,137.69,0.03,94.3,0.98,137.69,0.97,94.3,0.99,89.87,,,0.01,0.01,614.3542,1776234276000
1776234278.217,278.217,0.01,89.87,,,0.02,137.69,0.03,94.3,0.98,137.69,0.97,94.3,0.99,89.87,,,0.01,0.01,614.35432,1776234277000
1776234279.247,279.247,0.01,89.87,,,0.02,137.69,0.03,94.3,0.98,137.69,0.97,94.3,0.99,89.87,,,0.01,0.01,614.35721,1776234278000
1776234279.623,279.623,0.01,38.85,,,0.02,5.0,0.03,5.0,0.98,5.0,0.97,5.0,0.99,39.87,,,0.01,0.01,614.35721,1776234278000
1776234280.161,280.161,0.01,38.85,,,0.02,5.0,0.03,5.0,0.98,5.0,0.97,5.0,0.99,38.85,,,0.01,0.01,614.329175,1776234279000
1776234281.172,281.172,0.01,38.85,,,0.02,5.0,0.03,5.0,0.98,5.0,0.97,5.0,0.99,38.85,,,0.01,0.01,614.326093,1776234280000
1776234282.22,282.22,0.01,38.85,,,0.02,5.0,0.03,5.0,0.98,5.0,0.97,5.0,0.99,38.85,,,0.01,0.01,614.351205,1776234281000
1776234283.266,283.266,0.01,38.85,,,0.02,5.0,0.03,5.0,0.98,5.0,0.97,5.0,0.99,38.85,,,0.01,0.01,614.34088,1776234282000
1776234284.374,284.374,0.01,38.85,,,0.02,5.0,0.03,5.0,0.98,5.0,0.97,5.0,0.99,38.85,,,0.01,0.01,614.34209,1776234283000
1776234285.402,285.402,0.01,38.85,,,0.02,5.0,0.03,5.0,0.98,5.0,0.97,5.0,0.99,38.85,,,0.01,0.01,614.348,1776234284000
1776234286.293,286.293,0.01,38.85,,,0.02,5.0,0.03,5.0,0.98,5.0,0.97,5.0,0.99,38.85,,,0.01,0.01,614.34798,1776234285000
1776234287.315,287.315,0.01,38.85,,,0.02,5.0,0.03,5.0,0.98,5.0,0.97,5.0,0.99,38.85,,,0.01,0.01,614.36061,1776234286000
1776234288.329,288.329,0.01,38.85,,,0.02,5.0,0.03,5.0,0.98,5.0,0.97,5.0,0.99,38.85,,,0.01,0.01,614.35604,1776234287000
1776234289.222,289.222,0.01,38.85,,,0.02,5.0,0.03,5.0,0.98,5.0,0.97,5.0,0.99,38.85,,,0.01,0.01,614.35713,1776234288000
1776234290.824,290.824,,,,,0.01,961.15,0.03,5.0,0.99,961.15,0.97,5.0,,,,,,,614.327397,1776234289000
1776234291.263,291.263,,,,,0.01,961.15,0.03,5.0,0.99,961.15,0.97,5.0,,,,,,,614.326518,1776234290000
1776234292.322,292.322,,,,,0.01,961.15,0.03,5.0,0.99,961.15,0.97,5.0,,,,,,,614.323617,1776234291000
1776234293.31,293.31,,,,,0.01,961.15,0.03,5.0,0.99,961.15,0.97,5.0,,,,,,,614.327963,1776234292000
1776234294.351,294.351,,,,,0.01,961.15,0.03,5.0,0.99,961.15,0.97,5.0,,,,,,,614.319116,1776234293000
1776234294.96,294.96,,,,,0.01,961.15,0.03,5.0,0.99,961.15,0.97,5.0,,,,,,,614.321152,1776234294000
1776234295.938,295.938,,,,,0.01,961.15,0.03,5.0,0.99,961.15,0.97,5.0,,,,,,,614.32271,1776234295000
1776234296.933,296.933,,,,,0.01,961.15,0.03,5.0,0.99,961.15,0.97,5.0,,,,,,,614.319,1776234296000
1776234298.042,298.042,,,,,0.01,961.15,0.03,5.0,0.99,961.15,0.97,5.0,,,,,,,614.322,1776234297000
1776234298.985,298.985,,,,,0.01,961.15,0.03,5.0,0.99,961.15,0.97,5.0,,,,,,,614.324,1776234298000
1776234300.01,300.01,,,,,0.01,961.15,0.03,5.0,0.99,961.15,0.97,5.0,,,,,,,614.321202,1776234299000
1776234301.011,301.011,,,,,0.01,961.15,0.03,5.0,0.99,961.15,0.97,5.0,,,,,,,614.312619,1776234300000

# RESULT,winner=Down,slug=bnb-updown-5m-1776234000,ticks=314
