timestamp,elapsed_sec,up_bid_p1,up_bid_s1,up_bid_p2,up_bid_s2,up_ask_p1,up_ask_s1,up_ask_p2,up_ask_s2,down_bid_p1,down_bid_s1,down_bid_p2,down_bid_s2,down_ask_p1,down_ask_s1,down_ask_p2,down_ask_s2,up_spread,down_spread,bnb_price,bnb_oracle_ts
1776222311.382,11.382,0.44,5.0,0.38,5.0,0.55,10.0,0.61,50.0,0.45,10.0,0.39,50.0,0.55,5.0,0.56,5.0,0.11,0.1,616.12551,1776222310000
1776222311.743,11.743,0.45,5.0,0.44,5.0,0.55,10.0,0.61,50.0,0.45,10.0,0.39,50.0,0.55,5.0,0.56,5.0,0.1,0.1,616.12551,1776222310000
1776222312.087,12.087,0.45,5.0,0.44,5.0,0.55,10.0,0.61,50.0,0.45,10.0,0.39,50.0,0.55,5.0,0.56,5.0,0.1,0.1,616.13292,1776222311000
1776222313.266,13.266,0.45,5.0,0.44,5.0,0.55,10.0,0.61,50.0,0.45,10.0,0.39,50.0,0.55,5.0,0.56,5.0,0.1,0.1,616.13563,1776222312000
1776222314.466,14.466,0.45,5.0,0.44,5.0,0.55,10.0,0.61,50.0,0.45,10.0,0.39,50.0,0.55,5.0,0.56,5.0,0.1,0.1,616.154712,1776222313000
1776222315.112,15.112,0.45,5.0,0.44,5.0,0.55,10.0,0.61,50.0,0.45,10.0,0.39,50.0,0.55,5.0,0.56,5.0,0.1,0.1,616.155,1776222314000
1776222316.185,16.185,0.45,5.0,0.44,5.0,0.55,10.0,0.61,50.0,0.45,10.0,0.39,50.0,0.55,5.0,0.56,5.0,0.1,0.1,616.149,1776222315000
1776222317.486,17.486,0.45,5.0,0.44,5.0,0.55,10.0,0.61,50.0,0.45,10.0,0.39,50.0,0.55,5.0,0.56,5.0,0.1,0.1,616.152,1776222316000
1776222318.14,18.14,0.45,5.0,0.44,5.0,0.55,10.0,0.61,50.0,0.45,10.0,0.39,50.0,0.55,5.0,0.56,5.0,0.1,0.1,616.152,1776222317000
1776222319.371,19.371,0.45,5.0,0.44,5.0,0.55,10.0,0.61,50.0,0.45,10.0,0.39,50.0,0.55,5.0,0.56,5.0,0.1,0.1,616.14,1776222318000
1776222320.127,20.127,0.45,5.0,0.44,5.0,0.55,10.0,0.61,50.0,0.45,10.0,0.39,50.0,0.55,5.0,0.56,5.0,0.1,0.1,616.14,1776222319000
1776222321.606,21.606,0.45,5.0,0.44,5.0,0.55,10.0,0.61,50.0,0.45,10.0,0.39,50.0,0.55,5.0,0.56,5.0,0.1,0.1,616.169,1776222320000
1776222322.414,22.414,0.45,5.0,0.44,5.0,0.55,10.0,0.61,50.0,0.45,10.0,0.39,50.0,0.55,5.0,0.56,5.0,0.1,0.1,616.168,1776222321000
1776222323.454,23.454,0.45,5.0,0.44,5.0,0.55,10.0,0.61,50.0,0.45,10.0,0.39,50.0,0.55,5.0,0.56,5.0,0.1,0.1,616.168,1776222322000
1776222324.178,24.178,0.45,5.0,0.44,5.0,0.55,10.0,0.61,50.0,0.45,10.0,0.39,50.0,0.55,5.0,0.56,5.0,0.1,0.1,616.168,1776222323000
1776222324.936,24.936,0.45,5.0,0.44,5.0,0.55,10.0,0.61,50.0,0.45,10.0,0.39,50.0,0.55,5.0,0.56,5.0,0.1,0.1,616.14892,1776222324000
1776222326.3,26.3,0.45,5.0,0.44,5.0,0.55,10.0,0.61,50.0,0.45,10.0,0.39,50.0,0.55,5.0,0.56,5.0,0.1,0.1,616.15228,1776222325000
1776222327.342,27.342,0.45,5.0,0.44,5.0,0.55,10.0,0.61,50.0,0.45,10.0,0.39,50.0,0.55,5.0,0.56,5.0,0.1,0.1,616.19621,1776222326000
1776222327.994,27.994,0.45,5.0,0.44,5.0,0.55,10.0,0.61,50.0,0.45,10.0,0.39,50.0,0.55,5.0,0.56,5.0,0.1,0.1,616.19621,1776222327000
1776222329.234,29.234,0.45,5.0,0.44,5.0,0.55,10.0,0.61,50.0,0.45,10.0,0.39,50.0,0.55,5.0,0.56,5.0,0.1,0.1,616.156052,1776222328000
1776222330.35,30.35,0.45,5.0,0.44,5.0,0.55,10.0,0.61,50.0,0.45,10.0,0.39,50.0,0.55,5.0,0.56,5.0,0.1,0.1,616.19199,1776222329000
1776222331.307,31.307,0.45,5.0,0.44,5.0,0.55,10.0,0.61,50.0,0.45,10.0,0.39,50.0,0.55,5.0,0.56,5.0,0.1,0.1,616.15425,1776222330000
1776222331.993,31.993,0.45,5.0,0.44,5.0,0.55,10.0,0.61,50.0,0.45,10.0,0.39,50.0,0.55,5.0,0.56,5.0,0.1,0.1,616.16651,1776222331000
1776222333.302,33.302,0.45,5.0,0.44,5.0,0.55,10.0,0.61,50.0,0.45,10.0,0.39,50.0,0.55,5.0,0.56,5.0,0.1,0.1,616.15625,1776222332000
1776222335.05,35.05,0.45,5.0,0.44,5.0,0.55,10.0,0.61,50.0,0.45,10.0,0.39,50.0,0.55,5.0,0.56,5.0,0.1,0.1,616.1933,1776222333000
1776222335.782,35.782,0.45,5.0,0.44,5.0,0.55,10.0,0.61,50.0,0.45,10.0,0.39,50.0,0.55,5.0,0.56,5.0,0.1,0.1,616.21581,1776222334000
1776222336.545,36.545,0.45,5.0,0.44,5.0,0.55,10.0,0.61,50.0,0.45,10.0,0.39,50.0,0.55,5.0,0.56,5.0,0.1,0.1,616.21289,1776222335000
1776222337.541,37.541,0.45,5.0,0.44,5.0,0.55,10.0,0.61,50.0,0.45,10.0,0.39,50.0,0.55,5.0,0.56,5.0,0.1,0.1,616.21301,1776222336000
1776222338.097,38.097,0.45,5.0,0.44,5.0,0.55,10.0,0.61,50.0,0.45,10.0,0.39,50.0,0.55,5.0,0.56,5.0,0.1,0.1,616.21103,1776222337000
1776222339.409,39.409,0.45,5.0,0.44,5.0,0.55,10.0,0.61,50.0,0.45,10.0,0.39,50.0,0.55,5.0,0.56,5.0,0.1,0.1,616.21002,1776222338000
1776222340.235,40.235,0.45,5.0,0.44,5.0,0.55,10.0,0.61,50.0,0.45,10.0,0.39,50.0,0.55,5.0,0.56,5.0,0.1,0.1,616.22426,1776222339000
1776222341.499,41.499,0.45,5.0,0.44,5.0,0.55,10.0,0.61,50.0,0.45,10.0,0.39,50.0,0.55,5.0,0.56,5.0,0.1,0.1,616.192614,1776222340000
1776222342.198,42.198,0.45,5.0,0.44,5.0,0.55,10.0,0.61,50.0,0.45,10.0,0.39,50.0,0.55,5.0,0.56,5.0,0.1,0.1,616.192726,1776222341000
1776222343.522,43.522,0.45,5.0,0.44,5.0,0.55,10.0,0.61,50.0,0.45,10.0,0.39,50.0,0.55,5.0,0.56,5.0,0.1,0.1,616.258287,1776222342000
1776222344.242,44.242,0.45,5.0,0.44,5.0,0.55,10.0,0.61,50.0,0.45,10.0,0.39,50.0,0.55,5.0,0.56,5.0,0.1,0.1,616.24794,1776222343000
1776222345.579,45.579,0.45,5.0,0.44,5.0,0.55,10.0,0.61,50.0,0.45,10.0,0.39,50.0,0.55,5.0,0.56,5.0,0.1,0.1,616.219687,1776222344000
1776222346.271,46.271,0.45,5.0,0.44,5.0,0.55,10.0,0.61,50.0,0.45,10.0,0.39,50.0,0.55,5.0,0.56,5.0,0.1,0.1,616.219926,1776222345000
1776222347.697,47.697,0.45,5.0,0.44,5.0,0.55,10.0,0.61,50.0,0.45,10.0,0.39,50.0,0.55,5.0,0.56,5.0,0.1,0.1,616.21082,1776222346000
1776222348.765,48.765,0.45,5.0,0.44,5.0,0.55,10.0,0.61,50.0,0.45,10.0,0.39,50.0,0.55,5.0,0.56,5.0,0.1,0.1,616.24884,1776222347000
1776222349.161,49.161,0.45,5.0,0.44,5.0,0.55,10.0,0.61,50.0,0.45,10.0,0.39,50.0,0.55,5.0,0.56,5.0,0.1,0.1,616.24884,1776222348000
1776222350.166,50.166,0.45,5.0,0.44,5.0,0.55,10.0,0.61,50.0,0.45,10.0,0.39,50.0,0.55,5.0,0.56,5.0,0.1,0.1,616.224103,1776222349000
1776222351.169,51.169,0.45,5.0,0.44,5.0,0.55,10.0,0.61,50.0,0.45,10.0,0.39,50.0,0.55,5.0,0.56,5.0,0.1,0.1,616.216259,1776222350000
1776222352.327,52.327,0.45,5.0,0.44,5.0,0.55,10.0,0.61,50.0,0.45,10.0,0.39,50.0,0.55,5.0,0.56,5.0,0.1,0.1,616.215044,1776222351000
1776222353.296,53.296,0.45,5.0,0.44,5.0,0.55,10.0,0.61,50.0,0.45,10.0,0.39,50.0,0.55,5.0,0.56,5.0,0.1,0.1,616.214377,1776222352000
1776222354.321,54.321,0.45,5.0,0.44,5.0,0.55,10.0,0.61,50.0,0.45,10.0,0.39,50.0,0.55,5.0,0.56,5.0,0.1,0.1,616.223772,1776222353000
1776222354.887,54.887,0.45,5.0,0.44,5.0,0.55,10.0,0.61,50.0,0.45,10.0,0.39,50.0,0.55,5.0,0.56,5.0,0.1,0.1,616.227548,1776222354000
1776222355.962,55.962,0.45,5.0,0.44,5.0,0.55,10.0,0.61,50.0,0.45,10.0,0.39,50.0,0.55,5.0,0.56,5.0,0.1,0.1,616.23132,1776222355000
1776222356.916,56.916,0.45,5.0,0.44,5.0,0.55,10.0,0.61,50.0,0.45,10.0,0.39,50.0,0.55,5.0,0.56,5.0,0.1,0.1,616.216,1776222356000
1776222358.012,58.012,0.45,5.0,0.44,5.0,0.55,10.0,0.61,50.0,0.45,10.0,0.39,50.0,0.55,5.0,0.56,5.0,0.1,0.1,616.223,1776222357000
1776222358.981,58.981,0.45,5.0,0.44,5.0,0.55,10.0,0.61,50.0,0.45,10.0,0.39,50.0,0.55,5.0,0.56,5.0,0.1,0.1,616.179668,1776222358000
1776222360.062,60.062,0.45,5.0,0.44,5.0,0.55,10.0,0.61,50.0,0.45,10.0,0.39,50.0,0.55,5.0,0.56,5.0,0.1,0.1,616.152196,1776222359000
1776222361.166,61.166,0.45,5.0,0.44,5.0,0.55,10.0,0.61,50.0,0.45,10.0,0.39,50.0,0.55,5.0,0.56,5.0,0.1,0.1,616.152071,1776222360000
1776222362.195,62.195,0.45,5.0,0.44,5.0,0.55,10.0,0.61,50.0,0.45,10.0,0.39,50.0,0.55,5.0,0.56,5.0,0.1,0.1,616.121,1776222361000
1776222363.223,63.223,0.45,5.0,0.44,5.0,0.55,10.0,0.61,50.0,0.45,10.0,0.39,50.0,0.55,5.0,0.56,5.0,0.1,0.1,616.121,1776222362000
1776222364.203,64.203,0.45,5.0,0.44,5.0,0.55,10.0,0.61,50.0,0.45,10.0,0.39,50.0,0.55,5.0,0.56,5.0,0.1,0.1,616.096665,1776222363000
1776222365.133,65.133,0.45,5.0,0.44,5.0,0.55,10.0,0.61,50.0,0.45,10.0,0.39,50.0,0.55,5.0,0.56,5.0,0.1,0.1,616.079251,1776222364000
1776222366.173,66.173,0.45,5.0,0.44,5.0,0.55,10.0,0.61,50.0,0.45,10.0,0.39,50.0,0.55,5.0,0.56,5.0,0.1,0.1,615.985,1776222365000
1776222367.21,67.21,0.45,5.0,0.44,5.0,0.55,10.0,0.61,50.0,0.45,10.0,0.39,50.0,0.55,5.0,0.56,5.0,0.1,0.1,615.983815,1776222366000
1776222368.229,68.229,0.45,5.0,0.44,5.0,0.55,10.0,0.61,50.0,0.45,10.0,0.39,50.0,0.55,5.0,0.56,5.0,0.1,0.1,615.984551,1776222367000
1776222369.152,69.152,0.45,5.0,0.44,5.0,0.55,10.0,0.61,50.0,0.45,10.0,0.39,50.0,0.55,5.0,0.56,5.0,0.1,0.1,615.98619,1776222368000
1776222370.124,70.124,0.45,5.0,0.44,5.0,0.55,10.0,0.61,50.0,0.45,10.0,0.39,50.0,0.55,5.0,0.56,5.0,0.1,0.1,615.993239,1776222369000
1776222371.131,71.131,0.45,5.0,0.44,5.0,0.55,10.0,0.61,50.0,0.45,10.0,0.39,50.0,0.55,5.0,0.56,5.0,0.1,0.1,615.992889,1776222370000
1776222372.064,72.064,0.45,5.0,0.44,5.0,0.55,10.0,0.61,50.0,0.45,10.0,0.39,50.0,0.55,5.0,0.56,5.0,0.1,0.1,615.993108,1776222371000
1776222373.039,73.039,0.45,5.0,0.44,5.0,0.55,10.0,0.61,50.0,0.45,10.0,0.39,50.0,0.55,5.0,0.56,5.0,0.1,0.1,615.992852,1776222372000
1776222373.988,73.988,0.45,5.0,0.44,5.0,0.55,10.0,0.61,50.0,0.45,10.0,0.39,50.0,0.55,5.0,0.56,5.0,0.1,0.1,615.991682,1776222373000
1776222374.933,74.933,0.45,5.0,0.44,5.0,0.55,10.0,0.61,50.0,0.45,10.0,0.39,50.0,0.55,5.0,0.56,5.0,0.1,0.1,615.98205,1776222374000
1776222376.065,76.065,0.45,5.0,0.44,5.0,0.55,10.0,0.61,50.0,0.45,10.0,0.39,50.0,0.55,5.0,0.56,5.0,0.1,0.1,615.982049,1776222375000
1776222377.061,77.061,0.45,5.0,0.44,5.0,0.55,10.0,0.61,50.0,0.45,10.0,0.39,50.0,0.55,5.0,0.56,5.0,0.1,0.1,615.982173,1776222376000
1776222378.059,78.059,0.45,5.0,0.44,5.0,0.55,10.0,0.61,50.0,0.45,10.0,0.39,50.0,0.55,5.0,0.56,5.0,0.1,0.1,615.982218,1776222377000
1776222379.266,79.266,0.45,5.0,0.44,5.0,0.55,10.0,0.61,50.0,0.45,10.0,0.39,50.0,0.55,5.0,0.56,5.0,0.1,0.1,615.984041,1776222378000
1776222380.486,80.486,0.45,5.0,0.44,5.0,0.55,10.0,0.61,50.0,0.45,10.0,0.39,50.0,0.55,5.0,0.56,5.0,0.1,0.1,615.983853,1776222379000
1776222381.198,81.198,0.45,5.0,0.44,5.0,0.55,10.0,0.61,50.0,0.45,10.0,0.39,50.0,0.55,5.0,0.56,5.0,0.1,0.1,615.983853,1776222380000
1776222382.307,82.307,0.45,5.0,0.44,5.0,0.55,10.0,0.61,50.0,0.45,10.0,0.39,50.0,0.55,5.0,0.56,5.0,0.1,0.1,616.105,1776222381000
1776222383.541,83.541,0.45,5.0,0.44,5.0,0.55,10.0,0.61,50.0,0.45,10.0,0.39,50.0,0.55,5.0,0.56,5.0,0.1,0.1,616.118,1776222382000
1776222384.072,84.072,0.45,5.0,0.44,5.0,0.55,10.0,0.61,50.0,0.45,10.0,0.39,50.0,0.55,5.0,0.56,5.0,0.1,0.1,616.118,1776222383000
1776222385.321,85.321,0.45,5.0,0.44,5.0,0.55,10.0,0.61,50.0,0.45,10.0,0.39,50.0,0.55,5.0,0.56,5.0,0.1,0.1,616.12053,1776222384000
1776222386.035,86.035,0.45,5.0,0.44,5.0,0.55,10.0,0.61,50.0,0.45,10.0,0.39,50.0,0.55,5.0,0.56,5.0,0.1,0.1,616.12573,1776222385000
1776222387.196,87.196,0.45,5.0,0.44,5.0,0.55,10.0,0.61,50.0,0.45,10.0,0.39,50.0,0.55,5.0,0.56,5.0,0.1,0.1,616.1011,1776222386000
1776222388.358,88.358,0.45,5.0,0.44,5.0,0.55,10.0,0.61,50.0,0.45,10.0,0.39,50.0,0.55,5.0,0.56,5.0,0.1,0.1,616.11227,1776222387000
1776222388.9,88.9,0.45,5.0,0.44,5.0,0.55,10.0,0.61,50.0,0.45,10.0,0.39,50.0,0.55,5.0,0.56,5.0,0.1,0.1,616.11301,1776222388000
1776222390.043,90.043,0.45,5.0,0.44,5.0,0.55,10.0,0.61,50.0,0.45,10.0,0.39,50.0,0.55,5.0,0.56,5.0,0.1,0.1,616.10217,1776222389000
1776222391.084,91.084,0.45,5.0,0.44,5.0,0.55,10.0,0.61,50.0,0.45,10.0,0.39,50.0,0.55,5.0,0.56,5.0,0.1,0.1,616.10743,1776222390000
1776222391.994,91.994,0.45,5.0,0.44,5.0,0.55,10.0,0.61,50.0,0.45,10.0,0.39,50.0,0.55,5.0,0.56,5.0,0.1,0.1,616.10804,1776222391000
1776222393.121,93.121,0.45,5.0,0.44,5.0,0.55,10.0,0.61,50.0,0.45,10.0,0.39,50.0,0.55,5.0,0.56,5.0,0.1,0.1,616.09298,1776222392000
1776222394.132,94.132,0.45,5.0,0.44,5.0,0.55,10.0,0.61,50.0,0.45,10.0,0.39,50.0,0.55,5.0,0.56,5.0,0.1,0.1,616.070758,1776222393000
1776222395.078,95.078,0.45,5.0,0.44,5.0,0.55,10.0,0.61,50.0,0.45,10.0,0.39,50.0,0.55,5.0,0.56,5.0,0.1,0.1,616.065,1776222394000
1776222396.08,96.08,0.45,5.0,0.44,5.0,0.55,10.0,0.61,50.0,0.45,10.0,0.39,50.0,0.55,5.0,0.56,5.0,0.1,0.1,616.06,1776222395000
1776222397.145,97.145,0.45,5.0,0.44,5.0,0.55,10.0,0.61,50.0,0.45,10.0,0.39,50.0,0.55,5.0,0.56,5.0,0.1,0.1,616.058,1776222396000
1776222398.199,98.199,0.45,5.0,0.44,5.0,0.55,10.0,0.61,50.0,0.45,10.0,0.39,50.0,0.55,5.0,0.56,5.0,0.1,0.1,616.074,1776222397000
1776222399.156,99.156,0.45,5.0,0.44,5.0,0.55,10.0,0.61,50.0,0.45,10.0,0.39,50.0,0.55,5.0,0.56,5.0,0.1,0.1,616.057,1776222398000
1776222400.049,100.049,0.45,5.0,0.44,5.0,0.55,10.0,0.61,50.0,0.45,10.0,0.39,50.0,0.55,5.0,0.56,5.0,0.1,0.1,616.063,1776222399000
1776222401.092,101.092,0.45,5.0,0.44,5.0,0.55,10.0,0.61,50.0,0.45,10.0,0.39,50.0,0.55,5.0,0.56,5.0,0.1,0.1,616.054,1776222400000
1776222401.544,101.544,0.41,50.0,0.31,50.0,0.56,4.6,0.57,5.0,0.45,10.0,0.39,50.0,0.55,5.0,0.56,5.0,0.15,0.1,616.054,1776222400000
1776222402.033,102.033,0.41,78.0,0.31,50.0,0.57,4.3,0.66,11.6,0.43,4.3,0.34,11.6,0.59,78.0,0.69,50.0,0.16,0.16,616.054,1776222401000
1776222403.279,103.279,0.41,78.0,0.31,50.0,0.57,4.3,0.66,11.6,0.43,4.3,0.34,11.6,0.59,78.0,0.69,50.0,0.16,0.16,616.06,1776222402000
1776222404.432,104.432,0.41,78.0,0.31,50.0,0.57,4.3,0.66,11.6,0.43,4.3,0.34,11.6,0.59,78.0,0.69,50.0,0.16,0.16,616.152551,1776222403000
1776222404.979,104.979,0.41,78.0,0.31,50.0,0.57,4.3,0.66,11.6,0.43,4.3,0.34,11.6,0.59,78.0,0.69,50.0,0.16,0.16,616.136355,1776222404000
1776222406.087,106.087,0.41,78.0,0.31,50.0,0.57,4.3,0.66,11.6,0.43,4.3,0.34,11.6,0.59,78.0,0.69,50.0,0.16,0.16,616.14552,1776222405000
1776222407.128,107.128,0.41,78.0,0.31,50.0,0.57,4.3,0.66,11.6,0.43,4.3,0.34,11.6,0.59,78.0,0.69,50.0,0.16,0.16,616.17902,1776222406000
1776222408.374,108.374,0.41,78.0,0.31,50.0,0.57,4.3,0.66,11.6,0.43,4.3,0.34,11.6,0.59,78.0,0.69,50.0,0.16,0.16,616.17762,1776222407000
1776222408.909,108.909,0.41,78.0,0.31,50.0,0.57,4.3,0.66,11.6,0.43,4.3,0.34,11.6,0.59,78.0,0.69,50.0,0.16,0.16,616.192728,1776222408000
1776222410.032,110.032,0.41,78.0,0.31,50.0,0.57,4.3,0.66,11.6,0.43,4.3,0.34,11.6,0.59,78.0,0.69,50.0,0.16,0.16,616.17855,1776222409000
1776222411.11,111.11,0.41,78.0,0.31,50.0,0.57,4.3,0.66,11.6,0.43,4.3,0.34,11.6,0.59,78.0,0.69,50.0,0.16,0.16,616.18972,1776222410000
1776222412.29,112.29,0.41,78.0,0.31,50.0,0.57,4.3,0.66,11.6,0.43,4.3,0.34,11.6,0.59,78.0,0.69,50.0,0.16,0.16,616.19138,1776222411000
1776222413.353,113.353,0.41,78.0,0.31,50.0,0.57,4.3,0.66,11.6,0.43,4.3,0.34,11.6,0.59,78.0,0.69,50.0,0.16,0.16,616.19915,1776222412000
1776222413.894,113.894,0.41,78.0,0.31,50.0,0.57,4.3,0.66,11.6,0.43,4.3,0.34,11.6,0.59,78.0,0.69,50.0,0.16,0.16,616.19917,1776222413000
1776222415.174,115.174,0.41,78.0,0.31,50.0,0.57,4.3,0.66,11.6,0.43,4.3,0.34,11.6,0.59,78.0,0.69,50.0,0.16,0.16,616.19479,1776222414000
1776222416.412,116.412,0.41,78.0,0.31,50.0,0.57,4.3,0.66,11.6,0.43,4.3,0.34,11.6,0.59,78.0,0.69,50.0,0.16,0.16,616.19582,1776222415000
1776222423.636,123.636,0.41,78.0,0.31,50.0,0.57,4.3,0.66,11.6,0.43,4.3,0.34,11.6,0.59,78.0,0.69,50.0,0.16,0.16,616.19825,1776222422000
1776222424.112,124.112,0.41,78.0,0.31,50.0,0.57,4.3,0.66,11.6,0.43,4.3,0.34,11.6,0.59,78.0,0.69,50.0,0.16,0.16,616.19798,1776222423000
1776222425.434,125.434,0.41,78.0,0.31,50.0,0.57,4.3,0.66,11.6,0.43,4.3,0.34,11.6,0.59,78.0,0.69,50.0,0.16,0.16,616.17249,1776222424000
1776222426.157,126.157,0.41,78.0,0.31,50.0,0.57,4.3,0.66,11.6,0.43,4.3,0.34,11.6,0.59,78.0,0.69,50.0,0.16,0.16,616.190787,1776222425000
1776222427.336,127.336,0.41,78.0,0.31,50.0,0.57,4.3,0.66,11.6,0.43,4.3,0.34,11.6,0.59,78.0,0.69,50.0,0.16,0.16,616.18563,1776222426000
1776222428.112,128.112,0.41,78.0,0.31,50.0,0.57,4.3,0.66,11.6,0.43,4.3,0.34,11.6,0.59,78.0,0.69,50.0,0.16,0.16,616.20134,1776222427000
1776222429.274,129.274,0.41,78.0,0.31,50.0,0.57,4.3,0.66,11.6,0.43,4.3,0.34,11.6,0.59,78.0,0.69,50.0,0.16,0.16,616.20013,1776222428000
1776222430.632,130.632,0.41,78.0,0.31,50.0,0.57,4.3,0.66,11.6,0.43,4.3,0.34,11.6,0.59,78.0,0.69,50.0,0.16,0.16,616.206424,1776222429000
1776222431.209,131.209,0.41,78.0,0.31,50.0,0.57,4.3,0.66,11.6,0.43,4.3,0.34,11.6,0.59,78.0,0.69,50.0,0.16,0.16,616.19381,1776222430000
1776222432.494,132.494,0.41,78.0,0.31,50.0,0.57,4.3,0.66,11.6,0.43,4.3,0.34,11.6,0.59,78.0,0.69,50.0,0.16,0.16,616.14136,1776222431000
1776222433.255,133.255,0.41,78.0,0.31,50.0,0.57,4.3,0.66,11.6,0.43,4.3,0.34,11.6,0.59,78.0,0.69,50.0,0.16,0.16,616.123,1776222432000
1776222434.763,134.763,0.25,5.0,0.24,5.0,0.37,5.0,0.38,5.0,0.43,4.3,0.34,11.6,0.59,78.0,0.69,50.0,0.12,0.16,616.123,1776222432000
1776222435.539,135.539,0.25,5.0,0.24,5.0,0.37,5.0,0.38,5.0,0.63,5.0,0.62,5.0,0.75,5.0,0.76,5.0,0.12,0.12,616.00941,1776222434000
1776222436.108,136.108,0.25,5.0,0.24,5.0,0.37,5.0,0.38,5.0,0.63,5.0,0.62,5.0,0.75,5.0,0.76,5.0,0.12,0.12,615.992,1776222435000
1776222437.068,137.068,0.25,5.0,0.24,5.0,0.37,5.0,0.38,5.0,0.63,5.0,0.62,5.0,0.75,5.0,0.76,5.0,0.12,0.12,615.974,1776222436000
1776222438.152,138.152,0.25,5.0,0.24,5.0,0.37,5.0,0.38,5.0,0.63,5.0,0.62,5.0,0.75,5.0,0.76,5.0,0.12,0.12,615.962,1776222437000
1776222439.109,139.109,0.25,5.0,0.24,5.0,0.37,5.0,0.38,5.0,0.63,5.0,0.62,5.0,0.75,5.0,0.76,5.0,0.12,0.12,615.962,1776222438000
1776222440.146,140.146,0.25,5.0,0.24,5.0,0.37,5.0,0.38,5.0,0.63,5.0,0.62,5.0,0.75,5.0,0.76,5.0,0.12,0.12,615.92516,1776222439000
1776222441.122,141.122,0.25,5.0,0.24,5.0,0.37,5.0,0.38,5.0,0.63,5.0,0.62,5.0,0.75,5.0,0.76,5.0,0.12,0.12,615.927,1776222440000
1776222442.159,142.159,0.25,5.0,0.24,5.0,0.37,5.0,0.38,5.0,0.63,5.0,0.62,5.0,0.75,5.0,0.76,5.0,0.12,0.12,615.932,1776222441000
1776222443.176,143.176,0.25,5.0,0.24,5.0,0.37,5.0,0.38,5.0,0.63,5.0,0.62,5.0,0.75,5.0,0.76,5.0,0.12,0.12,615.941,1776222442000
1776222444.317,144.317,0.25,5.0,0.24,5.0,0.37,5.0,0.38,5.0,0.63,5.0,0.62,5.0,0.75,5.0,0.76,5.0,0.12,0.12,615.941,1776222443000
1776222445.254,145.254,0.25,5.0,0.24,5.0,0.37,5.0,0.38,5.0,0.63,5.0,0.62,5.0,0.75,5.0,0.76,5.0,0.12,0.12,615.941,1776222444000
1776222446.608,146.608,0.25,5.0,0.24,5.0,0.37,5.0,0.38,5.0,0.63,5.0,0.62,5.0,0.75,5.0,0.76,5.0,0.12,0.12,615.978,1776222445000
1776222447.345,147.345,0.25,5.0,0.24,5.0,0.37,5.0,0.38,5.0,0.63,5.0,0.62,5.0,0.75,5.0,0.76,5.0,0.12,0.12,615.978,1776222446000
1776222448.787,148.787,0.25,5.0,0.24,5.0,0.37,5.0,0.38,5.0,0.63,5.0,0.62,5.0,0.75,5.0,0.76,5.0,0.12,0.12,616.03944,1776222447000
1776222449.339,149.339,0.25,5.0,0.24,5.0,0.37,5.0,0.38,5.0,0.63,5.0,0.62,5.0,0.75,5.0,0.76,5.0,0.12,0.12,616.03944,1776222448000
1776222449.861,149.861,0.25,5.0,0.24,5.0,0.37,5.0,0.38,5.0,0.63,5.0,0.62,5.0,0.75,5.0,0.76,5.0,0.12,0.12,616.037479,1776222449000
1776222450.898,150.898,0.25,5.0,0.24,5.0,0.37,5.0,0.38,5.0,0.63,5.0,0.62,5.0,0.75,5.0,0.76,5.0,0.12,0.12,616.03531,1776222450000
1776222451.927,151.927,0.25,5.0,0.24,5.0,0.37,5.0,0.38,5.0,0.63,5.0,0.62,5.0,0.75,5.0,0.76,5.0,0.12,0.12,616.011587,1776222451000
1776222452.859,152.859,0.25,5.0,0.24,5.0,0.37,5.0,0.38,5.0,0.63,5.0,0.62,5.0,0.75,5.0,0.76,5.0,0.12,0.12,615.996304,1776222452000
1776222453.841,153.841,0.25,5.0,0.24,5.0,0.37,5.0,0.38,5.0,0.63,5.0,0.62,5.0,0.75,5.0,0.76,5.0,0.12,0.12,615.983241,1776222453000
1776222454.84,154.84,0.25,5.0,0.24,5.0,0.37,5.0,0.38,5.0,0.63,5.0,0.62,5.0,0.75,5.0,0.76,5.0,0.12,0.12,616.012722,1776222454000
1776222456.351,156.351,0.25,5.0,0.24,5.0,0.37,5.0,0.38,5.0,0.63,5.0,0.62,5.0,0.75,5.0,0.76,5.0,0.12,0.12,616.01357,1776222455000
1776222457.299,157.299,0.25,5.0,0.24,5.0,0.37,5.0,0.38,5.0,0.63,5.0,0.62,5.0,0.75,5.0,0.76,5.0,0.12,0.12,616.011953,1776222456000
1776222458.285,158.285,0.25,5.0,0.24,5.0,0.37,5.0,0.38,5.0,0.63,5.0,0.62,5.0,0.75,5.0,0.76,5.0,0.12,0.12,616.01315,1776222457000
1776222459.223,159.223,0.25,5.0,0.24,5.0,0.37,5.0,0.38,5.0,0.63,5.0,0.62,5.0,0.75,5.0,0.76,5.0,0.12,0.12,616.04296,1776222458000
1776222460.254,160.254,0.25,5.0,0.24,5.0,0.37,5.0,0.38,5.0,0.63,5.0,0.62,5.0,0.75,5.0,0.76,5.0,0.12,0.12,616.03674,1776222459000
1776222461.783,161.783,0.25,5.0,0.24,5.0,0.37,5.0,0.38,5.0,0.63,5.0,0.62,5.0,0.75,5.0,0.76,5.0,0.12,0.12,616.03288,1776222460000
1776222462.34,162.34,0.25,5.0,0.24,5.0,0.37,5.0,0.38,5.0,0.63,5.0,0.62,5.0,0.75,5.0,0.76,5.0,0.12,0.12,616.03187,1776222461000
1776222463.671,163.671,0.25,5.0,0.24,5.0,0.37,5.0,0.38,5.0,0.63,5.0,0.62,5.0,0.75,5.0,0.76,5.0,0.12,0.12,616.03694,1776222462000
1776222464.184,164.184,0.25,5.0,0.24,5.0,0.37,5.0,0.38,5.0,0.63,5.0,0.62,5.0,0.75,5.0,0.76,5.0,0.12,0.12,616.018096,1776222463000
1776222465.512,165.512,0.25,5.0,0.24,5.0,0.37,5.0,0.38,5.0,0.63,5.0,0.62,5.0,0.75,5.0,0.76,5.0,0.12,0.12,616.03509,1776222464000
1776222466.15,166.15,0.25,5.0,0.24,5.0,0.37,5.0,0.38,5.0,0.63,5.0,0.62,5.0,0.75,5.0,0.76,5.0,0.12,0.12,616.03617,1776222465000
1776222467.319,167.319,0.25,5.0,0.24,5.0,0.37,5.0,0.38,5.0,0.63,5.0,0.62,5.0,0.75,5.0,0.76,5.0,0.12,0.12,616.03358,1776222466000
1776222467.945,167.945,0.25,5.0,0.24,5.0,0.37,5.0,0.38,5.0,0.63,5.0,0.62,5.0,0.75,5.0,0.76,5.0,0.12,0.12,616.01838,1776222467000
1776222469.122,169.122,0.25,5.0,0.24,5.0,0.37,5.0,0.38,5.0,0.63,5.0,0.62,5.0,0.75,5.0,0.76,5.0,0.12,0.12,616.012798,1776222468000
1776222470.439,170.439,0.25,5.0,0.24,5.0,0.37,5.0,0.38,5.0,0.63,5.0,0.62,5.0,0.75,5.0,0.76,5.0,0.12,0.12,616.00369,1776222469000
1776222470.981,170.981,0.25,5.0,0.24,5.0,0.37,5.0,0.38,5.0,0.63,5.0,0.62,5.0,0.75,5.0,0.76,5.0,0.12,0.12,616.00387,1776222470000
1776222472.199,172.199,0.25,5.0,0.24,5.0,0.37,5.0,0.38,5.0,0.63,5.0,0.62,5.0,0.75,5.0,0.76,5.0,0.12,0.12,616.00405,1776222471000
1776222473.433,173.433,0.25,5.0,0.24,5.0,0.37,5.0,0.38,5.0,0.63,5.0,0.62,5.0,0.75,5.0,0.76,5.0,0.12,0.12,616.00374,1776222472000
1776222474.049,174.049,0.25,5.0,0.24,5.0,0.37,5.0,0.38,5.0,0.63,5.0,0.62,5.0,0.75,5.0,0.76,5.0,0.12,0.12,616.00393,1776222473000
1776222475.294,175.294,0.25,5.0,0.24,5.0,0.37,5.0,0.38,5.0,0.63,5.0,0.62,5.0,0.75,5.0,0.76,5.0,0.12,0.12,616.00433,1776222474000
1776222476.005,176.005,0.25,5.0,0.24,5.0,0.37,5.0,0.38,5.0,0.63,5.0,0.62,5.0,0.75,5.0,0.76,5.0,0.12,0.12,616.00432,1776222475000
1776222477.762,177.762,0.25,5.0,0.24,5.0,0.37,5.0,0.38,5.0,0.63,5.0,0.62,5.0,0.75,5.0,0.76,5.0,0.12,0.12,616.00214,1776222476000
1776222478.345,178.345,0.25,5.0,0.24,5.0,0.37,5.0,0.38,5.0,0.63,5.0,0.62,5.0,0.75,5.0,0.76,5.0,0.12,0.12,616.00189,1776222477000
1776222478.988,178.988,0.25,5.0,0.24,5.0,0.37,5.0,0.38,5.0,0.63,5.0,0.62,5.0,0.75,5.0,0.76,5.0,0.12,0.12,615.980736,1776222478000
1776222480.202,180.202,0.25,5.0,0.24,5.0,0.37,5.0,0.38,5.0,0.63,5.0,0.62,5.0,0.75,5.0,0.76,5.0,0.12,0.12,615.99978,1776222479000
1776222481.647,181.647,0.25,5.0,0.24,5.0,0.37,5.0,0.38,5.0,0.63,5.0,0.62,5.0,0.75,5.0,0.76,5.0,0.12,0.12,615.99083,1776222480000
1776222482.28,182.28,0.25,5.0,0.24,5.0,0.37,5.0,0.38,5.0,0.63,5.0,0.62,5.0,0.75,5.0,0.76,5.0,0.12,0.12,616.009779,1776222481000
1776222483.374,183.374,0.25,5.0,0.24,5.0,0.37,5.0,0.38,5.0,0.63,5.0,0.62,5.0,0.75,5.0,0.76,5.0,0.12,0.12,616.01072,1776222482000
1776222483.965,183.965,0.25,5.0,0.24,5.0,0.37,5.0,0.38,5.0,0.63,5.0,0.62,5.0,0.75,5.0,0.76,5.0,0.12,0.12,616.01072,1776222483000
1776222485.673,185.673,0.25,5.0,0.24,5.0,0.37,5.0,0.38,5.0,0.63,5.0,0.62,5.0,0.75,5.0,0.76,5.0,0.12,0.12,616.02432,1776222484000
1776222486.269,186.269,0.25,5.0,0.24,5.0,0.37,5.0,0.38,5.0,0.63,5.0,0.62,5.0,0.75,5.0,0.76,5.0,0.12,0.12,616.02484,1776222485000
1776222487.548,187.548,0.25,5.0,0.24,5.0,0.37,5.0,0.38,5.0,0.63,5.0,0.62,5.0,0.75,5.0,0.76,5.0,0.12,0.12,616.02456,1776222486000
1776222488.101,188.101,0.25,5.0,0.24,5.0,0.37,5.0,0.38,5.0,0.63,5.0,0.62,5.0,0.75,5.0,0.76,5.0,0.12,0.12,616.02065,1776222487000
1776222489.279,189.279,0.25,5.0,0.24,5.0,0.37,5.0,0.38,5.0,0.63,5.0,0.62,5.0,0.75,5.0,0.76,5.0,0.12,0.12,616.01914,1776222488000
1776222489.916,189.916,0.25,5.0,0.24,5.0,0.37,5.0,0.38,5.0,0.63,5.0,0.62,5.0,0.75,5.0,0.76,5.0,0.12,0.12,616.0252,1776222489000
1776222491.408,191.408,0.25,5.0,0.24,5.0,0.37,5.0,0.38,5.0,0.63,5.0,0.62,5.0,0.75,5.0,0.76,5.0,0.12,0.12,615.9929,1776222490000
1776222492.066,192.066,0.25,5.0,0.24,5.0,0.37,5.0,0.38,5.0,0.63,5.0,0.62,5.0,0.75,5.0,0.76,5.0,0.12,0.12,616.003972,1776222491000
1776222493.243,193.243,0.25,5.0,0.24,5.0,0.37,5.0,0.38,5.0,0.63,5.0,0.62,5.0,0.75,5.0,0.76,5.0,0.12,0.12,615.99919,1776222492000
1776222494.281,194.281,0.25,5.0,0.24,5.0,0.37,5.0,0.38,5.0,0.63,5.0,0.62,5.0,0.75,5.0,0.76,5.0,0.12,0.12,615.99651,1776222493000
1776222495.243,195.243,0.25,5.0,0.24,5.0,0.37,5.0,0.38,5.0,0.63,5.0,0.62,5.0,0.75,5.0,0.76,5.0,0.12,0.12,616.004395,1776222494000
1776222496.41,196.41,0.25,5.0,0.24,5.0,0.37,5.0,0.38,5.0,0.63,5.0,0.62,5.0,0.75,5.0,0.76,5.0,0.12,0.12,616.00306,1776222495000
1776222496.888,196.888,0.25,5.0,0.24,5.0,0.37,5.0,0.38,5.0,0.63,5.0,0.62,5.0,0.75,5.0,0.76,5.0,0.12,0.12,615.99124,1776222496000
1776222498.001,198.001,0.25,5.0,0.24,5.0,0.37,5.0,0.38,5.0,0.63,5.0,0.62,5.0,0.75,5.0,0.76,5.0,0.12,0.12,615.9754,1776222497000
1776222499.088,199.088,0.25,5.0,0.24,5.0,0.37,5.0,0.38,5.0,0.63,5.0,0.62,5.0,0.75,5.0,0.76,5.0,0.12,0.12,615.975363,1776222498000
1776222500.075,200.075,0.25,5.0,0.24,5.0,0.37,5.0,0.38,5.0,0.63,5.0,0.62,5.0,0.75,5.0,0.76,5.0,0.12,0.12,615.996621,1776222499000
1776222501.064,201.064,0.25,5.0,0.24,5.0,0.37,5.0,0.38,5.0,0.63,5.0,0.62,5.0,0.75,5.0,0.76,5.0,0.12,0.12,616.01085,1776222500000
1776222502.062,202.062,0.25,5.0,0.24,5.0,0.37,5.0,0.38,5.0,0.63,5.0,0.62,5.0,0.75,5.0,0.76,5.0,0.12,0.12,616.011293,1776222501000
1776222503.047,203.047,0.25,5.0,0.24,5.0,0.37,5.0,0.38,5.0,0.63,5.0,0.62,5.0,0.75,5.0,0.76,5.0,0.12,0.12,616.035,1776222502000
1776222504.083,204.083,0.25,5.0,0.24,5.0,0.37,5.0,0.38,5.0,0.63,5.0,0.62,5.0,0.75,5.0,0.76,5.0,0.12,0.12,616.035,1776222503000
1776222505.097,205.097,0.25,5.0,0.24,5.0,0.37,5.0,0.38,5.0,0.63,5.0,0.62,5.0,0.75,5.0,0.76,5.0,0.12,0.12,616.041,1776222504000
1776222506.131,206.131,0.25,5.0,0.24,5.0,0.37,5.0,0.38,5.0,0.63,5.0,0.62,5.0,0.75,5.0,0.76,5.0,0.12,0.12,616.04,1776222505000
1776222507.82,207.82,0.25,5.0,0.24,5.0,0.37,5.0,0.38,5.0,0.63,5.0,0.62,5.0,0.75,5.0,0.76,5.0,0.12,0.12,616.007404,1776222506000
1776222508.333,208.333,0.25,5.0,0.24,5.0,0.37,5.0,0.38,5.0,0.63,5.0,0.62,5.0,0.75,5.0,0.76,5.0,0.12,0.12,616.033,1776222507000
1776222509.096,209.096,0.25,5.0,0.24,5.0,0.37,5.0,0.38,5.0,0.63,5.0,0.62,5.0,0.75,5.0,0.76,5.0,0.12,0.12,616.033,1776222508000
1776222510.247,210.247,0.25,5.0,0.24,5.0,0.37,5.0,0.38,5.0,0.63,5.0,0.62,5.0,0.75,5.0,0.76,5.0,0.12,0.12,616.029,1776222509000
1776222511.257,211.257,0.25,5.0,0.24,5.0,0.37,5.0,0.38,5.0,0.63,5.0,0.62,5.0,0.75,5.0,0.76,5.0,0.12,0.12,616.028,1776222510000
1776222512.519,212.519,0.25,5.0,0.24,5.0,0.37,5.0,0.38,5.0,0.63,5.0,0.62,5.0,0.75,5.0,0.76,5.0,0.12,0.12,616.029,1776222511000
1776222513.074,213.074,0.25,5.0,0.24,5.0,0.37,5.0,0.38,5.0,0.63,5.0,0.62,5.0,0.75,5.0,0.76,5.0,0.12,0.12,616.024,1776222512000
1776222514.398,214.398,0.25,5.0,0.24,5.0,0.37,5.0,0.38,5.0,0.63,5.0,0.62,5.0,0.75,5.0,0.76,5.0,0.12,0.12,616.022,1776222513000
1776222515.069,215.069,0.25,5.0,0.24,5.0,0.37,5.0,0.38,5.0,0.63,5.0,0.62,5.0,0.75,5.0,0.76,5.0,0.12,0.12,616.022,1776222514000
1776222516.167,216.167,0.25,5.0,0.24,5.0,0.37,5.0,0.38,5.0,0.63,5.0,0.62,5.0,0.75,5.0,0.76,5.0,0.12,0.12,616.025,1776222515000
1776222517.63,217.63,0.25,5.0,0.24,5.0,0.37,5.0,0.38,5.0,0.63,5.0,0.62,5.0,0.75,5.0,0.76,5.0,0.12,0.12,616.024,1776222516000
1776222518.372,218.372,0.25,5.0,0.24,5.0,0.37,5.0,0.38,5.0,0.63,5.0,0.62,5.0,0.75,5.0,0.76,5.0,0.12,0.12,616.026,1776222517000
1776222519.376,219.376,0.25,5.0,0.24,5.0,0.37,5.0,0.38,5.0,0.63,5.0,0.62,5.0,0.75,5.0,0.76,5.0,0.12,0.12,616.028,1776222518000
1776222519.967,219.967,0.25,5.0,0.24,5.0,0.37,5.0,0.38,5.0,0.63,5.0,0.62,5.0,0.75,5.0,0.76,5.0,0.12,0.12,616.027,1776222519000
1776222521.087,221.087,0.25,5.0,0.24,5.0,0.37,5.0,0.38,5.0,0.63,5.0,0.62,5.0,0.75,5.0,0.76,5.0,0.12,0.12,616.028,1776222520000
1776222522.234,222.234,0.25,5.0,0.24,5.0,0.37,5.0,0.38,5.0,0.63,5.0,0.62,5.0,0.75,5.0,0.76,5.0,0.12,0.12,616.033,1776222521000
1776222522.912,222.912,0.25,5.0,0.24,5.0,0.37,5.0,0.38,5.0,0.63,5.0,0.62,5.0,0.75,5.0,0.76,5.0,0.12,0.12,616.033,1776222522000
1776222523.995,223.995,0.25,5.0,0.24,5.0,0.37,5.0,0.38,5.0,0.63,5.0,0.62,5.0,0.75,5.0,0.76,5.0,0.12,0.12,616.026,1776222523000
1776222524.938,224.938,0.25,5.0,0.24,5.0,0.37,5.0,0.38,5.0,0.63,5.0,0.62,5.0,0.75,5.0,0.76,5.0,0.12,0.12,616.034,1776222524000
1776222525.988,225.988,0.25,5.0,0.24,5.0,0.37,5.0,0.38,5.0,0.63,5.0,0.62,5.0,0.75,5.0,0.76,5.0,0.12,0.12,616.03,1776222525000
1776222526.923,226.923,0.25,5.0,0.24,5.0,0.37,5.0,0.38,5.0,0.63,5.0,0.62,5.0,0.75,5.0,0.76,5.0,0.12,0.12,616.033,1776222526000
1776222527.939,227.939,0.25,5.0,0.24,5.0,0.37,5.0,0.38,5.0,0.63,5.0,0.62,5.0,0.75,5.0,0.76,5.0,0.12,0.12,616.028,1776222527000
1776222528.932,228.932,0.25,5.0,0.24,5.0,0.37,5.0,0.38,5.0,0.63,5.0,0.62,5.0,0.75,5.0,0.76,5.0,0.12,0.12,616.033,1776222528000
1776222529.896,229.896,0.25,5.0,0.24,5.0,0.37,5.0,0.38,5.0,0.63,5.0,0.62,5.0,0.75,5.0,0.76,5.0,0.12,0.12,616.037,1776222529000
1776222530.893,230.893,0.25,5.0,0.24,5.0,0.37,5.0,0.38,5.0,0.63,5.0,0.62,5.0,0.75,5.0,0.76,5.0,0.12,0.12,616.041,1776222530000
1776222531.921,231.921,0.25,5.0,0.24,5.0,0.37,5.0,0.38,5.0,0.63,5.0,0.62,5.0,0.75,5.0,0.76,5.0,0.12,0.12,616.044,1776222531000
1776222532.871,232.871,0.25,5.0,0.24,5.0,0.37,5.0,0.38,5.0,0.63,5.0,0.62,5.0,0.75,5.0,0.76,5.0,0.12,0.12,616.013669,1776222532000
1776222533.875,233.875,0.25,5.0,0.24,5.0,0.37,5.0,0.38,5.0,0.63,5.0,0.62,5.0,0.75,5.0,0.76,5.0,0.12,0.12,616.02103,1776222533000
1776222534.932,234.932,0.25,5.0,0.24,5.0,0.37,5.0,0.38,5.0,0.63,5.0,0.62,5.0,0.75,5.0,0.76,5.0,0.12,0.12,616.03086,1776222534000
1776222535.908,235.908,0.25,5.0,0.24,5.0,0.37,5.0,0.38,5.0,0.63,5.0,0.62,5.0,0.75,5.0,0.76,5.0,0.12,0.12,616.03095,1776222535000
1776222537.533,237.533,0.25,5.0,0.24,5.0,0.37,5.0,0.38,5.0,0.63,5.0,0.62,5.0,0.75,5.0,0.76,5.0,0.12,0.12,616.01835,1776222536000
1776222538.08,238.08,0.25,5.0,0.24,5.0,0.37,5.0,0.38,5.0,0.63,5.0,0.62,5.0,0.75,5.0,0.76,5.0,0.12,0.12,616.01841,1776222537000
1776222539.251,239.251,0.25,5.0,0.24,5.0,0.37,5.0,0.38,5.0,0.63,5.0,0.62,5.0,0.75,5.0,0.76,5.0,0.12,0.12,616.01835,1776222538000
1776222540.332,240.332,0.25,5.0,0.24,5.0,0.37,5.0,0.38,5.0,0.63,5.0,0.62,5.0,0.75,5.0,0.76,5.0,0.12,0.12,616.0,1776222539000
1776222540.905,240.905,0.25,5.0,0.24,5.0,0.37,5.0,0.38,5.0,0.63,5.0,0.62,5.0,0.75,5.0,0.76,5.0,0.12,0.12,616.0,1776222540000
1776222542.073,242.073,0.25,5.0,0.24,5.0,0.37,5.0,0.38,5.0,0.63,5.0,0.62,5.0,0.75,5.0,0.76,5.0,0.12,0.12,615.98606,1776222541000
1776222543.126,243.126,0.25,5.0,0.24,5.0,0.37,5.0,0.38,5.0,0.63,5.0,0.62,5.0,0.75,5.0,0.76,5.0,0.12,0.12,615.952,1776222542000
1776222544.198,244.198,0.25,5.0,0.24,5.0,0.37,5.0,0.38,5.0,0.63,5.0,0.62,5.0,0.75,5.0,0.76,5.0,0.12,0.12,615.946,1776222543000
1776222545.28,245.28,0.25,5.0,0.24,5.0,0.37,5.0,0.38,5.0,0.63,5.0,0.62,5.0,0.75,5.0,0.76,5.0,0.12,0.12,615.946,1776222544000
1776222546.438,246.438,0.25,5.0,0.24,5.0,0.37,5.0,0.38,5.0,0.63,5.0,0.62,5.0,0.75,5.0,0.76,5.0,0.12,0.12,615.938,1776222545000
1776222546.905,246.905,0.25,5.0,0.24,5.0,0.37,5.0,0.38,5.0,0.63,5.0,0.62,5.0,0.75,5.0,0.76,5.0,0.12,0.12,615.936,1776222546000
1776222547.973,247.973,0.25,5.0,0.24,5.0,0.37,5.0,0.38,5.0,0.63,5.0,0.62,5.0,0.75,5.0,0.76,5.0,0.12,0.12,615.936,1776222547000
1776222549.091,249.091,0.25,5.0,0.24,5.0,0.37,5.0,0.38,5.0,0.63,5.0,0.62,5.0,0.75,5.0,0.76,5.0,0.12,0.12,615.943,1776222548000
1776222550.252,250.252,0.25,5.0,0.24,5.0,0.37,5.0,0.38,5.0,0.63,5.0,0.62,5.0,0.75,5.0,0.76,5.0,0.12,0.12,615.945,1776222549000
1776222551.104,251.104,0.25,5.0,0.24,5.0,0.37,5.0,0.38,5.0,0.63,5.0,0.62,5.0,0.75,5.0,0.76,5.0,0.12,0.12,615.945,1776222550000
1776222552.235,252.235,0.25,5.0,0.24,5.0,0.37,5.0,0.38,5.0,0.63,5.0,0.62,5.0,0.75,5.0,0.76,5.0,0.12,0.12,615.96,1776222551000
1776222553.333,253.333,0.25,5.0,0.24,5.0,0.37,5.0,0.38,5.0,0.63,5.0,0.62,5.0,0.75,5.0,0.76,5.0,0.12,0.12,615.961,1776222552000
1776222553.843,253.843,0.25,5.0,0.24,5.0,0.37,5.0,0.38,5.0,0.63,5.0,0.62,5.0,0.75,5.0,0.76,5.0,0.12,0.12,615.961,1776222553000
1776222555.04,255.04,0.25,5.0,0.24,5.0,0.37,5.0,0.38,5.0,0.63,5.0,0.62,5.0,0.75,5.0,0.76,5.0,0.12,0.12,615.96647,1776222554000
1776222556.159,256.159,0.25,5.0,0.24,5.0,0.37,5.0,0.38,5.0,0.63,5.0,0.62,5.0,0.75,5.0,0.76,5.0,0.12,0.12,615.955753,1776222555000
1776222557.148,257.148,0.25,5.0,0.24,5.0,0.37,5.0,0.38,5.0,0.63,5.0,0.62,5.0,0.75,5.0,0.76,5.0,0.12,0.12,615.955,1776222556000
1776222558.216,258.216,0.25,5.0,0.24,5.0,0.37,5.0,0.38,5.0,0.63,5.0,0.62,5.0,0.75,5.0,0.76,5.0,0.12,0.12,615.953,1776222557000
1776222559.293,259.293,0.25,5.0,0.24,5.0,0.37,5.0,0.38,5.0,0.63,5.0,0.62,5.0,0.75,5.0,0.76,5.0,0.12,0.12,615.953,1776222558000
1776222560.325,260.325,0.25,5.0,0.24,5.0,0.37,5.0,0.38,5.0,0.63,5.0,0.62,5.0,0.75,5.0,0.76,5.0,0.12,0.12,615.955,1776222559000
1776222560.89,260.89,0.25,5.0,0.24,5.0,0.37,5.0,0.38,5.0,0.63,5.0,0.62,5.0,0.75,5.0,0.76,5.0,0.12,0.12,615.955,1776222560000
1776222561.999,261.999,0.25,5.0,0.24,5.0,0.37,5.0,0.38,5.0,0.63,5.0,0.62,5.0,0.75,5.0,0.76,5.0,0.12,0.12,615.952,1776222561000
1776222563.104,263.104,0.25,5.0,0.24,5.0,0.37,5.0,0.38,5.0,0.63,5.0,0.62,5.0,0.75,5.0,0.76,5.0,0.12,0.12,615.924,1776222562000
1776222564.136,264.136,0.25,5.0,0.24,5.0,0.37,5.0,0.38,5.0,0.63,5.0,0.62,5.0,0.75,5.0,0.76,5.0,0.12,0.12,615.918,1776222563000
1776222565.1,265.1,0.25,5.0,0.24,5.0,0.37,5.0,0.38,5.0,0.63,5.0,0.62,5.0,0.75,5.0,0.76,5.0,0.12,0.12,615.918,1776222564000
1776222566.15,266.15,0.25,5.0,0.24,5.0,0.37,5.0,0.38,5.0,0.63,5.0,0.62,5.0,0.75,5.0,0.76,5.0,0.12,0.12,615.931,1776222565000
1776222567.654,267.654,0.25,5.0,0.24,5.0,0.37,5.0,0.38,5.0,0.63,5.0,0.62,5.0,0.75,5.0,0.76,5.0,0.12,0.12,615.929,1776222566000
1776222568.245,268.245,0.25,5.0,0.24,5.0,0.37,5.0,0.38,5.0,0.63,5.0,0.62,5.0,0.75,5.0,0.76,5.0,0.12,0.12,615.918,1776222567000
1776222568.474,268.474,0.03,100.0,0.02,10.0,0.05,59.7,0.06,46.1,0.63,5.0,0.62,5.0,0.75,5.0,0.76,5.0,0.02,0.12,615.918,1776222567000
1776222569.388,269.388,0.03,100.0,0.02,10.0,0.05,59.7,0.06,46.1,0.95,59.7,0.94,46.1,0.97,100.0,0.98,10.0,0.02,0.02,615.916,1776222568000
1776222569.913,269.913,0.03,100.0,0.02,10.0,0.05,59.7,0.06,46.1,0.95,59.7,0.94,46.1,0.97,100.0,0.98,10.0,0.02,0.02,615.916,1776222569000
1776222571.083,271.083,0.03,100.0,0.02,10.0,0.05,59.7,0.06,46.1,0.95,59.7,0.94,46.1,0.97,100.0,0.98,10.0,0.02,0.02,615.916,1776222570000
1776222571.811,271.811,0.03,80.0,0.02,10.0,0.04,67.7,0.05,54.7,0.95,59.7,0.94,46.1,0.97,100.0,0.98,10.0,0.01,0.02,615.916,1776222570000
1776222572.153,272.153,0.03,78.24,0.02,10.0,0.05,54.7,0.06,46.1,0.95,54.7,0.94,46.1,0.97,78.24,0.98,10.0,0.02,0.02,615.917354,1776222571000
1776222573.222,273.222,0.03,77.24,0.02,142.69,0.05,54.7,0.06,46.1,0.95,54.7,0.94,46.1,0.97,77.24,0.98,142.69,0.02,0.02,615.93848,1776222572000
1776222574.208,274.208,0.03,77.24,0.02,142.69,0.05,54.7,0.06,46.1,0.95,54.7,0.94,46.1,0.97,77.24,0.98,142.69,0.02,0.02,615.92689,1776222573000
1776222575.173,275.173,0.03,77.24,0.02,142.69,0.05,54.7,0.06,46.1,0.95,54.7,0.94,46.1,0.97,77.24,0.98,142.69,0.02,0.02,615.95095,1776222574000
1776222576.299,276.299,0.03,77.24,0.02,142.69,0.05,54.7,0.06,46.1,0.95,54.7,0.94,46.1,0.97,77.24,0.98,142.69,0.02,0.02,615.96838,1776222575000
1776222577.42,277.42,0.03,77.24,0.02,142.69,0.05,54.7,0.06,46.1,0.95,54.7,0.94,46.1,0.97,77.24,0.98,142.69,0.02,0.02,615.96613,1776222576000
1776222577.976,277.976,0.03,77.24,0.02,142.69,0.05,54.7,0.06,46.1,0.95,54.7,0.94,46.1,0.97,77.24,0.98,142.69,0.02,0.02,615.94643,1776222577000
1776222579.392,279.392,0.03,77.24,0.02,142.69,0.05,54.7,0.06,46.1,0.95,54.7,0.94,46.1,0.97,77.24,0.98,142.69,0.02,0.02,615.9475,1776222578000
1776222580.256,280.256,0.03,77.24,0.02,142.69,0.05,54.7,0.06,46.1,0.95,54.7,0.94,46.1,0.97,77.24,0.98,142.69,0.02,0.02,615.95205,1776222579000
1776222581.291,281.291,0.03,77.24,0.02,142.69,0.05,54.7,0.06,46.1,0.95,54.7,0.94,46.1,0.97,77.24,0.98,142.69,0.02,0.02,615.9547,1776222580000
1776222582.45,282.45,0.03,77.24,0.02,142.69,0.05,54.7,0.06,46.1,0.95,54.7,0.94,46.1,0.97,77.24,0.98,142.69,0.02,0.02,615.979507,1776222581000
1776222582.952,282.952,0.03,77.24,0.02,142.69,0.05,54.7,0.06,46.1,0.95,54.7,0.94,46.1,0.97,77.24,0.98,142.69,0.02,0.02,615.987994,1776222582000
1776222583.993,283.993,0.03,77.24,0.02,142.69,0.05,54.7,0.06,46.1,0.95,54.7,0.94,46.1,0.97,77.24,0.98,142.69,0.02,0.02,615.985359,1776222583000
1776222584.598,284.598,0.03,67.21,0.02,10.0,0.04,5.0,0.21,50.0,0.95,54.7,0.94,46.1,0.97,77.24,0.98,142.69,0.01,0.02,615.985359,1776222583000
1776222584.968,284.968,0.03,67.21,0.02,10.0,0.04,5.0,0.21,50.0,0.96,5.0,0.79,50.0,0.97,67.21,0.98,10.0,0.01,0.01,616.0,1776222584000
1776222586.055,286.055,0.03,67.21,0.02,10.0,0.04,5.0,0.21,50.0,0.96,5.0,0.79,50.0,0.97,67.21,0.98,10.0,0.01,0.01,616.001,1776222585000
1776222587.08,287.08,0.03,67.21,0.02,10.0,0.04,5.0,0.21,50.0,0.96,5.0,0.79,50.0,0.97,67.21,0.98,10.0,0.01,0.01,616.001,1776222586000
1776222588.083,288.083,0.03,67.21,0.02,10.0,0.04,5.0,0.21,50.0,0.96,5.0,0.79,50.0,0.97,67.21,0.98,10.0,0.01,0.01,616.002169,1776222587000
1776222588.485,288.485,0.03,60.95,0.02,10.0,0.04,5.0,0.21,50.0,0.96,5.0,0.79,50.0,0.97,67.21,0.98,10.0,0.01,0.01,616.002169,1776222587000
1776222590.103,290.103,0.03,60.95,0.02,10.0,0.04,5.0,0.21,50.0,0.96,5.0,0.79,50.0,0.97,60.95,0.98,10.0,0.01,0.01,615.995381,1776222589000
1776222591.199,291.199,0.03,44.37,0.02,10.0,0.04,5.0,0.21,50.0,0.96,5.0,0.79,50.0,0.97,44.37,0.98,10.0,0.01,0.01,615.995537,1776222590000
1776222592.117,292.117,0.03,44.37,0.02,10.0,0.04,5.0,0.21,50.0,0.96,5.0,0.79,50.0,0.97,44.37,0.98,10.0,0.01,0.01,616.0,1776222591000
1776222593.15,293.15,0.03,11.01,0.02,10.0,0.04,5.0,0.11,50.0,0.96,5.0,0.89,50.0,0.97,11.01,0.98,10.0,0.01,0.01,616.0,1776222592000
1776222594.242,294.242,0.03,11.01,0.02,10.0,0.04,5.0,0.11,50.0,0.96,5.0,0.89,50.0,0.97,11.01,0.98,10.0,0.01,0.01,616.0,1776222593000
1776222595.231,295.231,0.02,10.0,0.01,130.0,0.03,5.0,0.04,5.0,0.97,5.0,0.96,5.0,0.98,10.0,0.99,130.0,0.01,0.01,616.002,1776222594000
1776222596.291,296.291,0.02,10.0,0.01,130.0,0.03,5.0,0.04,5.0,0.97,5.0,0.96,5.0,0.98,10.0,0.99,130.0,0.01,0.01,616.004,1776222595000
1776222596.549,296.549,0.01,128.88,,,0.03,5.0,0.04,5.0,0.97,5.0,0.96,5.0,0.99,130.0,,,0.02,0.02,616.004,1776222595000
1776222597.366,297.366,0.01,114.73,,,0.03,10.0,0.04,5.0,0.97,5.0,0.96,5.0,0.99,128.88,,,0.02,0.02,616.004,1776222595000
1776222597.641,297.641,0.01,92.57,,,0.03,10.0,0.11,50.0,0.97,10.0,0.96,5.0,0.99,97.62,,,0.02,0.02,616.004,1776222595000
1776222597.912,297.912,0.01,31.04,,,0.03,10.0,0.11,50.0,0.97,10.0,0.89,50.0,0.99,41.04,,,0.02,0.02,616.004,1776222595000
1776222598.151,298.151,0.01,0.04,,,0.03,10.0,0.11,50.0,0.97,10.0,0.89,50.0,0.99,11.04,,,0.02,0.02,616.008,1776222596000
1776222598.943,298.943,,,,,0.03,10.0,0.11,50.0,0.97,10.0,0.89,50.0,,,,,,,616.008,1776222596000
1776222599.887,299.887,,,,,0.03,10.0,0.11,50.0,0.97,10.0,0.89,50.0,,,,,,,615.98686,1776222598000
1776222600.475,300.475,,,,,0.03,10.0,0.11,50.0,0.97,10.0,0.89,50.0,,,,,,,615.99349,1776222599000
1776222601.212,301.212,,,,,0.03,10.0,0.11,50.0,0.97,10.0,0.89,50.0,,,,,,,615.993012,1776222600000
1776222602.53,302.53,,,,,0.03,10.0,0.11,50.0,0.97,10.0,0.89,50.0,,,,,,,615.97268,1776222601000

# RESULT,winner=Down,slug=bnb-updown-5m-1776222300,ticks=295
