timestamp,elapsed_sec,up_bid_p1,up_bid_s1,up_bid_p2,up_bid_s2,up_ask_p1,up_ask_s1,up_ask_p2,up_ask_s2,down_bid_p1,down_bid_s1,down_bid_p2,down_bid_s2,down_ask_p1,down_ask_s1,down_ask_p2,down_ask_s2,up_spread,down_spread,bnb_price,bnb_oracle_ts
1776326100.504,0.504,0.5,4.0,0.41,37.0,0.59,37.0,0.6,33.0,0.41,37.0,0.4,33.0,0.5,4.0,0.59,37.0,0.09,0.09,622.091,1776326099000
1776326101.854,1.854,0.5,4.0,0.41,37.0,0.59,37.0,0.6,33.0,0.41,37.0,0.4,33.0,0.5,4.0,0.59,37.0,0.09,0.09,622.105,1776326100000
1776326102.611,2.611,0.5,4.0,0.41,37.0,0.59,37.0,0.6,33.0,0.41,37.0,0.4,33.0,0.5,4.0,0.59,37.0,0.09,0.09,622.112,1776326101000
1776326103.578,3.578,0.5,4.0,0.41,37.0,0.59,37.0,0.6,33.0,0.41,37.0,0.4,33.0,0.5,4.0,0.59,37.0,0.09,0.09,622.112,1776326102000
1776326104.268,4.268,0.5,4.0,0.41,37.0,0.59,37.0,0.6,33.0,0.41,37.0,0.4,33.0,0.5,4.0,0.59,37.0,0.09,0.09,622.098,1776326103000
1776326105.088,5.088,0.5,4.0,0.41,37.0,0.59,37.0,0.6,33.0,0.41,37.0,0.4,33.0,0.5,4.0,0.59,37.0,0.09,0.09,622.098,1776326104000
1776326106.446,6.446,0.5,4.0,0.41,37.0,0.59,37.0,0.6,33.0,0.41,37.0,0.4,33.0,0.5,4.0,0.59,37.0,0.09,0.09,622.104,1776326105000
1776326107.046,7.046,0.52,5.0,0.51,5.0,0.54,8.0,0.65,5.0,0.41,37.0,0.4,33.0,0.5,4.0,0.59,37.0,0.02,0.09,622.104,1776326105000
1776326107.447,7.447,0.53,11.0,0.52,5.0,0.54,1.0,0.61,5.0,0.46,8.0,0.35,5.0,0.48,5.0,0.49,5.0,0.01,0.02,622.104,1776326106000
1776326108.743,8.743,0.53,6.0,0.52,5.0,0.66,10.0,0.67,5.0,0.46,1.0,0.39,5.0,0.47,6.0,0.48,5.0,0.13,0.01,622.104,1776326106000
1776326109.377,9.377,0.53,6.0,0.52,5.0,0.66,10.0,0.67,5.0,0.34,10.0,0.33,5.0,0.47,6.0,0.48,5.0,0.13,0.13,622.13296,1776326108000
1776326109.647,9.647,0.64,5.0,0.63,5.0,0.66,11.0,0.68,5.0,0.34,10.0,0.33,5.0,0.47,6.0,0.48,5.0,0.02,0.13,622.13296,1776326108000
1776326110.167,10.167,0.64,5.0,0.63,5.0,0.66,11.0,0.68,5.0,0.34,11.0,0.32,5.0,0.36,5.0,0.37,5.0,0.02,0.02,622.140572,1776326109000
1776326111.709,11.709,0.64,5.0,0.63,5.0,0.66,11.0,0.68,5.0,0.34,11.0,0.32,5.0,0.36,5.0,0.37,5.0,0.02,0.02,622.204761,1776326110000
1776326112.449,12.449,0.64,5.0,0.63,5.0,0.66,11.0,0.68,5.0,0.34,11.0,0.32,5.0,0.36,5.0,0.37,5.0,0.02,0.02,622.201882,1776326111000
1776326113.055,13.055,0.61,0.89,0.6,5.0,0.63,11.0,0.64,10.0,0.37,11.0,0.36,10.0,0.39,0.89,0.4,5.0,0.02,0.02,622.201054,1776326112000
1776326114.596,14.596,0.61,0.89,0.6,5.0,0.63,11.0,0.64,10.0,0.37,11.0,0.36,10.0,0.39,0.89,0.4,5.0,0.02,0.02,622.209826,1776326113000
1776326115.277,15.277,0.61,0.89,0.6,5.0,0.63,11.0,0.64,10.0,0.37,11.0,0.36,10.0,0.39,0.89,0.4,5.0,0.02,0.02,622.210596,1776326114000
1776326116.023,16.023,0.61,0.89,0.6,5.0,0.63,11.0,0.64,10.0,0.37,11.0,0.36,10.0,0.39,0.89,0.4,5.0,0.02,0.02,622.210596,1776326115000
1776326117.668,17.668,0.58,5.0,0.57,5.0,0.6,5.0,0.61,5.0,0.4,5.0,0.39,5.0,0.42,5.0,0.43,5.0,0.02,0.02,622.21056,1776326116000
1776326118.315,18.315,0.58,5.0,0.57,5.0,0.6,5.0,0.61,5.0,0.4,5.0,0.39,5.0,0.42,5.0,0.43,5.0,0.02,0.02,622.215441,1776326117000
1776326119.075,19.075,0.58,5.0,0.57,5.0,0.6,5.0,0.61,5.0,0.4,5.0,0.39,5.0,0.42,5.0,0.43,5.0,0.02,0.02,622.221169,1776326118000
1776326120.164,20.164,0.58,5.0,0.57,5.0,0.6,5.0,0.61,5.0,0.4,5.0,0.39,5.0,0.42,5.0,0.43,5.0,0.02,0.02,622.227006,1776326119000
1776326121.277,21.277,0.58,5.0,0.57,5.0,0.6,5.0,0.61,5.0,0.4,5.0,0.39,5.0,0.42,5.0,0.43,5.0,0.02,0.02,622.227219,1776326120000
1776326122.45,22.45,0.58,5.0,0.57,5.0,0.6,5.0,0.61,5.0,0.4,5.0,0.39,5.0,0.42,5.0,0.43,5.0,0.02,0.02,622.232131,1776326121000
1776326122.809,22.809,0.63,5.0,0.62,5.0,0.64,3.43,0.67,5.0,0.4,5.0,0.39,5.0,0.42,5.0,0.43,5.0,0.01,0.02,622.232131,1776326121000
1776326123.162,23.162,0.63,5.0,0.62,5.0,0.64,3.43,0.67,5.0,0.36,3.43,0.33,5.0,0.37,5.0,0.38,5.0,0.01,0.01,622.23366,1776326122000
1776326124.289,24.289,0.63,5.0,0.62,5.0,0.64,3.43,0.67,5.0,0.36,3.43,0.33,5.0,0.37,5.0,0.38,5.0,0.01,0.01,622.250744,1776326123000
1776326125.623,25.623,0.63,5.0,0.62,5.0,0.64,3.43,0.67,5.0,0.36,3.43,0.33,5.0,0.37,5.0,0.38,5.0,0.01,0.01,622.331,1776326124000
1776326126.172,26.172,0.63,5.0,0.62,5.0,0.64,4.43,0.66,5.0,0.36,4.43,0.34,5.0,0.37,5.0,0.38,5.0,0.01,0.01,622.331,1776326125000
1776326127.394,27.394,0.63,5.0,0.62,5.0,0.64,4.43,0.66,5.0,0.36,4.43,0.34,5.0,0.37,5.0,0.38,5.0,0.01,0.01,622.335,1776326126000
1776326127.983,27.983,0.63,5.0,0.62,5.0,0.64,4.43,0.66,5.0,0.36,4.43,0.34,5.0,0.37,5.0,0.38,5.0,0.01,0.01,622.344,1776326127000
1776326128.832,28.832,0.66,5.0,0.65,5.0,0.68,2.57,0.69,5.0,0.36,4.43,0.34,5.0,0.37,5.0,0.38,5.0,0.02,0.01,622.344,1776326127000
1776326129.268,29.268,0.66,5.0,0.65,5.0,0.68,2.57,0.69,5.0,0.32,2.57,0.31,5.0,0.34,5.0,0.35,5.0,0.02,0.02,622.352,1776326128000
1776326130.103,30.103,0.66,2.05,0.65,5.0,0.67,5.0,0.68,2.57,0.32,2.57,0.31,5.0,0.34,5.0,0.35,5.0,0.01,0.02,622.352,1776326128000
1776326131.387,31.387,0.66,2.05,0.65,5.0,0.67,5.0,0.68,2.57,0.33,5.0,0.32,2.57,0.34,2.05,0.35,5.0,0.01,0.01,622.357959,1776326130000
1776326132.021,32.021,0.66,2.05,0.65,5.0,0.67,5.0,0.68,2.57,0.33,5.0,0.32,2.57,0.34,2.05,0.35,5.0,0.01,0.01,622.357959,1776326131000
1776326133.146,33.146,0.66,2.05,0.65,5.0,0.67,5.0,0.68,2.57,0.33,5.0,0.32,2.57,0.34,2.05,0.35,5.0,0.01,0.01,622.351926,1776326132000
1776326134.398,34.398,0.66,2.05,0.65,5.0,0.67,5.0,0.68,2.57,0.33,5.0,0.32,2.57,0.34,2.05,0.35,5.0,0.01,0.01,622.351442,1776326133000
1776326135.45,35.45,0.66,2.05,0.65,5.0,0.67,5.0,0.68,2.57,0.33,5.0,0.32,2.57,0.34,2.05,0.35,5.0,0.01,0.01,622.351886,1776326134000
1776326135.936,35.936,0.66,2.05,0.65,5.0,0.67,5.0,0.68,2.57,0.33,5.0,0.32,2.57,0.34,2.05,0.35,5.0,0.01,0.01,622.351886,1776326135000
1776326136.998,36.998,0.66,2.05,0.65,5.0,0.67,5.0,0.68,2.57,0.33,5.0,0.32,2.57,0.34,2.05,0.35,5.0,0.01,0.01,622.355487,1776326136000
1776326138.151,38.151,0.66,2.05,0.65,5.0,0.67,5.0,0.68,2.57,0.33,5.0,0.32,2.57,0.34,2.05,0.35,5.0,0.01,0.01,622.355487,1776326137000
1776326139.13,39.13,0.65,5.0,0.64,5.0,0.66,3.48,0.67,5.0,0.34,3.48,0.33,5.0,0.35,5.0,0.36,5.0,0.01,0.01,622.3545,1776326138000
1776326140.167,40.167,0.65,5.0,0.64,5.0,0.66,3.48,0.67,5.0,0.34,3.48,0.33,5.0,0.35,5.0,0.36,5.0,0.01,0.01,622.355958,1776326139000
1776326141.165,41.165,0.65,5.0,0.64,5.0,0.66,3.48,0.67,5.0,0.34,3.48,0.33,5.0,0.35,5.0,0.36,5.0,0.01,0.01,622.356969,1776326140000
1776326142.245,42.245,0.65,5.0,0.64,5.0,0.66,3.48,0.67,5.0,0.34,3.48,0.33,5.0,0.35,5.0,0.36,5.0,0.01,0.01,622.371,1776326141000
1776326143.243,43.243,0.65,5.0,0.64,5.0,0.66,3.48,0.67,5.0,0.34,3.48,0.33,5.0,0.35,5.0,0.36,5.0,0.01,0.01,622.365056,1776326142000
1776326144.308,44.308,0.65,5.0,0.64,5.0,0.66,3.48,0.67,5.0,0.34,3.48,0.33,5.0,0.35,5.0,0.36,5.0,0.01,0.01,622.363931,1776326143000
1776326144.851,44.851,0.65,5.0,0.64,5.0,0.66,3.48,0.67,5.0,0.34,3.48,0.33,5.0,0.35,5.0,0.36,5.0,0.01,0.01,622.356969,1776326144000
1776326145.916,45.916,0.65,5.0,0.64,5.0,0.66,3.48,0.67,5.0,0.34,3.48,0.33,5.0,0.35,5.0,0.36,5.0,0.01,0.01,622.356969,1776326145000
1776326146.903,46.903,0.65,5.0,0.64,5.0,0.66,3.48,0.67,5.0,0.34,3.48,0.33,5.0,0.35,5.0,0.36,5.0,0.01,0.01,622.356969,1776326146000
1776326147.958,47.958,0.65,5.0,0.64,5.0,0.66,3.48,0.67,5.0,0.34,3.48,0.33,5.0,0.35,5.0,0.36,5.0,0.01,0.01,622.356969,1776326147000
1776326149.286,49.286,0.65,5.0,0.64,5.0,0.66,3.48,0.67,5.0,0.34,3.48,0.33,5.0,0.35,5.0,0.36,5.0,0.01,0.01,622.370146,1776326148000
1776326149.816,49.816,0.74,5.0,0.73,5.0,0.75,3.66,0.76,5.0,0.34,3.48,0.33,5.0,0.35,5.0,0.36,5.0,0.01,0.01,622.370146,1776326148000
1776326151.29,51.29,0.74,5.0,0.73,5.0,0.75,3.66,0.76,5.0,0.25,3.66,0.24,5.0,0.26,5.0,0.27,5.0,0.01,0.01,622.420896,1776326149000
1776326151.801,51.801,0.74,5.0,0.73,5.0,0.75,3.66,0.76,5.0,0.25,3.66,0.24,5.0,0.26,5.0,0.27,5.0,0.01,0.01,622.478,1776326150000
1776326152.708,52.708,0.74,5.0,0.73,5.0,0.75,3.66,0.76,5.0,0.25,3.66,0.24,5.0,0.26,5.0,0.27,5.0,0.01,0.01,622.476,1776326151000
1776326153.509,53.509,0.74,5.0,0.73,5.0,0.75,3.66,0.76,5.0,0.25,3.66,0.24,5.0,0.26,5.0,0.27,5.0,0.01,0.01,622.45,1776326152000
1776326154.109,54.109,0.71,5.0,0.7,10.0,0.74,3.4,0.75,3.66,0.25,3.66,0.24,5.0,0.26,5.0,0.27,5.0,0.03,0.01,622.45,1776326152000
1776326154.69,54.69,0.72,5.0,0.71,5.0,0.74,2.04,0.75,3.66,0.26,3.4,0.25,3.66,0.29,5.0,0.3,10.0,0.02,0.03,622.45,1776326153000
1776326155.583,55.583,0.72,5.0,0.71,5.0,0.74,2.04,0.75,3.66,0.26,2.04,0.25,3.66,0.28,5.0,0.29,5.0,0.02,0.02,622.445,1776326154000
1776326156.217,56.217,0.72,5.0,0.71,5.0,0.74,2.04,0.75,3.66,0.26,2.04,0.25,3.66,0.28,5.0,0.29,5.0,0.02,0.02,622.451,1776326155000
1776326157.655,57.655,0.72,5.0,0.71,5.0,0.74,2.04,0.75,3.66,0.26,2.04,0.25,3.66,0.28,5.0,0.29,5.0,0.02,0.02,622.496,1776326156000
1776326158.467,58.467,0.72,5.0,0.71,5.0,0.74,2.04,0.75,3.66,0.26,2.04,0.25,3.66,0.28,5.0,0.29,5.0,0.02,0.02,622.496,1776326157000
1776326159.321,59.321,0.72,5.0,0.71,5.0,0.74,2.04,0.75,3.66,0.26,2.04,0.25,3.66,0.28,5.0,0.29,5.0,0.02,0.02,622.495,1776326158000
1776326160.32,60.32,0.72,5.0,0.71,5.0,0.74,2.04,0.75,3.66,0.26,2.04,0.25,3.66,0.28,5.0,0.29,5.0,0.02,0.02,622.495,1776326159000
1776326161.6,61.6,0.72,5.0,0.71,5.0,0.74,2.04,0.75,3.66,0.26,2.04,0.25,3.66,0.28,5.0,0.29,5.0,0.02,0.02,622.456,1776326160000
1776326162.383,62.383,0.72,5.0,0.71,5.0,0.74,2.04,0.75,3.66,0.26,2.04,0.25,3.66,0.28,5.0,0.29,5.0,0.02,0.02,622.456,1776326161000
1776326163.297,63.297,0.72,5.0,0.71,5.0,0.74,2.04,0.75,3.66,0.26,2.04,0.25,3.66,0.28,5.0,0.29,5.0,0.02,0.02,622.453,1776326162000
1776326163.532,63.532,0.75,5.0,0.74,5.0,0.76,4.0,0.77,5.0,0.26,2.04,0.25,3.66,0.28,5.0,0.29,5.0,0.01,0.02,622.453,1776326162000
1776326164.107,64.107,0.75,5.0,0.74,5.0,0.76,4.0,0.77,5.0,0.24,4.0,0.23,5.0,0.25,5.0,0.26,5.0,0.01,0.01,622.464,1776326163000
1776326165.583,65.583,0.75,5.0,0.74,5.0,0.76,4.0,0.77,5.0,0.24,4.0,0.23,5.0,0.25,5.0,0.26,5.0,0.01,0.01,622.464436,1776326164000
1776326166.375,66.375,0.75,5.0,0.74,5.0,0.76,4.0,0.77,5.0,0.24,4.0,0.23,5.0,0.25,5.0,0.26,5.0,0.01,0.01,622.464436,1776326165000
1776326167.141,67.141,0.75,5.0,0.74,5.0,0.76,4.0,0.77,5.0,0.24,4.0,0.23,5.0,0.25,5.0,0.26,5.0,0.01,0.01,622.505628,1776326166000
1776326167.67,67.67,0.8,5.0,0.79,10.0,0.81,54.76,0.82,5.0,0.24,4.0,0.23,5.0,0.25,5.0,0.26,5.0,0.01,0.01,622.505628,1776326166000
1776326169.055,69.055,0.8,5.0,0.79,10.0,0.81,54.76,0.82,5.0,0.19,54.76,0.18,5.0,0.2,5.0,0.21,10.0,0.01,0.01,622.590389,1776326168000
1776326170.049,70.049,0.8,5.0,0.79,10.0,0.81,54.76,0.82,5.0,0.19,54.76,0.18,5.0,0.2,5.0,0.21,10.0,0.01,0.01,622.585004,1776326169000
1776326171.183,71.183,0.8,5.0,0.79,10.0,0.81,54.76,0.82,5.0,0.19,54.76,0.18,5.0,0.2,5.0,0.21,10.0,0.01,0.01,622.583672,1776326170000
1776326171.973,71.973,0.8,5.0,0.79,10.0,0.81,54.76,0.82,5.0,0.19,54.76,0.18,5.0,0.2,5.0,0.21,10.0,0.01,0.01,622.580327,1776326171000
1776326173.63,73.63,0.8,5.0,0.79,10.0,0.81,54.76,0.82,5.0,0.19,54.76,0.18,5.0,0.2,5.0,0.21,10.0,0.01,0.01,622.579682,1776326172000
1776326174.094,74.094,0.8,5.0,0.79,10.0,0.81,54.76,0.82,5.0,0.19,54.76,0.18,5.0,0.2,5.0,0.21,10.0,0.01,0.01,622.579914,1776326173000
1776326175.243,75.243,0.8,5.0,0.79,10.0,0.81,54.76,0.82,5.0,0.19,54.76,0.18,5.0,0.2,5.0,0.21,10.0,0.01,0.01,622.576655,1776326174000
1776326175.849,75.849,0.8,5.0,0.79,10.0,0.81,54.76,0.82,5.0,0.19,54.76,0.18,5.0,0.2,5.0,0.21,10.0,0.01,0.01,622.576647,1776326175000
1776326176.878,76.878,0.8,5.0,0.79,10.0,0.81,54.76,0.82,5.0,0.19,54.76,0.18,5.0,0.2,5.0,0.21,10.0,0.01,0.01,622.576416,1776326176000
1776326177.934,77.934,0.8,5.0,0.79,10.0,0.81,54.76,0.82,5.0,0.19,54.76,0.18,5.0,0.2,5.0,0.21,10.0,0.01,0.01,622.576697,1776326177000
1776326179.051,79.051,0.8,5.0,0.79,10.0,0.81,54.76,0.82,5.0,0.19,54.76,0.18,5.0,0.2,5.0,0.21,10.0,0.01,0.01,622.574917,1776326178000
1776326180.0,80.0,0.84,5.0,0.83,5.0,0.85,3.82,0.86,5.0,0.15,3.82,0.14,5.0,0.16,5.0,0.17,5.0,0.01,0.01,622.575031,1776326179000
1776326181.078,81.078,0.84,5.0,0.83,5.0,0.85,3.82,0.86,5.0,0.15,3.82,0.14,5.0,0.16,5.0,0.17,5.0,0.01,0.01,622.61,1776326180000
1776326181.62,81.62,0.84,3.43,0.83,5.0,0.87,5.0,0.88,5.0,0.15,3.82,0.14,5.0,0.16,5.0,0.17,5.0,0.03,0.01,622.61,1776326180000
1776326182.118,82.118,0.84,3.43,0.83,5.0,0.87,5.0,0.88,5.0,0.13,5.0,0.12,5.0,0.16,3.43,0.17,5.0,0.03,0.03,622.61,1776326181000
1776326183.342,83.342,0.84,3.43,0.83,5.0,0.87,5.0,0.88,5.0,0.13,5.0,0.12,5.0,0.16,3.43,0.17,5.0,0.03,0.03,622.622,1776326182000
1776326184.236,84.236,0.84,3.43,0.83,5.0,0.87,5.0,0.88,5.0,0.13,5.0,0.12,5.0,0.16,3.43,0.17,5.0,0.03,0.03,622.622,1776326183000
1776326185.427,85.427,0.84,3.43,0.83,5.0,0.87,5.0,0.88,5.0,0.13,5.0,0.12,5.0,0.16,3.43,0.17,5.0,0.03,0.03,622.62,1776326184000
1776326186.346,86.346,0.84,3.43,0.83,5.0,0.87,5.0,0.88,5.0,0.13,5.0,0.12,5.0,0.16,3.43,0.17,5.0,0.03,0.03,622.61,1776326185000
1776326187.302,87.302,0.84,3.43,0.83,5.0,0.87,5.0,0.88,5.0,0.13,5.0,0.12,5.0,0.16,3.43,0.17,5.0,0.03,0.03,622.605,1776326186000
1776326188.287,88.287,0.84,3.43,0.83,5.0,0.87,5.0,0.88,5.0,0.13,5.0,0.12,5.0,0.16,3.43,0.17,5.0,0.03,0.03,622.606,1776326187000
1776326188.968,88.968,0.84,3.43,0.83,5.0,0.87,5.0,0.88,5.0,0.13,5.0,0.12,5.0,0.16,3.43,0.17,5.0,0.03,0.03,622.606,1776326188000
1776326189.868,89.868,0.84,3.43,0.83,5.0,0.87,5.0,0.88,5.0,0.13,5.0,0.12,5.0,0.16,3.43,0.17,5.0,0.03,0.03,622.592,1776326189000
1776326190.884,90.884,0.84,3.43,0.83,5.0,0.87,5.0,0.88,5.0,0.13,5.0,0.12,5.0,0.16,3.43,0.17,5.0,0.03,0.03,622.588635,1776326190000
1776326191.9,91.9,0.84,3.43,0.83,5.0,0.87,5.0,0.88,5.0,0.13,5.0,0.12,5.0,0.16,3.43,0.17,5.0,0.03,0.03,622.589,1776326191000
1776326192.353,92.353,0.82,4.16,0.81,21.89,0.85,5.0,0.86,5.0,0.13,5.0,0.12,5.0,0.16,3.43,0.17,5.0,0.03,0.03,622.589,1776326191000
1776326192.865,92.865,0.82,4.16,0.81,21.89,0.85,5.0,0.86,5.0,0.15,5.0,0.14,5.0,0.18,4.16,0.19,21.89,0.03,0.03,622.6,1776326192000
1776326193.871,93.871,0.82,4.16,0.81,21.89,0.85,5.0,0.86,5.0,0.15,5.0,0.14,5.0,0.18,4.16,0.19,21.89,0.03,0.03,622.604,1776326193000
1776326195.012,95.012,0.82,4.16,0.81,21.89,0.83,3.79,0.84,5.0,0.15,5.0,0.14,5.0,0.18,4.16,0.19,21.89,0.01,0.03,622.604,1776326193000
1776326195.326,95.326,0.82,4.16,0.81,21.89,0.83,3.79,0.84,5.0,0.17,3.79,0.16,5.0,0.18,4.16,0.19,21.89,0.01,0.01,622.601,1776326194000
1776326196.462,96.462,0.82,4.16,0.81,21.89,0.83,3.79,0.84,5.0,0.17,3.79,0.16,5.0,0.18,4.16,0.19,21.89,0.01,0.01,622.598,1776326195000
1776326196.92,96.92,0.82,4.16,0.81,21.89,0.83,3.79,0.84,5.0,0.17,3.79,0.16,5.0,0.18,4.16,0.19,21.89,0.01,0.01,622.598,1776326196000
1776326197.983,97.983,0.82,4.16,0.81,21.89,0.83,3.79,0.84,5.0,0.17,3.79,0.16,5.0,0.18,4.16,0.19,21.89,0.01,0.01,622.594157,1776326197000
1776326198.568,98.568,0.79,4.52,0.78,15.2,0.83,5.0,0.84,5.0,0.17,3.79,0.16,5.0,0.18,4.16,0.19,21.89,0.04,0.01,622.594157,1776326197000
1776326198.888,98.888,0.79,4.52,0.78,15.2,0.83,5.0,0.84,5.0,0.17,5.0,0.16,5.0,0.21,4.52,0.22,15.2,0.04,0.04,622.594081,1776326198000
1776326199.959,99.959,0.78,15.2,0.77,19.7,0.8,5.0,0.81,5.0,0.2,5.0,0.19,5.0,0.22,15.2,0.23,19.7,0.02,0.02,622.594,1776326199000
1776326201.019,101.019,0.78,15.2,0.77,19.7,0.8,5.0,0.81,5.0,0.2,5.0,0.19,5.0,0.22,15.2,0.23,19.7,0.02,0.02,622.55066,1776326200000
1776326202.074,102.074,0.78,15.2,0.77,19.7,0.8,5.0,0.81,5.0,0.2,5.0,0.19,5.0,0.22,15.2,0.23,19.7,0.02,0.02,622.527,1776326201000
1776326203.048,103.048,0.78,15.2,0.77,19.7,0.8,5.0,0.81,5.0,0.2,5.0,0.19,5.0,0.22,15.2,0.23,19.7,0.02,0.02,622.528,1776326202000
1776326203.997,103.997,0.78,15.2,0.77,19.7,0.8,5.0,0.81,5.0,0.2,5.0,0.19,5.0,0.22,15.2,0.23,19.7,0.02,0.02,622.528,1776326203000
1776326205.017,105.017,0.78,15.2,0.77,19.7,0.8,5.0,0.81,5.0,0.2,5.0,0.19,5.0,0.22,15.2,0.23,19.7,0.02,0.02,622.504,1776326204000
1776326205.718,105.718,0.78,0.68,0.77,19.7,0.82,5.0,0.83,5.0,0.2,5.0,0.19,5.0,0.22,15.2,0.23,19.7,0.04,0.02,622.504,1776326204000
1776326205.979,105.979,0.78,0.68,0.77,19.7,0.82,5.0,0.83,5.0,0.18,5.0,0.17,5.0,0.22,0.68,0.23,19.7,0.04,0.04,622.505,1776326205000
1776326206.773,106.773,0.78,0.68,0.77,19.7,0.79,3.73,0.8,5.0,0.18,5.0,0.17,5.0,0.22,0.68,0.23,19.7,0.01,0.04,622.505,1776326205000
1776326207.888,107.888,0.78,0.68,0.77,19.7,0.79,3.73,0.8,5.0,0.21,3.73,0.2,5.0,0.22,0.68,0.23,19.7,0.01,0.01,622.513,1776326207000
1776326209.229,109.229,0.78,0.68,0.77,19.7,0.8,1.25,0.81,5.0,0.2,1.25,0.19,5.0,0.22,0.68,0.23,19.7,0.02,0.02,622.525,1776326208000
1776326210.348,110.348,0.78,0.68,0.77,19.7,0.8,1.25,0.81,5.0,0.2,1.25,0.19,5.0,0.22,0.68,0.23,19.7,0.02,0.02,622.533,1776326209000
1776326211.265,111.265,0.78,0.68,0.77,19.7,0.8,1.25,0.81,5.0,0.2,1.25,0.19,5.0,0.22,0.68,0.23,19.7,0.02,0.02,622.575,1776326210000
1776326212.258,112.258,0.78,0.68,0.77,19.7,0.8,1.25,0.81,5.0,0.2,1.25,0.19,5.0,0.22,0.68,0.23,19.7,0.02,0.02,622.571,1776326211000
1776326213.173,113.173,0.78,0.68,0.77,19.7,0.8,1.25,0.81,5.0,0.2,1.25,0.19,5.0,0.22,0.68,0.23,19.7,0.02,0.02,622.571,1776326212000
1776326213.794,113.794,0.81,21.89,0.8,21.3,0.84,5.0,0.85,5.0,0.2,1.25,0.19,5.0,0.22,0.68,0.23,19.7,0.03,0.02,622.571,1776326212000
1776326214.176,114.176,0.81,21.89,0.8,21.3,0.84,5.0,0.85,5.0,0.16,5.0,0.15,5.0,0.19,21.89,0.2,21.3,0.03,0.03,622.58599,1776326213000
1776326215.192,115.192,0.81,21.89,0.8,21.3,0.84,5.0,0.85,5.0,0.16,5.0,0.15,5.0,0.19,21.89,0.2,21.3,0.03,0.03,622.58621,1776326214000
1776326216.244,116.244,0.81,21.89,0.8,21.3,0.84,5.0,0.85,5.0,0.16,5.0,0.15,5.0,0.19,21.89,0.2,21.3,0.03,0.03,622.59619,1776326215000
1776326217.25,117.25,0.81,21.89,0.8,21.3,0.84,5.0,0.85,5.0,0.16,5.0,0.15,5.0,0.19,21.89,0.2,21.3,0.03,0.03,622.58934,1776326216000
1776326218.199,118.199,0.81,21.89,0.8,21.3,0.84,5.0,0.85,5.0,0.16,5.0,0.15,5.0,0.19,21.89,0.2,21.3,0.03,0.03,622.58683,1776326217000
1776326219.172,119.172,0.81,21.89,0.8,21.3,0.84,5.0,0.85,5.0,0.16,5.0,0.15,5.0,0.19,21.89,0.2,21.3,0.03,0.03,622.58805,1776326218000
1776326219.543,119.543,0.81,5.0,0.8,21.3,0.84,5.0,0.85,5.0,0.16,5.0,0.15,5.0,0.19,21.89,0.2,21.3,0.03,0.03,622.58805,1776326218000
1776326220.196,120.196,0.81,5.0,0.8,21.3,0.84,5.0,0.85,5.0,0.16,5.0,0.15,5.0,0.19,5.0,0.2,21.3,0.03,0.03,622.575,1776326219000
1776326221.215,121.215,0.81,5.0,0.8,21.3,0.84,5.0,0.85,5.0,0.16,5.0,0.15,5.0,0.19,5.0,0.2,21.3,0.03,0.03,622.561,1776326220000
1776326222.273,122.273,0.81,5.0,0.8,21.3,0.84,5.0,0.85,5.0,0.16,5.0,0.15,5.0,0.19,5.0,0.2,21.3,0.03,0.03,622.548506,1776326221000
1776326222.849,122.849,0.82,7.41,0.81,21.89,0.83,5.0,0.84,5.0,0.16,5.0,0.15,5.0,0.19,5.0,0.2,21.3,0.01,0.03,622.548506,1776326221000
1776326223.459,123.459,0.82,7.41,0.81,21.89,0.83,5.0,0.84,5.0,0.17,5.0,0.16,5.0,0.18,7.41,0.19,21.89,0.01,0.01,622.51,1776326222000
1776326223.758,123.758,0.82,0.95,0.81,21.89,0.83,5.0,0.84,5.0,0.17,5.0,0.16,5.0,0.18,7.41,0.19,21.89,0.01,0.01,622.51,1776326222000
1776326224.004,124.004,0.82,0.95,0.81,21.89,0.83,5.0,0.84,5.0,0.17,5.0,0.16,5.0,0.18,0.95,0.19,21.89,0.01,0.01,622.51,1776326223000
1776326225.111,125.111,0.82,0.95,0.81,21.89,0.83,5.0,0.84,5.0,0.17,5.0,0.16,5.0,0.18,0.95,0.19,21.89,0.01,0.01,622.553,1776326224000
1776326226.417,126.417,0.81,21.89,0.8,21.3,0.83,5.0,0.84,5.0,0.17,5.0,0.16,5.0,0.19,21.89,0.2,21.3,0.02,0.02,622.553,1776326225000
1776326227.019,127.019,0.81,21.89,0.8,21.3,0.83,5.0,0.84,5.0,0.17,5.0,0.16,5.0,0.19,21.89,0.2,21.3,0.02,0.02,622.526,1776326226000
1776326227.364,127.364,0.79,20.7,0.78,20.88,0.81,5.0,0.82,5.0,0.17,5.0,0.16,5.0,0.19,21.89,0.2,21.3,0.02,0.02,622.526,1776326226000
1776326228.281,128.281,0.79,20.7,0.78,20.88,0.81,5.0,0.82,5.0,0.19,5.0,0.18,5.0,0.21,20.7,0.22,20.88,0.02,0.02,622.521,1776326227000
1776326229.314,129.314,0.79,5.0,0.78,25.2,0.8,2.82,0.81,5.0,0.2,2.82,0.19,5.0,0.21,5.0,0.22,25.2,0.01,0.01,622.516,1776326228000
1776326230.315,130.315,0.79,5.0,0.78,25.2,0.8,2.82,0.81,5.0,0.2,2.82,0.19,5.0,0.21,5.0,0.22,25.2,0.01,0.01,622.497787,1776326229000
1776326231.423,131.423,0.79,5.0,0.78,25.2,0.8,2.82,0.81,5.0,0.2,2.82,0.19,5.0,0.21,5.0,0.22,25.2,0.01,0.01,622.497835,1776326230000
1776326232.01,132.01,0.79,5.0,0.78,25.2,0.8,2.82,0.81,5.0,0.2,2.82,0.19,5.0,0.21,5.0,0.22,25.2,0.01,0.01,622.497528,1776326231000
1776326233.133,133.133,0.79,5.0,0.78,25.2,0.8,2.82,0.81,5.0,0.2,2.82,0.19,5.0,0.21,5.0,0.22,25.2,0.01,0.01,622.497701,1776326232000
1776326234.323,134.323,0.79,5.0,0.78,25.2,0.8,2.82,0.81,5.0,0.2,2.82,0.19,5.0,0.21,5.0,0.22,25.2,0.01,0.01,622.499659,1776326233000
1776326235.38,135.38,0.79,5.0,0.78,25.2,0.8,2.82,0.81,5.0,0.2,2.82,0.19,5.0,0.21,5.0,0.22,25.2,0.01,0.01,622.500361,1776326234000
1776326236.901,136.901,0.79,5.0,0.78,25.2,0.8,2.82,0.81,5.0,0.2,2.82,0.19,5.0,0.21,5.0,0.22,25.2,0.01,0.01,622.500533,1776326235000
1776326237.98,137.98,0.79,5.0,0.78,25.2,0.8,2.82,0.81,5.0,0.2,2.82,0.19,5.0,0.21,5.0,0.22,25.2,0.01,0.01,622.500604,1776326236000
1776326238.86,138.86,0.79,5.0,0.78,25.2,0.8,2.82,0.81,5.0,0.2,2.82,0.19,5.0,0.21,5.0,0.22,25.2,0.01,0.01,622.501441,1776326237000
1776326239.616,139.616,0.79,5.0,0.78,25.2,0.8,2.82,0.81,5.0,0.2,2.82,0.19,5.0,0.21,5.0,0.22,25.2,0.01,0.01,622.501096,1776326238000
1776326240.329,140.329,0.79,5.0,0.78,25.2,0.8,2.82,0.81,5.0,0.2,2.82,0.19,5.0,0.21,5.0,0.22,25.2,0.01,0.01,622.50007,1776326239000
1776326241.088,141.088,0.79,5.0,0.78,25.2,0.8,2.82,0.81,5.0,0.2,2.82,0.19,5.0,0.21,5.0,0.22,25.2,0.01,0.01,622.50007,1776326240000
1776326242.761,142.761,0.79,5.0,0.78,25.2,0.8,2.82,0.81,5.0,0.2,2.82,0.19,5.0,0.21,5.0,0.22,25.2,0.01,0.01,622.47227,1776326241000
1776326243.54,143.54,0.79,5.0,0.78,25.2,0.8,2.82,0.81,5.0,0.2,2.82,0.19,5.0,0.21,5.0,0.22,25.2,0.01,0.01,622.471811,1776326242000
1776326244.224,144.224,0.79,5.0,0.78,25.2,0.8,2.82,0.81,5.0,0.2,2.82,0.19,5.0,0.21,5.0,0.22,25.2,0.01,0.01,622.471811,1776326243000
1776326245.731,145.731,0.79,5.0,0.78,25.2,0.8,2.82,0.81,5.0,0.2,2.82,0.19,5.0,0.21,5.0,0.22,25.2,0.01,0.01,622.471811,1776326244000
1776326246.549,146.549,0.79,5.0,0.78,25.2,0.8,2.82,0.81,5.0,0.2,2.82,0.19,5.0,0.21,5.0,0.22,25.2,0.01,0.01,622.483942,1776326245000
1776326247.318,147.318,0.79,5.0,0.78,25.2,0.8,2.82,0.81,5.0,0.2,2.82,0.19,5.0,0.21,5.0,0.22,25.2,0.01,0.01,622.483713,1776326246000
1776326248.022,148.022,0.79,5.0,0.78,25.2,0.8,2.82,0.81,5.0,0.2,2.82,0.19,5.0,0.21,5.0,0.22,25.2,0.01,0.01,622.484364,1776326247000
1776326249.652,149.652,0.79,5.0,0.78,25.2,0.8,2.82,0.81,5.0,0.2,2.82,0.19,5.0,0.21,5.0,0.22,25.2,0.01,0.01,622.484291,1776326248000
1776326250.378,150.378,0.79,5.0,0.78,25.2,0.8,2.82,0.81,5.0,0.2,2.82,0.19,5.0,0.21,5.0,0.22,25.2,0.01,0.01,622.484193,1776326249000
1776326251.181,151.181,0.79,5.0,0.78,25.2,0.8,2.82,0.81,5.0,0.2,2.82,0.19,5.0,0.21,5.0,0.22,25.2,0.01,0.01,622.478801,1776326250000
1776326252.837,152.837,0.79,5.0,0.78,25.2,0.8,2.82,0.81,5.0,0.2,2.82,0.19,5.0,0.21,5.0,0.22,25.2,0.01,0.01,622.478681,1776326251000
1776326253.604,153.604,0.79,5.0,0.78,25.2,0.8,2.82,0.81,5.0,0.2,2.82,0.19,5.0,0.21,5.0,0.22,25.2,0.01,0.01,622.47675,1776326252000
1776326254.362,154.362,0.79,5.0,0.78,25.2,0.8,2.82,0.81,5.0,0.2,2.82,0.19,5.0,0.21,5.0,0.22,25.2,0.01,0.01,622.474025,1776326253000
1776326255.143,155.143,0.79,5.0,0.78,25.2,0.8,2.82,0.81,5.0,0.2,2.82,0.19,5.0,0.21,5.0,0.22,25.2,0.01,0.01,622.477666,1776326254000
1776326257.063,157.063,0.79,5.0,0.78,25.2,0.8,2.82,0.81,5.0,0.2,2.82,0.19,5.0,0.21,5.0,0.22,25.2,0.01,0.01,622.480123,1776326256000
1776326258.067,158.067,0.79,5.0,0.78,25.2,0.8,2.82,0.81,5.0,0.2,2.82,0.19,5.0,0.21,5.0,0.22,25.2,0.01,0.01,622.479425,1776326257000
1776326259.016,159.016,0.79,5.0,0.78,25.2,0.8,2.82,0.81,5.0,0.2,2.82,0.19,5.0,0.21,5.0,0.22,25.2,0.01,0.01,622.478948,1776326258000
1776326260.003,160.003,0.79,5.0,0.78,25.2,0.8,2.82,0.81,5.0,0.2,2.82,0.19,5.0,0.21,5.0,0.22,25.2,0.01,0.01,622.493,1776326259000
1776326260.917,160.917,0.79,5.0,0.78,25.2,0.8,2.82,0.81,5.0,0.2,2.82,0.19,5.0,0.21,5.0,0.22,25.2,0.01,0.01,622.501,1776326260000
1776326262.068,162.068,0.88,5.68,0.87,5.0,0.9,10.0,0.91,55.0,0.1,10.0,0.09,55.0,0.12,5.68,0.13,5.0,0.02,0.02,622.508,1776326261000
1776326263.285,163.285,0.88,5.68,0.87,5.0,0.9,10.0,0.91,55.0,0.1,10.0,0.09,55.0,0.12,5.68,0.13,5.0,0.02,0.02,622.506,1776326262000
1776326264.171,164.171,0.88,5.68,0.87,5.0,0.9,10.0,0.91,55.0,0.1,10.0,0.09,55.0,0.12,5.68,0.13,5.0,0.02,0.02,622.535,1776326263000
1776326265.255,165.255,0.88,5.68,0.87,5.0,0.9,10.0,0.91,55.0,0.1,10.0,0.09,55.0,0.12,5.68,0.13,5.0,0.02,0.02,622.513,1776326264000
1776326266.271,166.271,0.88,5.68,0.87,5.0,0.9,10.0,0.91,55.0,0.1,10.0,0.09,55.0,0.12,5.68,0.13,5.0,0.02,0.02,622.515,1776326265000
1776326267.421,167.421,0.88,5.68,0.87,5.0,0.9,10.0,0.91,55.0,0.1,10.0,0.09,55.0,0.12,5.68,0.13,5.0,0.02,0.02,622.515,1776326266000
1776326267.879,167.879,0.88,5.68,0.87,5.0,0.9,10.0,0.91,55.0,0.1,10.0,0.09,55.0,0.12,5.68,0.13,5.0,0.02,0.02,622.515,1776326267000
1776326269.533,169.533,0.88,5.68,0.87,5.0,0.9,10.0,0.91,55.0,0.1,10.0,0.09,55.0,0.12,5.68,0.13,5.0,0.02,0.02,622.501,1776326268000
1776326270.083,170.083,0.88,5.68,0.87,5.0,0.9,10.0,0.91,55.0,0.1,10.0,0.09,55.0,0.12,5.68,0.13,5.0,0.02,0.02,622.507,1776326269000
1776326271.14,171.14,0.88,5.68,0.87,5.0,0.9,10.0,0.91,55.0,0.1,10.0,0.09,55.0,0.12,5.68,0.13,5.0,0.02,0.02,622.505,1776326270000
1776326272.385,172.385,0.88,5.68,0.87,5.0,0.9,10.0,0.91,55.0,0.1,10.0,0.09,55.0,0.12,5.68,0.13,5.0,0.02,0.02,622.5,1776326271000
1776326273.289,173.289,0.88,5.68,0.87,5.0,0.9,10.0,0.91,55.0,0.1,10.0,0.09,55.0,0.12,5.68,0.13,5.0,0.02,0.02,622.500726,1776326272000
1776326274.462,174.462,0.88,5.68,0.87,5.0,0.9,10.0,0.91,55.0,0.1,10.0,0.09,55.0,0.12,5.68,0.13,5.0,0.02,0.02,622.500642,1776326273000
1776326275.052,175.052,0.88,5.68,0.87,5.0,0.9,10.0,0.91,55.0,0.1,10.0,0.09,55.0,0.12,5.68,0.13,5.0,0.02,0.02,622.496362,1776326274000
1776326275.338,175.338,0.9,6.23,0.89,5.0,0.91,5.0,0.93,44.9,0.1,10.0,0.09,55.0,0.12,5.68,0.13,5.0,0.01,0.02,622.496362,1776326274000
1776326276.095,176.095,0.9,6.23,0.89,5.0,0.91,5.0,0.93,44.9,0.09,5.0,0.07,44.9,0.1,6.23,0.11,5.0,0.01,0.01,622.496139,1776326275000
1776326277.142,177.142,0.9,6.23,0.89,5.0,0.91,5.0,0.93,44.9,0.09,5.0,0.07,44.9,0.1,6.23,0.11,5.0,0.01,0.01,622.502,1776326276000
1776326278.324,178.324,0.9,6.23,0.89,5.0,0.91,5.0,0.93,44.9,0.09,5.0,0.07,44.9,0.1,6.23,0.11,5.0,0.01,0.01,622.502,1776326277000
1776326279.497,179.497,0.9,6.23,0.89,5.0,0.91,5.0,0.93,44.9,0.09,5.0,0.07,44.9,0.1,6.23,0.11,5.0,0.01,0.01,622.511,1776326278000
1776326280.04,180.04,0.9,6.23,0.89,5.0,0.91,5.0,0.93,44.9,0.09,5.0,0.07,44.9,0.1,6.23,0.11,5.0,0.01,0.01,622.511,1776326279000
1776326281.011,181.011,0.9,6.23,0.89,5.0,0.91,5.0,0.93,44.9,0.09,5.0,0.07,44.9,0.1,6.23,0.11,5.0,0.01,0.01,622.511,1776326280000
1776326282.19,182.19,0.9,6.23,0.89,5.0,0.91,5.0,0.93,44.9,0.09,5.0,0.07,44.9,0.1,6.23,0.11,5.0,0.01,0.01,622.508,1776326281000
1776326283.392,183.392,0.9,6.23,0.89,5.0,0.91,5.0,0.93,44.9,0.09,5.0,0.07,44.9,0.1,6.23,0.11,5.0,0.01,0.01,622.504,1776326282000
1776326283.874,183.874,0.9,6.23,0.89,5.0,0.91,5.0,0.93,44.9,0.09,5.0,0.07,44.9,0.1,6.23,0.11,5.0,0.01,0.01,622.504,1776326283000
1776326285.503,185.503,0.91,5.0,0.9,11.23,0.93,29.68,0.94,46.1,0.09,5.0,0.07,44.9,0.1,6.23,0.11,5.0,0.02,0.01,622.504,1776326283000
1776326285.942,185.942,0.91,5.0,0.9,11.23,0.93,29.68,0.94,46.1,0.07,29.68,0.06,46.1,0.09,5.0,0.1,11.23,0.02,0.02,622.506,1776326285000
1776326286.898,186.898,0.91,5.0,0.9,11.23,0.93,29.68,0.94,46.1,0.07,29.68,0.06,46.1,0.09,5.0,0.1,11.23,0.02,0.02,622.503,1776326286000
1776326287.926,187.926,0.91,5.0,0.9,11.23,0.93,29.68,0.94,46.1,0.07,29.68,0.06,46.1,0.09,5.0,0.1,11.23,0.02,0.02,622.511,1776326287000
1776326288.827,188.827,0.91,5.0,0.9,11.23,0.93,29.68,0.94,46.1,0.07,29.68,0.06,46.1,0.09,5.0,0.1,11.23,0.02,0.02,622.511,1776326288000
1776326289.825,189.825,0.91,5.0,0.9,11.23,0.93,29.68,0.94,46.1,0.07,29.68,0.06,46.1,0.09,5.0,0.1,11.23,0.02,0.02,622.517,1776326289000
1776326291.135,191.135,0.94,5.0,0.93,5.0,0.95,53.64,0.96,72.7,0.07,29.68,0.06,46.1,0.09,5.0,0.1,11.23,0.01,0.02,622.517,1776326289000
1776326292.338,192.338,0.94,5.0,0.93,5.0,0.95,53.64,0.96,72.7,0.05,53.64,0.04,72.7,0.06,5.0,0.07,5.0,0.01,0.01,622.534,1776326291000
1776326293.296,193.296,0.94,5.0,0.93,5.0,0.95,53.64,0.96,72.7,0.05,53.64,0.04,72.7,0.06,5.0,0.07,5.0,0.01,0.01,622.541,1776326292000
1776326294.299,194.299,0.94,5.0,0.93,5.0,0.95,53.64,0.96,72.7,0.05,53.64,0.04,72.7,0.06,5.0,0.07,5.0,0.01,0.01,622.541,1776326293000
1776326294.5,194.5,0.94,5.0,0.93,5.0,0.95,52.58,0.96,72.7,0.05,53.64,0.04,72.7,0.06,5.0,0.07,5.0,0.01,0.01,622.541,1776326293000
1776326294.876,194.876,0.94,5.0,0.93,5.0,0.95,52.58,0.96,72.7,0.05,52.58,0.04,72.7,0.06,5.0,0.07,5.0,0.01,0.01,622.532,1776326294000
1776326296.338,196.338,0.95,2.86,0.94,5.0,0.96,72.7,0.97,99.3,0.04,72.7,0.03,99.3,0.05,2.86,0.06,5.0,0.01,0.01,622.536,1776326295000
1776326297.189,197.189,0.95,2.86,0.94,5.0,0.96,72.7,0.97,99.3,0.04,72.7,0.03,99.3,0.05,2.86,0.06,5.0,0.01,0.01,622.539,1776326296000
1776326298.204,198.204,0.95,2.86,0.94,5.0,0.96,72.7,0.97,99.3,0.04,72.7,0.03,99.3,0.05,2.86,0.06,5.0,0.01,0.01,622.541,1776326297000
1776326299.515,199.515,0.95,2.86,0.94,5.0,0.96,72.7,0.97,99.3,0.04,72.7,0.03,99.3,0.05,2.86,0.06,5.0,0.01,0.01,622.561,1776326298000
1776326300.16,200.16,0.95,2.86,0.94,5.0,0.96,72.7,0.97,99.3,0.04,72.7,0.03,99.3,0.05,2.86,0.06,5.0,0.01,0.01,622.571185,1776326299000
1776326301.638,201.638,0.95,2.86,0.94,5.0,0.96,72.7,0.97,99.3,0.04,72.7,0.03,99.3,0.05,2.86,0.06,5.0,0.01,0.01,622.616,1776326300000
1776326302.298,202.298,0.95,2.86,0.94,5.0,0.96,72.7,0.97,99.3,0.04,72.7,0.03,99.3,0.05,2.86,0.06,5.0,0.01,0.01,622.616,1776326301000
1776326303.008,203.008,0.95,2.86,0.94,5.0,0.96,72.7,0.97,99.3,0.04,72.7,0.03,99.3,0.05,2.86,0.06,5.0,0.01,0.01,622.618,1776326302000
1776326304.316,204.316,0.95,2.86,0.94,5.0,0.96,72.7,0.97,99.3,0.04,72.7,0.03,99.3,0.05,2.86,0.06,5.0,0.01,0.01,622.628841,1776326303000
1776326304.931,204.931,0.94,36.81,0.93,44.9,0.96,5.0,0.97,5.0,0.04,72.7,0.03,99.3,0.05,2.86,0.06,5.0,0.02,0.01,622.628841,1776326303000
1776326305.737,205.737,0.94,36.81,0.93,44.9,0.96,5.0,0.97,5.0,0.04,5.0,0.03,5.0,0.06,36.81,0.07,44.9,0.02,0.02,622.699803,1776326304000
1776326306.7,206.7,0.94,36.81,0.93,44.9,0.96,5.0,0.97,5.0,0.04,5.0,0.03,5.0,0.06,36.81,0.07,44.9,0.02,0.02,622.700609,1776326305000
1776326307.126,207.126,0.94,36.81,0.93,44.9,0.96,5.0,0.97,5.0,0.04,5.0,0.03,5.0,0.06,36.81,0.07,44.9,0.02,0.02,622.696,1776326306000
1776326308.58,208.58,0.94,36.81,0.93,44.9,0.96,5.0,0.97,5.0,0.04,5.0,0.03,5.0,0.06,36.81,0.07,44.9,0.02,0.02,622.652353,1776326307000
1776326309.719,209.719,0.94,36.81,0.93,44.9,0.96,5.0,0.97,5.0,0.04,5.0,0.03,5.0,0.06,36.81,0.07,44.9,0.02,0.02,622.655061,1776326308000
1776326310.274,210.274,0.94,36.81,0.93,44.9,0.96,5.0,0.97,5.0,0.04,5.0,0.03,5.0,0.06,36.81,0.07,44.9,0.02,0.02,622.695,1776326309000
1776326311.68,211.68,0.94,36.81,0.93,44.9,0.96,5.0,0.97,5.0,0.04,5.0,0.03,5.0,0.06,36.81,0.07,44.9,0.02,0.02,622.695,1776326310000
1776326312.273,212.273,0.94,36.81,0.93,44.9,0.96,5.0,0.97,5.0,0.04,5.0,0.03,5.0,0.06,36.81,0.07,44.9,0.02,0.02,622.692083,1776326311000
1776326313.683,213.683,0.94,36.81,0.93,44.9,0.96,5.0,0.97,5.0,0.04,5.0,0.03,5.0,0.06,36.81,0.07,44.9,0.02,0.02,622.692,1776326312000
1776326314.29,214.29,0.94,36.81,0.93,44.9,0.96,5.0,0.97,5.0,0.04,5.0,0.03,5.0,0.06,36.81,0.07,44.9,0.02,0.02,622.69,1776326313000
1776326314.925,214.925,0.94,36.81,0.93,44.9,0.96,5.0,0.97,5.0,0.04,5.0,0.03,5.0,0.06,36.81,0.07,44.9,0.02,0.02,622.69,1776326314000
1776326315.524,215.524,0.95,59.7,0.94,41.81,0.98,147.69,0.99,5562.6,0.04,5.0,0.03,5.0,0.06,36.81,0.07,44.9,0.03,0.02,622.69,1776326314000
1776326316.121,216.121,0.95,59.7,0.94,41.81,0.98,147.69,0.99,5562.6,0.02,147.69,0.01,5562.6,0.05,59.7,0.06,41.81,0.03,0.03,622.685,1776326315000
1776326317.273,217.273,0.95,59.7,0.94,41.81,0.98,147.69,0.99,5562.6,0.02,147.69,0.01,5562.6,0.05,59.7,0.06,41.81,0.03,0.03,622.686,1776326316000
1776326319.237,219.237,0.95,59.7,0.94,41.81,0.98,147.69,0.99,5562.6,0.02,147.69,0.01,5562.6,0.05,59.7,0.06,41.81,0.03,0.03,622.687,1776326317000
1776326319.918,219.918,0.95,59.7,0.94,41.81,0.98,147.69,0.99,5562.6,0.02,147.69,0.01,5562.6,0.05,59.7,0.06,41.81,0.03,0.03,622.687,1776326318000
1776326320.861,220.861,0.95,59.7,0.94,41.81,0.98,147.69,0.99,5562.6,0.02,147.69,0.01,5562.6,0.05,59.7,0.06,41.81,0.03,0.03,622.676,1776326319000
1776326321.611,221.611,0.95,59.7,0.94,41.81,0.98,147.69,0.99,5562.6,0.02,147.69,0.01,5562.6,0.05,59.7,0.06,41.81,0.03,0.03,622.682,1776326320000
1776326322.229,222.229,0.95,59.7,0.94,41.81,0.98,147.69,0.99,5562.6,0.02,147.69,0.01,5562.6,0.05,59.7,0.06,41.81,0.03,0.03,622.679,1776326321000
1776326323.85,223.85,0.95,59.7,0.94,41.81,0.98,147.69,0.99,5562.6,0.02,147.69,0.01,5562.6,0.05,59.7,0.06,41.81,0.03,0.03,622.687,1776326322000
1776326324.4,224.4,0.95,59.7,0.94,41.81,0.98,147.69,0.99,5562.6,0.02,147.69,0.01,5562.6,0.05,59.7,0.06,41.81,0.03,0.03,622.683,1776326323000
1776326325.13,225.13,0.97,5.0,0.96,72.7,0.98,12.95,0.99,5562.6,0.02,12.95,0.01,5562.6,0.03,5.0,0.04,72.7,0.01,0.01,622.683,1776326324000
1776326326.454,226.454,0.97,5.0,0.96,72.7,0.98,12.95,0.99,5562.6,0.02,12.95,0.01,5562.6,0.03,5.0,0.04,72.7,0.01,0.01,622.679,1776326325000
1776326327.218,227.218,0.97,5.0,0.96,72.7,0.98,12.95,0.99,5562.6,0.02,12.95,0.01,5562.6,0.03,5.0,0.04,72.7,0.01,0.01,622.647023,1776326326000
1776326328.578,228.578,0.97,5.0,0.96,72.7,0.98,12.95,0.99,5562.6,0.02,12.95,0.01,5562.6,0.03,5.0,0.04,72.7,0.01,0.01,622.650492,1776326327000
1776326329.286,229.286,0.97,5.0,0.96,72.7,0.98,12.95,0.99,5562.6,0.02,12.95,0.01,5562.6,0.03,5.0,0.04,72.7,0.01,0.01,622.650492,1776326328000
1776326330.487,230.487,0.97,5.0,0.96,72.7,0.98,12.95,0.99,5562.6,0.02,12.95,0.01,5562.6,0.03,5.0,0.04,72.7,0.01,0.01,622.657793,1776326329000
1776326331.354,231.354,0.97,5.0,0.96,72.7,0.98,12.95,0.99,5562.6,0.02,12.95,0.01,5562.6,0.03,5.0,0.04,72.7,0.01,0.01,622.657793,1776326330000
1776326332.508,232.508,0.97,5.0,0.96,72.7,0.98,12.95,0.99,5562.6,0.02,12.95,0.01,5562.6,0.03,5.0,0.04,72.7,0.01,0.01,622.657717,1776326331000
1776326333.336,233.336,0.97,5.0,0.96,72.7,0.98,12.95,0.99,5562.6,0.02,12.95,0.01,5562.6,0.03,5.0,0.04,72.7,0.01,0.01,622.657907,1776326332000
1776326334.262,234.262,0.97,5.0,0.96,72.7,0.98,12.95,0.99,5562.6,0.02,12.95,0.01,5562.6,0.03,5.0,0.04,72.7,0.01,0.01,622.658261,1776326333000
1776326335.253,235.253,0.97,5.0,0.96,72.7,0.98,12.95,0.99,5562.6,0.02,12.95,0.01,5562.6,0.03,5.0,0.04,72.7,0.01,0.01,622.657246,1776326334000
1776326336.312,236.312,0.97,5.0,0.96,72.7,0.98,12.95,0.99,5562.6,0.02,12.95,0.01,5562.6,0.03,5.0,0.04,72.7,0.01,0.01,622.657246,1776326335000
1776326337.149,237.149,0.97,5.0,0.96,72.7,0.98,12.95,0.99,5562.6,0.02,12.95,0.01,5562.6,0.03,5.0,0.04,72.7,0.01,0.01,622.654052,1776326336000
1776326337.66,237.66,0.97,94.3,0.96,72.7,0.98,8.86,0.99,562.6,0.02,12.95,0.01,5562.6,0.03,5.0,0.04,72.7,0.01,0.01,622.654052,1776326336000
1776326338.171,238.171,0.97,94.3,0.96,72.7,0.98,8.86,0.99,562.6,0.02,8.86,0.01,562.6,0.03,94.3,0.04,72.7,0.01,0.01,622.657038,1776326337000
1776326338.479,238.479,0.97,5.0,0.96,72.7,0.99,562.6,,,0.02,8.86,0.01,562.6,0.03,94.3,0.04,72.7,0.02,0.01,622.657038,1776326337000
1776326339.133,239.133,0.97,5.0,0.96,72.7,0.99,562.6,,,0.01,562.6,,,0.03,5.0,0.04,72.7,0.02,0.02,622.645118,1776326338000
1776326340.072,240.072,0.97,5.0,0.96,72.7,0.99,562.6,,,0.01,562.6,,,0.03,5.0,0.04,72.7,0.02,0.02,622.588695,1776326339000
1776326340.38,240.38,0.98,0.44,0.97,94.3,0.99,562.6,,,0.01,562.6,,,0.03,5.0,0.04,72.7,0.01,0.02,622.588695,1776326339000
1776326341.211,241.211,0.98,0.44,0.97,94.3,0.99,562.6,,,0.01,562.6,,,0.02,0.44,0.03,94.3,0.01,0.01,622.614,1776326340000
1776326342.189,242.189,0.98,0.44,0.97,94.3,0.99,562.6,,,0.01,562.6,,,0.02,0.44,0.03,94.3,0.01,0.01,622.615,1776326341000
1776326343.161,243.161,0.98,0.44,0.97,94.3,0.99,562.6,,,0.01,562.6,,,0.02,0.44,0.03,94.3,0.01,0.01,622.617,1776326342000
1776326343.933,243.933,0.98,0.44,0.97,94.3,0.99,552.5,,,0.01,562.6,,,0.02,0.44,0.03,94.3,0.01,0.01,622.617,1776326342000
1776326344.237,244.237,0.98,0.44,0.97,94.3,0.99,552.5,,,0.01,552.5,,,0.02,0.44,0.03,94.3,0.01,0.01,622.621,1776326343000
1776326345.222,245.222,0.98,0.44,0.97,94.3,0.99,552.5,,,0.01,552.5,,,0.02,0.44,0.03,94.3,0.01,0.01,622.616,1776326344000
1776326346.231,246.231,0.98,0.44,0.97,94.3,0.99,552.5,,,0.01,552.5,,,0.02,0.44,0.03,94.3,0.01,0.01,622.625,1776326345000
1776326347.612,247.612,0.98,0.44,0.97,94.3,0.99,552.5,,,0.01,552.5,,,0.02,0.44,0.03,94.3,0.01,0.01,622.626,1776326346000
1776326348.141,248.141,0.98,0.44,0.97,94.3,0.99,552.5,,,0.01,552.5,,,0.02,0.44,0.03,94.3,0.01,0.01,622.651889,1776326347000
1776326349.304,249.304,0.98,0.44,0.97,94.3,0.99,552.5,,,0.01,552.5,,,0.02,0.44,0.03,94.3,0.01,0.01,622.657692,1776326348000
1776326350.337,250.337,0.98,0.44,0.97,94.3,0.99,552.5,,,0.01,552.5,,,0.02,0.44,0.03,94.3,0.01,0.01,622.660091,1776326349000
1776326350.905,250.905,0.98,0.44,0.97,94.3,0.99,552.5,,,0.01,552.5,,,0.02,0.44,0.03,94.3,0.01,0.01,622.660151,1776326350000
1776326352.252,252.252,0.98,0.44,0.97,94.3,0.99,552.5,,,0.01,552.5,,,0.02,0.44,0.03,94.3,0.01,0.01,622.660483,1776326351000
1776326353.404,253.404,0.98,0.44,0.97,94.3,0.99,552.5,,,0.01,552.5,,,0.02,0.44,0.03,94.3,0.01,0.01,622.660711,1776326352000
1776326353.872,253.872,0.98,133.13,0.97,94.3,0.99,159.8,0.999,100.0,0.01,552.5,,,0.02,0.44,0.03,94.3,0.01,0.01,622.660711,1776326352000
1776326354.911,254.911,0.98,133.13,0.97,94.3,0.99,149.8,0.999,550.0,0.01,159.8,0.001,100.0,0.02,133.13,0.03,94.3,0.01,0.01,622.66061,1776326353000
1776326355.34,255.34,0.98,133.13,0.97,94.3,0.99,149.8,0.999,550.0,0.01,149.8,0.001,550.0,0.02,133.13,0.03,94.3,0.01,0.01,622.658011,1776326354000
1776326355.604,255.604,0.98,133.13,0.97,94.3,0.99,148.78,0.999,550.0,0.01,149.8,0.001,550.0,0.02,133.13,0.03,94.3,0.01,0.01,622.658011,1776326354000
1776326355.906,255.906,0.98,133.13,0.97,94.3,0.99,148.78,0.999,550.0,0.01,148.78,0.001,550.0,0.02,133.13,0.03,94.3,0.01,0.01,622.658075,1776326355000
1776326357.158,257.158,0.98,133.13,0.97,94.3,0.99,148.78,0.999,550.0,0.01,148.78,0.001,550.0,0.02,133.13,0.03,94.3,0.01,0.01,622.658038,1776326356000
1776326358.237,258.237,0.98,133.13,0.97,94.3,0.99,148.78,0.999,550.0,0.01,148.78,0.001,550.0,0.02,133.13,0.03,94.3,0.01,0.01,622.657131,1776326357000
1776326359.432,259.432,0.98,133.13,0.97,94.3,0.99,148.78,0.999,550.0,0.01,148.78,0.001,550.0,0.02,133.13,0.03,94.3,0.01,0.01,622.657536,1776326358000
1776326360.017,260.017,0.98,133.13,0.97,94.3,0.99,148.78,0.999,550.0,0.01,148.78,0.001,550.0,0.02,133.13,0.03,94.3,0.01,0.01,622.651889,1776326359000
1776326360.346,260.346,0.98,133.13,0.97,94.3,0.99,143.78,0.998,50.0,0.01,148.78,0.001,550.0,0.02,133.13,0.03,94.3,0.01,0.01,622.651889,1776326359000
1776326360.621,260.621,0.98,133.13,0.97,94.3,0.99,139.73,0.997,6.0,0.01,143.78,0.002,50.0,0.02,133.13,0.03,94.3,0.01,0.01,622.651889,1776326359000
1776326361.192,261.192,0.98,133.13,0.97,94.3,0.99,139.73,0.997,6.0,0.01,139.73,0.003,6.0,0.02,133.13,0.03,94.3,0.01,0.01,622.650477,1776326360000
1776326362.879,262.879,0.98,133.13,0.97,94.3,0.99,139.73,0.997,6.0,0.01,139.73,0.003,6.0,0.02,133.13,0.03,94.3,0.01,0.01,622.653196,1776326361000
1776326363.377,263.377,0.98,133.13,0.97,94.3,0.99,139.73,0.997,6.0,0.01,139.73,0.003,6.0,0.02,133.13,0.03,94.3,0.01,0.01,622.653244,1776326362000
1776326364.002,264.002,0.98,133.13,0.97,94.3,0.99,139.73,0.997,6.0,0.01,139.73,0.003,6.0,0.02,133.13,0.03,94.3,0.01,0.01,622.659805,1776326363000
1776326365.001,265.001,0.98,133.13,0.97,94.3,0.99,139.73,0.997,6.0,0.01,139.73,0.003,6.0,0.02,133.13,0.03,94.3,0.01,0.01,622.660065,1776326364000
1776326365.525,265.525,0.98,133.13,0.97,94.3,0.99,138.71,0.995,6.0,0.01,139.73,0.003,6.0,0.02,133.13,0.03,94.3,0.01,0.01,622.660065,1776326364000
1776326366.066,266.066,0.98,133.13,0.97,94.3,0.99,138.71,0.995,6.0,0.01,138.71,0.005,6.0,0.02,133.13,0.03,94.3,0.01,0.01,622.659757,1776326365000
1776326367.126,267.126,0.98,133.13,0.97,94.3,0.99,138.71,0.995,6.0,0.01,138.71,0.005,6.0,0.02,133.13,0.03,94.3,0.01,0.01,622.659307,1776326366000
1776326367.501,267.501,0.98,133.13,0.97,94.3,0.99,87.71,0.995,6.0,0.01,138.71,0.005,6.0,0.02,133.13,0.03,94.3,0.01,0.01,622.659307,1776326366000
1776326368.23,268.23,0.98,133.13,0.97,94.3,0.99,87.71,0.995,6.0,0.01,87.71,0.005,6.0,0.02,133.13,0.03,94.3,0.01,0.01,622.659307,1776326367000
1776326369.24,269.24,0.98,133.13,0.97,94.3,0.99,87.71,0.995,6.0,0.01,87.71,0.005,6.0,0.02,133.13,0.03,94.3,0.01,0.01,622.67287,1776326368000
1776326370.229,270.229,0.98,133.13,0.97,94.3,0.99,87.71,0.995,6.0,0.01,87.71,0.005,6.0,0.02,133.13,0.03,94.3,0.01,0.01,622.701913,1776326369000
1776326370.437,270.437,0.99,917.34,0.98,133.13,0.995,6.0,0.997,6.0,0.01,82.66,0.005,6.0,0.02,133.13,0.03,94.3,0.005,0.01,622.701913,1776326369000
1776326371.233,271.233,0.99,917.34,0.98,133.13,0.995,6.0,0.997,6.0,0.005,6.0,0.003,6.0,0.01,917.34,0.02,133.13,0.005,0.005,622.72606,1776326370000
1776326371.449,271.449,0.99,1544.41,0.98,133.13,0.995,0.97,0.997,6.0,0.005,6.0,0.003,6.0,0.01,917.34,0.02,133.13,0.005,0.005,622.72606,1776326370000
1776326372.25,272.25,0.99,1544.41,0.98,133.13,0.999,297.94,,,0.001,297.94,,,0.01,1544.41,0.02,133.13,0.009,0.009,622.73676,1776326371000
1776326372.609,272.609,0.99,2046.41,0.98,133.13,0.999,296.73,,,0.001,297.94,,,0.01,1544.41,0.02,133.13,0.009,0.009,622.73676,1776326371000
1776326373.113,273.113,0.99,2046.41,0.98,133.13,0.999,284.5,,,0.001,294.51,,,0.01,2046.41,0.02,133.13,0.009,0.009,622.73676,1776326371000
1776326373.405,273.405,0.99,2046.41,0.98,133.13,0.999,274.49,,,0.001,274.49,,,0.01,2046.41,0.02,133.13,0.009,0.009,622.752,1776326372000
1776326373.907,273.907,0.99,2046.41,0.98,133.13,0.999,271.48,,,0.001,274.49,,,0.01,2046.41,0.02,133.13,0.009,0.009,622.752,1776326372000
1776326374.873,274.873,0.99,2046.41,0.98,133.13,0.999,271.48,,,0.001,271.48,,,0.01,2046.41,0.02,133.13,0.009,0.009,622.729157,1776326374000
1776326377.772,277.772,0.99,2046.41,0.98,133.13,0.999,271.48,,,0.001,271.48,,,0.01,2046.41,0.02,133.13,0.009,0.009,622.732513,1776326376000
1776326378.335,278.335,0.99,2046.41,0.98,133.13,0.999,271.48,,,0.001,271.48,,,0.01,2046.41,0.02,133.13,0.009,0.009,622.732494,1776326377000
1776326378.941,278.941,0.99,2046.41,0.98,133.13,0.999,271.48,,,0.001,271.48,,,0.01,2046.41,0.02,133.13,0.009,0.009,622.728002,1776326378000
1776326380.139,280.139,0.99,2046.41,0.98,133.13,0.999,271.48,,,0.001,271.48,,,0.01,2046.41,0.02,133.13,0.009,0.009,622.728002,1776326379000
1776326381.325,281.325,0.99,2046.41,0.98,133.13,0.999,271.48,,,0.001,271.48,,,0.01,2046.41,0.02,133.13,0.009,0.009,622.730593,1776326380000
1776326382.547,282.547,0.99,2046.41,0.98,133.13,0.999,271.48,,,0.001,271.48,,,0.01,2046.41,0.02,133.13,0.009,0.009,622.736237,1776326381000
1776326383.053,283.053,0.99,2046.41,0.98,133.13,0.999,271.48,,,0.001,271.48,,,0.01,2046.41,0.02,133.13,0.009,0.009,622.736608,1776326382000
1776326384.268,284.268,0.99,2046.41,0.98,133.13,0.999,271.48,,,0.001,271.48,,,0.01,2046.41,0.02,133.13,0.009,0.009,622.736608,1776326383000
1776326385.455,285.455,0.99,2046.41,0.98,133.13,0.999,271.48,,,0.001,271.48,,,0.01,2046.41,0.02,133.13,0.009,0.009,622.732631,1776326384000
1776326385.944,285.944,0.99,2551.41,0.98,0.44,0.999,266.48,,,0.001,266.48,,,0.01,2551.41,0.02,0.44,0.009,0.009,622.732631,1776326385000
1776326387.125,287.125,0.99,2551.41,0.98,0.44,0.999,266.48,,,0.001,266.48,,,0.01,2551.41,0.02,0.44,0.009,0.009,622.735506,1776326386000
1776326388.179,288.179,0.99,2551.41,0.98,0.44,0.999,266.48,,,0.001,266.48,,,0.01,2551.41,0.02,0.44,0.009,0.009,622.733795,1776326387000
1776326389.288,289.288,0.99,2551.41,0.98,0.44,0.999,266.48,,,0.001,266.48,,,0.01,2551.41,0.02,0.44,0.009,0.009,622.729232,1776326388000
1776326390.085,290.085,0.99,2652.41,0.98,0.44,0.999,261.48,,,0.001,266.48,,,0.01,2551.41,0.02,0.44,0.009,0.009,622.729232,1776326388000
1776326392.076,292.076,0.99,2652.41,0.98,0.44,0.999,245.35,,,0.001,261.48,,,0.01,2652.41,0.02,0.44,0.009,0.009,622.729286,1776326390000
1776326394.631,294.631,0.99,2657.46,0.98,0.44,0.999,227.33,,,0.001,245.35,,,0.01,2652.41,0.02,0.44,0.009,0.009,622.738308,1776326392000
1776326395.1,295.1,0.99,2657.46,0.98,0.44,0.999,221.34,,,0.001,227.33,,,0.01,2657.46,0.02,0.44,0.009,0.009,622.738329,1776326393000
1776326395.506,295.506,0.99,2657.46,0.98,0.44,0.999,216.34,,,0.001,221.34,,,0.01,2657.46,0.02,0.44,0.009,0.009,622.737583,1776326394000
1776326398.665,298.665,0.99,3199.46,0.98,0.44,0.999,196.34,,,0.001,216.34,,,0.01,2657.46,0.02,0.44,0.009,0.009,622.733128,1776326397000
1776326399.416,299.416,0.991,10.0,0.99,3334.46,0.999,96.24,,,0.001,196.34,,,0.01,3199.46,0.02,0.44,0.008,0.009,622.73308,1776326398000

# RESULT,winner=Up,slug=bnb-updown-5m-1776326100,ticks=330
