timestamp,elapsed_sec,up_bid_p1,up_bid_s1,up_bid_p2,up_bid_s2,up_ask_p1,up_ask_s1,up_ask_p2,up_ask_s2,down_bid_p1,down_bid_s1,down_bid_p2,down_bid_s2,down_ask_p1,down_ask_s1,down_ask_p2,down_ask_s2,up_spread,down_spread,bnb_price,bnb_oracle_ts
1776273900.558,0.558,0.52,5.0,0.47,8.51,0.59,37.0,0.6,33.0,0.47,21.0,0.46,64.0,0.53,21.0,0.54,64.0,0.07,0.06,620.282285,1776273899000
1776273900.968,0.968,0.52,5.0,0.47,8.51,0.59,37.0,0.6,33.0,0.41,37.0,0.4,33.0,0.48,5.0,0.53,8.51,0.07,0.07,620.281341,1776273900000
1776273902.088,2.088,0.52,5.0,0.47,8.51,0.59,37.0,0.6,33.0,0.41,37.0,0.4,33.0,0.48,5.0,0.53,8.51,0.07,0.07,620.282498,1776273901000
1776273903.169,3.169,0.52,5.0,0.47,8.51,0.59,37.0,0.6,33.0,0.41,37.0,0.4,33.0,0.48,5.0,0.53,8.51,0.07,0.07,620.286415,1776273902000
1776273904.289,4.289,0.52,5.0,0.47,8.51,0.59,37.0,0.6,33.0,0.41,37.0,0.4,33.0,0.48,5.0,0.53,8.51,0.07,0.07,620.308794,1776273903000
1776273905.479,5.479,0.52,5.0,0.47,8.51,0.59,37.0,0.6,33.0,0.41,37.0,0.4,33.0,0.48,5.0,0.53,8.51,0.07,0.07,620.308519,1776273904000
1776273906.061,6.061,0.52,5.0,0.47,8.51,0.59,37.0,0.6,33.0,0.41,37.0,0.4,33.0,0.48,5.0,0.53,8.51,0.07,0.07,620.308519,1776273905000
1776273907.18,7.18,0.52,5.0,0.47,8.51,0.59,37.0,0.6,33.0,0.41,37.0,0.4,33.0,0.48,5.0,0.53,8.51,0.07,0.07,620.312887,1776273906000
1776273908.161,8.161,0.52,5.0,0.47,8.51,0.59,37.0,0.6,33.0,0.41,37.0,0.4,33.0,0.48,5.0,0.53,8.51,0.07,0.07,620.327445,1776273907000
1776273909.127,9.127,0.52,5.0,0.47,8.51,0.59,37.0,0.6,33.0,0.41,37.0,0.4,33.0,0.48,5.0,0.53,8.51,0.07,0.07,620.334978,1776273908000
1776273910.135,10.135,0.52,5.0,0.47,8.51,0.59,37.0,0.6,33.0,0.41,37.0,0.4,33.0,0.48,5.0,0.53,8.51,0.07,0.07,620.335189,1776273909000
1776273911.474,11.474,0.53,10.0,0.52,10.0,0.6,5.0,0.62,10.0,0.41,37.0,0.4,33.0,0.48,5.0,0.53,8.51,0.07,0.07,620.339761,1776273910000
1776273914.584,14.584,0.59,5.0,0.58,5.0,0.62,10.0,0.63,5.0,0.4,5.0,0.38,10.0,0.47,10.0,0.48,10.0,0.03,0.07,620.379089,1776273913000
1776273914.886,14.886,0.59,5.0,0.58,5.0,0.61,5.0,0.62,10.0,0.38,10.0,0.37,5.0,0.41,5.0,0.42,5.0,0.02,0.03,620.379089,1776273913000
1776273920.777,20.777,0.55,5.0,0.54,10.0,0.58,5.0,0.59,5.0,0.39,5.0,0.38,10.0,0.41,5.0,0.42,5.0,0.03,0.02,620.383563,1776273919000
1776273926.12,26.12,0.57,5.0,0.56,5.0,0.59,5.0,0.6,5.0,0.42,5.0,0.41,5.0,0.45,5.0,0.46,10.0,0.02,0.03,620.419051,1776273925000
1776273947.351,47.351,0.6,5.0,0.59,5.0,0.62,3.38,0.63,10.0,0.41,5.0,0.4,5.0,0.43,5.0,0.44,5.0,0.02,0.02,620.367856,1776273945000
1776273954.555,54.555,0.58,10.08,0.57,5.0,0.6,5.0,0.61,5.0,0.38,3.38,0.37,10.0,0.4,5.0,0.41,5.0,0.02,0.02,620.34397,1776273953000
1776273960.528,60.528,0.68,5.0,0.67,5.0,0.71,5.0,0.79,15.7,0.4,5.0,0.39,5.0,0.42,10.08,0.43,5.0,0.03,0.02,620.345645,1776273959000
1776273960.968,60.968,0.78,5.0,0.77,5.0,0.8,21.2,0.81,71.89,0.29,5.0,0.21,15.7,0.32,5.0,0.33,5.0,0.02,0.03,620.346305,1776273960000
1776273961.607,61.607,0.78,5.0,0.77,5.0,0.8,5.0,0.81,50.0,0.2,21.2,0.19,71.89,0.22,5.0,0.23,5.0,0.02,0.02,620.346305,1776273960000
1776273963.293,63.293,0.82,5.0,0.81,5.0,0.85,10.0,0.86,5.0,0.2,5.0,0.19,50.0,0.23,3.69,0.24,5.0,0.03,0.03,620.497332,1776273962000
1776273963.713,63.713,0.82,5.0,0.81,5.0,0.84,5.0,0.85,10.0,0.15,10.0,0.14,5.0,0.18,5.0,0.19,5.0,0.02,0.03,620.497332,1776273962000
1776273964.654,64.654,0.83,5.0,0.82,5.0,0.85,10.0,0.86,5.0,0.16,5.0,0.15,10.0,0.18,5.0,0.19,5.0,0.02,0.02,620.634447,1776273963000
1776273965.33,65.33,0.83,5.0,0.82,5.0,0.85,4.0,0.86,5.0,0.15,10.0,0.14,5.0,0.17,5.0,0.18,5.0,0.02,0.02,620.641829,1776273964000
1776273970.568,70.568,0.83,5.0,0.82,5.0,0.86,5.0,0.87,5.0,0.15,4.0,0.14,5.0,0.17,5.0,0.18,5.0,0.03,0.02,620.648989,1776273969000
1776273975.643,75.643,0.9,5.0,0.89,5.0,0.92,3.78,0.93,5.0,0.14,5.0,0.13,5.0,0.17,5.0,0.18,5.0,0.02,0.03,620.684347,1776273974000
1776273977.097,77.097,0.9,5.0,0.89,5.0,0.95,51.75,0.96,72.7,0.08,3.78,0.07,5.0,0.1,5.0,0.11,5.0,0.05,0.02,620.685041,1776273975000
1776273993.219,93.219,0.77,5.0,0.76,5.0,0.79,3.73,0.8,5.0,0.04,72.7,0.03,94.3,0.07,5.0,0.08,5.0,0.02,0.03,620.685904,1776273991000
1776273999.016,99.016,0.72,4.1,0.71,5.0,0.75,5.0,0.76,5.0,0.21,3.73,0.2,5.0,0.23,5.0,0.24,5.0,0.03,0.02,620.542374,1776273998000
1776273999.491,99.491,0.73,4.1,0.72,4.1,0.75,5.0,0.76,5.0,0.25,5.0,0.24,5.0,0.28,4.1,0.29,5.0,0.02,0.03,620.542374,1776273998000
1776274001.089,101.089,0.76,5.0,0.75,5.0,0.78,15.2,0.79,19.43,0.26,5.0,0.25,5.0,0.28,4.1,0.29,5.0,0.02,0.02,620.541489,1776274000000
1776274004.453,104.453,0.78,5.0,0.77,5.0,0.8,5.0,0.81,55.0,0.22,15.2,0.21,19.43,0.24,5.0,0.25,5.0,0.02,0.02,620.584,1776274003000
1776274017.27,117.27,0.85,24.49,0.84,24.3,0.88,5.0,0.89,5.0,0.2,5.0,0.19,55.0,0.22,5.0,0.23,5.0,0.03,0.02,620.740855,1776274016000
1776274017.628,117.628,0.86,21.6,0.85,24.49,0.89,3.83,0.9,5.0,0.12,5.0,0.11,5.0,0.15,24.49,0.16,24.3,0.03,0.03,620.740855,1776274016000
1776274017.83,117.83,0.86,25.7,0.85,24.49,0.89,3.83,0.9,5.0,0.11,3.83,0.1,5.0,0.14,21.6,0.15,24.49,0.03,0.03,620.740855,1776274016000
1776274031.933,131.933,0.87,28.0,0.86,25.7,0.89,0.68,0.9,5.0,0.11,3.83,0.1,5.0,0.14,25.7,0.15,24.49,0.02,0.03,620.735341,1776274030000
1776274045.275,145.275,0.89,30.67,0.88,29.6,0.91,55.0,0.92,5.0,0.11,0.68,0.1,5.0,0.13,28.0,0.14,25.7,0.02,0.02,620.738474,1776274043000
1776274048.312,148.312,0.95,5.0,0.94,75.0,0.96,5.0,0.97,5.0,0.09,55.0,0.08,5.0,0.11,30.67,0.12,29.6,0.01,0.02,620.739939,1776274047000
1776274048.801,148.801,0.95,10.0,0.94,75.0,0.97,5.0,0.98,17.0,0.04,5.0,0.03,5.0,0.05,5.0,0.06,75.0,0.02,0.01,620.739939,1776274047000
1776274049.257,149.257,0.97,5.0,0.96,5.0,0.98,17.0,0.99,1026.6,0.03,5.0,0.02,17.0,0.05,10.0,0.06,75.0,0.01,0.02,620.740376,1776274048000
1776274050.062,150.062,0.96,5.0,0.95,10.0,0.97,61.66,0.98,17.0,0.02,17.0,0.01,1026.6,0.03,5.0,0.04,5.0,0.01,0.01,620.740376,1776274048000
1776274050.616,150.616,0.95,14.7,0.94,56.1,0.97,61.66,0.98,17.0,0.03,61.66,0.02,17.0,0.04,5.0,0.05,10.0,0.02,0.01,621.10459,1776274049000
1776274052.526,152.526,0.95,14.7,0.94,56.1,0.97,5.0,0.98,149.69,0.03,61.66,0.02,17.0,0.05,14.7,0.06,56.1,0.02,0.02,621.131538,1776274051000
1776274059.624,159.624,0.96,60.34,0.95,19.7,0.97,5.0,0.98,17.0,0.03,5.0,0.02,149.69,0.05,14.7,0.06,56.1,0.01,0.02,621.079469,1776274058000
1776274069.509,169.509,0.96,70.34,0.95,19.7,0.97,2.93,0.98,17.0,0.03,5.0,0.02,17.0,0.04,60.34,0.05,19.7,0.01,0.01,621.306387,1776274067000
1776274069.946,169.946,0.96,70.34,0.95,19.7,0.98,12.74,0.99,225.0,0.03,2.93,0.02,17.0,0.04,70.34,0.05,19.7,0.02,0.01,621.343104,1776274068000
1776274070.85,170.85,0.97,89.3,0.96,75.34,0.99,217.4,,,0.02,12.74,0.01,225.0,0.04,70.34,0.05,19.7,0.02,0.02,621.343104,1776274069000
1776274081.439,181.439,0.98,132.69,0.97,94.3,0.99,215.37,,,0.01,217.4,,,0.03,89.3,0.04,75.34,0.01,0.02,621.375125,1776274080000
1776274083.051,183.051,0.98,132.69,0.97,94.3,0.99,2.73,,,0.01,215.37,,,0.02,132.69,0.03,94.3,0.01,0.01,621.372843,1776274081000
1776274083.567,183.567,0.98,132.69,0.97,94.3,0.99,0.7,,,0.01,2.73,,,0.02,132.69,0.03,94.3,0.01,0.01,621.372063,1776274082000
1776274086.862,186.862,0.99,999.3,0.98,137.69,,,,,0.01,0.7,,,0.02,132.69,0.03,94.3,,0.01,621.375873,1776274085000

# RESULT,winner=Up,slug=bnb-updown-5m-1776273900,ticks=52
