timestamp,elapsed_sec,up_bid_p1,up_bid_s1,up_bid_p2,up_bid_s2,up_ask_p1,up_ask_s1,up_ask_p2,up_ask_s2,down_bid_p1,down_bid_s1,down_bid_p2,down_bid_s2,down_ask_p1,down_ask_s1,down_ask_p2,down_ask_s2,up_spread,down_spread,bnb_price,bnb_oracle_ts
1776342903.837,3.837,0.49,5.0,0.48,5.0,0.61,50.0,0.68,5.0,0.5,6.0,0.41,37.0,0.59,37.0,0.6,33.0,0.12,0.09,621.659035,1776342902000
1776342904.928,4.928,0.57,5.0,0.56,5.0,0.59,5.0,0.6,5.0,0.39,50.0,0.32,5.0,0.51,5.0,0.52,5.0,0.02,0.12,621.741604,1776342904000
1776342905.822,5.822,0.59,10.0,0.58,5.0,0.61,12.69,0.62,5.0,0.41,5.0,0.4,5.0,0.43,5.0,0.44,5.0,0.02,0.02,621.741604,1776342904000
1776342908.298,8.298,0.53,5.0,0.52,5.0,0.6,5.0,0.61,17.69,0.39,12.69,0.38,5.0,0.41,10.0,0.42,5.0,0.07,0.02,621.72251,1776342907000
1776342911.932,11.932,0.51,5.0,0.5,15.0,0.54,5.0,0.55,5.0,0.4,5.0,0.39,17.69,0.47,5.0,0.48,5.0,0.03,0.07,621.633,1776342910000
1776342918.418,18.418,0.45,3.18,0.44,5.0,0.46,5.0,0.47,5.0,0.46,5.0,0.45,5.0,0.49,5.0,0.5,15.0,0.01,0.03,621.612266,1776342917000
1776342924.524,24.524,0.35,5.0,0.34,11.0,0.37,5.0,0.38,5.0,0.54,5.0,0.53,5.0,0.55,3.18,0.56,5.0,0.02,0.01,621.561,1776342922000
1776342947.258,47.258,0.36,5.0,0.35,5.0,0.38,5.0,0.39,5.0,0.63,5.0,0.62,5.0,0.65,5.0,0.66,11.0,0.02,0.02,621.538489,1776342946000
1776342985.954,85.954,0.43,5.0,0.42,5.0,0.46,5.0,0.47,10.0,0.62,5.0,0.61,5.0,0.64,5.0,0.65,5.0,0.03,0.02,621.537036,1776342984000
1776342995.074,95.074,0.42,5.0,0.41,5.0,0.45,5.0,0.46,5.0,0.54,5.0,0.53,10.0,0.57,5.0,0.58,5.0,0.03,0.03,621.540982,1776342993000
1776342997.593,97.593,0.47,5.0,0.46,5.0,0.49,11.0,0.5,10.0,0.55,5.0,0.54,5.0,0.58,5.0,0.59,5.0,0.02,0.03,621.543055,1776342996000
1776343013.716,113.716,0.42,5.0,0.41,5.0,0.49,6.71,0.5,10.0,0.51,11.0,0.5,10.0,0.53,5.0,0.54,5.0,0.07,0.02,621.541449,1776343012000
1776343018.396,118.396,0.47,5.0,0.46,5.0,0.49,11.0,0.5,5.0,0.51,6.71,0.5,10.0,0.58,5.0,0.59,5.0,0.02,0.07,621.538957,1776343017000
1776343025.594,125.594,0.41,2.0,0.4,5.0,0.44,10.0,0.45,5.0,0.51,11.0,0.5,5.0,0.53,5.0,0.54,5.0,0.03,0.02,621.534928,1776343024000
1776343030.117,130.117,0.37,5.0,0.36,5.0,0.38,17.0,0.39,10.0,0.58,5.0,0.57,5.0,0.61,5.0,0.62,5.0,0.01,0.03,621.5236,1776343029000
1776343044.397,144.397,0.2,4.0,0.19,10.0,0.21,5.0,0.22,5.0,0.62,17.0,0.61,10.0,0.63,5.0,0.64,5.0,0.01,0.01,621.505561,1776343042000
1776343050.419,150.419,0.16,2.92,0.15,5.0,0.19,5.0,0.2,5.0,0.79,5.0,0.78,5.0,0.8,4.0,0.81,10.0,0.03,0.01,621.363963,1776343048000
1776343053.562,153.562,0.24,5.0,0.23,5.0,0.26,10.0,0.27,5.0,0.81,5.0,0.8,5.0,0.84,2.92,0.85,5.0,0.02,0.03,621.343578,1776343052000
1776343070.425,170.425,0.28,5.0,0.27,5.0,0.34,11.6,0.35,16.4,0.74,10.0,0.73,5.0,0.76,5.0,0.77,5.0,0.06,0.02,621.348429,1776343069000
1776343070.651,170.651,0.3,5.0,0.29,5.0,0.32,5.0,0.33,5.0,0.66,11.6,0.65,16.4,0.72,5.0,0.73,5.0,0.02,0.06,621.348429,1776343069000
1776343081.088,181.088,0.33,15.3,0.32,21.9,0.34,5.0,0.35,5.0,0.68,5.0,0.67,5.0,0.71,5.0,0.72,5.0,0.01,0.03,621.521,1776343080000
1776343123.653,223.653,0.2,21.2,0.19,21.89,0.25,5.0,0.26,11.76,0.66,5.0,0.65,5.0,0.67,15.3,0.68,21.9,0.05,0.01,621.507269,1776343122000
1776343126.623,226.623,0.21,14.7,0.2,21.2,0.23,5.0,0.24,5.0,0.75,5.0,0.74,11.76,0.8,21.2,0.81,21.89,0.02,0.05,621.505421,1776343125000
1776343136.156,236.156,0.1,5.0,0.09,11.0,0.11,5.0,0.12,5.0,0.77,5.0,0.76,5.0,0.79,14.7,0.8,21.2,0.01,0.02,621.463,1776343135000
1776343137.53,237.53,0.09,11.0,0.08,47.29,0.11,5.0,0.12,5.0,0.89,5.0,0.88,5.0,0.91,11.0,0.92,12.0,0.02,0.02,621.463,1776343136000
1776343140.594,240.594,0.11,5.0,0.1,5.0,0.13,5.0,0.14,5.0,0.89,5.0,0.88,5.0,0.91,11.0,0.92,47.29,0.02,0.02,621.441,1776343139000
1776343143.678,243.678,0.1,10.0,0.09,47.7,0.12,5.0,0.13,5.0,0.87,5.0,0.86,5.0,0.89,5.0,0.9,5.0,0.02,0.02,621.466256,1776343142000
1776343151.247,251.247,0.09,16.0,0.08,64.79,0.13,5.0,0.14,5.0,0.88,5.0,0.87,5.0,0.9,10.0,0.91,47.7,0.04,0.02,621.394313,1776343150000
1776343153.786,253.786,0.24,5.0,0.23,5.0,0.26,6.76,0.29,5.0,0.87,5.0,0.86,5.0,0.91,16.0,0.92,64.79,0.02,0.04,621.475,1776343152000
1776343156.266,256.266,0.15,25.39,0.14,26.6,0.17,5.0,0.18,5.0,0.74,6.76,0.71,5.0,0.76,5.0,0.77,5.0,0.02,0.02,621.507284,1776343155000
1776343163.27,263.27,0.21,5.0,0.2,5.0,0.23,5.0,0.24,5.0,0.83,5.0,0.82,5.0,0.85,25.39,0.86,26.6,0.02,0.02,621.467357,1776343162000
1776343165.517,265.517,0.21,3.1,0.2,5.0,0.22,5.0,0.23,5.0,0.77,5.0,0.76,5.0,0.79,5.0,0.8,5.0,0.01,0.02,621.487673,1776343164000
1776343166.073,266.073,0.19,3.76,0.18,5.0,0.2,5.0,0.21,5.0,0.77,5.0,0.76,5.0,0.79,1.83,0.8,5.0,0.01,0.02,621.487673,1776343164000
1776343168.207,268.207,0.13,23.0,0.12,24.6,0.15,5.0,0.16,5.0,0.8,5.0,0.79,5.0,0.81,3.76,0.82,5.0,0.02,0.01,621.51626,1776343167000
1776343169.472,269.472,0.1,28.9,0.09,47.7,0.12,1.25,0.13,5.0,0.85,5.0,0.84,5.0,0.87,23.0,0.88,24.6,0.02,0.02,621.51539,1776343168000
1776343170.615,270.615,0.11,6.0,0.1,28.9,0.12,2.29,0.13,5.0,0.88,1.25,0.87,5.0,0.9,28.9,0.91,47.7,0.01,0.02,621.512983,1776343169000
1776343171.514,271.514,0.11,1.0,0.09,11.0,0.12,29.29,0.13,5.0,0.88,2.29,0.87,5.0,0.89,6.0,0.9,28.9,0.01,0.01,621.50198,1776343170000
1776343171.851,271.851,0.09,11.0,0.08,12.0,0.12,29.29,0.13,5.0,0.88,29.29,0.87,5.0,0.89,1.0,0.91,11.0,0.03,0.01,621.50198,1776343170000
1776343174.432,274.432,0.09,5.41,0.08,12.0,0.1,5.0,0.11,5.0,0.88,29.29,0.87,5.0,0.91,11.0,0.92,12.0,0.01,0.03,621.466,1776343173000
1776343174.632,274.632,0.09,0.41,0.08,12.0,0.1,51.0,0.11,5.0,0.9,5.0,0.89,5.0,0.91,5.41,0.92,12.0,0.01,0.01,621.466,1776343173000
1776343175.462,275.462,0.08,11.31,0.07,14.0,0.1,56.0,0.11,5.0,0.9,51.0,0.89,5.0,0.91,0.41,0.92,12.0,0.02,0.01,621.461,1776343174000
1776343176.67,276.67,0.08,6.31,0.07,14.0,0.09,62.48,0.1,10.0,0.9,56.0,0.89,5.0,0.92,11.31,0.93,14.0,0.01,0.02,621.461,1776343175000
1776343179.303,279.303,0.07,14.0,0.06,16.0,0.09,67.48,0.1,5.0,0.91,62.48,0.9,10.0,0.92,6.31,0.93,14.0,0.02,0.01,621.37287,1776343178000
1776343180.688,280.688,0.07,5.56,0.06,16.0,0.08,5.0,0.09,67.48,0.91,67.48,0.9,5.0,0.93,14.0,0.94,16.0,0.01,0.02,621.37895,1776343179000
1776343180.942,280.942,0.06,13.56,0.05,20.0,0.08,5.0,0.09,67.48,0.92,5.0,0.91,67.48,0.93,5.56,0.94,16.0,0.02,0.01,621.37895,1776343179000
1776343181.325,281.325,0.05,20.0,0.04,37.07,0.07,67.0,0.08,5.0,0.92,5.0,0.91,67.48,0.94,13.56,0.95,20.0,0.02,0.02,621.37045,1776343180000
1776343183.132,283.132,0.05,14.73,0.04,37.07,0.06,63.0,0.07,5.0,0.93,67.0,0.92,5.0,0.95,20.0,0.96,37.07,0.01,0.02,621.405,1776343181000
1776343183.452,283.452,0.05,1.4,0.04,37.07,0.06,63.0,0.07,5.0,0.94,63.0,0.93,5.0,0.95,14.73,0.96,37.07,0.01,0.01,621.416,1776343182000
1776343184.027,284.027,0.04,37.07,0.03,38.0,0.05,14.38,0.06,63.0,0.94,63.0,0.93,5.0,0.95,1.4,0.96,37.07,0.01,0.01,621.416,1776343182000
1776343185.208,285.208,0.04,33.73,0.03,38.0,0.05,19.38,0.06,63.0,0.95,14.38,0.94,63.0,0.96,37.07,0.97,38.0,0.01,0.01,621.422,1776343183000
1776343187.009,287.009,0.04,28.53,0.03,38.0,0.05,19.38,0.06,63.0,0.95,19.38,0.94,63.0,0.96,33.73,0.97,38.0,0.01,0.01,621.409,1776343185000
1776343187.312,287.312,0.04,6.48,0.03,38.0,0.05,19.38,0.06,63.0,0.95,19.38,0.94,63.0,0.96,28.53,0.97,38.0,0.01,0.01,621.409,1776343186000
1776343189.255,289.255,0.03,38.0,0.02,115.0,0.05,19.38,0.06,63.0,0.95,19.38,0.94,63.0,0.96,6.48,0.97,38.0,0.02,0.01,621.417034,1776343188000
1776343190.582,290.582,0.03,24.87,0.02,65.0,0.04,5.0,0.05,19.38,0.95,19.38,0.94,63.0,0.97,38.0,0.98,115.0,0.01,0.02,621.408486,1776343189000
1776343191.398,291.398,0.03,23.83,0.02,65.0,0.04,5.0,0.05,19.38,0.96,5.0,0.95,19.38,0.97,24.87,0.98,65.0,0.01,0.01,621.406928,1776343190000
1776343192.439,292.439,0.02,65.0,0.01,470.09,0.04,5.0,0.05,19.38,0.96,5.0,0.95,19.38,0.97,23.83,0.98,65.0,0.02,0.01,621.406733,1776343191000
1776343193.73,293.73,0.02,44.59,0.01,470.09,0.03,5.0,0.04,5.0,0.96,5.0,0.95,19.38,0.98,65.0,0.99,470.09,0.01,0.02,621.403909,1776343192000
1776343194.074,294.074,0.02,24.18,0.01,440.09,0.03,5.0,0.04,5.0,0.97,5.0,0.96,5.0,0.98,44.59,0.99,470.09,0.01,0.01,621.405383,1776343193000
1776343194.505,294.505,0.02,17.15,0.01,350.09,0.03,5.0,0.04,5.0,0.97,5.0,0.96,5.0,0.98,24.18,0.99,440.09,0.01,0.01,621.405383,1776343193000
1776343195.308,295.308,0.02,8.58,0.01,350.09,0.03,5.0,0.04,5.0,0.97,5.0,0.96,5.0,0.98,15.61,0.99,350.09,0.01,0.01,621.405309,1776343194000
1776343196.365,296.365,0.02,1.55,0.01,350.09,0.03,5.0,0.04,5.0,0.97,5.0,0.96,5.0,0.98,8.58,0.99,350.09,0.01,0.01,621.409783,1776343195000
1776343196.746,296.746,0.01,205.43,,,0.02,5.0,0.03,5.0,0.98,5.0,0.97,5.0,0.99,297.95,,,0.01,0.01,621.409783,1776343195000
1776343197.324,297.324,0.01,170.07,,,0.02,5.0,0.03,5.0,0.98,5.0,0.97,5.0,0.99,205.43,,,0.01,0.01,621.411194,1776343196000
1776343198.005,298.005,0.01,162.94,,,0.02,5.0,0.03,5.0,0.98,5.0,0.97,5.0,0.99,163.96,,,0.01,0.01,621.411194,1776343196000
1776343198.224,298.224,0.01,130.94,,,0.02,5.0,0.03,5.0,0.98,5.0,0.97,5.0,0.99,140.94,,,0.01,0.01,621.411194,1776343196000
1776343198.446,298.446,0.01,82.04,,,0.02,5.0,0.03,5.0,0.98,5.0,0.97,5.0,0.99,87.04,,,0.01,0.01,621.408015,1776343197000
1776343198.899,298.899,,,,,0.01,258.16,0.02,5.0,0.99,33.07,0.98,5.0,,,,,,,621.408015,1776343197000

# RESULT,winner=Down,slug=bnb-updown-5m-1776342900,ticks=67
