timestamp,elapsed_sec,up_bid_p1,up_bid_s1,up_bid_p2,up_bid_s2,up_ask_p1,up_ask_s1,up_ask_p2,up_ask_s2,down_bid_p1,down_bid_s1,down_bid_p2,down_bid_s2,down_ask_p1,down_ask_s1,down_ask_p2,down_ask_s2,up_spread,down_spread,bnb_price,bnb_oracle_ts
1776339901.245,1.245,0.41,44.32,0.4,33.0,0.59,37.0,0.6,33.0,0.41,37.0,0.4,33.0,0.59,44.32,0.6,33.0,0.18,0.18,620.36409,1776339900000
1776339904.659,4.659,0.41,36.35,0.31,425.0,0.42,5.0,0.43,5.0,0.41,37.0,0.4,33.0,0.59,44.32,0.6,33.0,0.01,0.18,620.376815,1776339903000
1776339905.57,5.57,0.28,5.71,0.27,455.0,0.29,5.0,0.3,11.0,0.58,5.0,0.57,5.0,0.59,36.35,0.69,425.0,0.01,0.01,620.376815,1776339903000
1776339905.837,5.837,0.28,5.71,0.27,460.0,0.3,11.0,0.31,5.0,0.71,5.0,0.7,11.0,0.72,5.71,0.73,455.0,0.02,0.01,620.283776,1776339904000
1776339935.579,35.579,0.36,5.0,0.35,5.0,0.39,3.0,0.4,15.0,0.7,11.0,0.69,5.0,0.72,5.71,0.73,460.0,0.03,0.02,620.20973,1776339934000
1776339955.472,55.472,0.38,5.0,0.37,5.0,0.4,15.0,0.44,5.0,0.61,3.0,0.6,15.0,0.64,5.0,0.65,5.0,0.02,0.03,620.201124,1776339954000
1776339959.262,59.262,0.38,5.0,0.37,5.0,0.4,15.0,0.43,5.0,0.6,15.0,0.56,5.0,0.62,5.0,0.63,5.0,0.02,0.02,620.200937,1776339958000
1776339961.558,61.558,0.38,5.0,0.37,5.0,0.4,5.0,0.41,15.0,0.6,15.0,0.57,5.0,0.62,5.0,0.63,5.0,0.02,0.02,620.187385,1776339960000
1776339963.378,63.378,0.38,5.0,0.37,5.0,0.4,5.0,0.41,15.0,0.6,5.0,0.59,15.0,0.62,5.0,0.63,5.0,0.02,0.02,620.177887,1776339962000
1776339972.475,72.475,0.39,5.0,0.38,5.0,0.5,5.0,0.51,5.0,0.6,5.0,0.59,15.0,0.62,5.0,0.63,5.0,0.11,0.02,620.24,1776339970000
1776339984.659,84.659,0.52,5.0,0.51,5.0,0.55,10.0,0.56,5.0,0.5,5.0,0.49,5.0,0.61,5.0,0.62,5.0,0.03,0.11,620.39449,1776339983000
1776339985.65,85.65,0.57,5.0,0.56,5.0,0.58,6.87,0.59,5.0,0.45,10.0,0.44,5.0,0.48,5.0,0.49,5.0,0.01,0.03,620.37728,1776339984000
1776339986.079,86.079,0.57,5.0,0.56,5.0,0.59,5.0,0.6,5.0,0.42,1.87,0.41,5.0,0.43,5.0,0.44,5.0,0.02,0.01,620.37728,1776339984000
1776339987.648,87.648,0.58,5.0,0.57,5.0,0.59,3.3,0.6,5.0,0.41,5.0,0.4,5.0,0.43,5.0,0.44,5.0,0.01,0.02,620.390655,1776339986000
1776339992.382,92.382,0.54,5.0,0.53,5.0,0.56,10.0,0.57,5.0,0.41,3.3,0.4,5.0,0.42,5.0,0.43,5.0,0.02,0.01,620.44331,1776339991000
1776339996.082,96.082,0.54,5.0,0.53,5.0,0.56,5.0,0.57,10.0,0.44,10.0,0.43,5.0,0.46,5.0,0.47,5.0,0.02,0.02,620.344,1776339995000
1776340003.584,103.584,0.53,5.0,0.52,5.0,0.55,5.0,0.56,20.6,0.44,5.0,0.43,10.0,0.46,5.0,0.47,5.0,0.02,0.02,620.327527,1776340002000
1776340030.089,130.089,0.48,5.0,0.47,5.0,0.49,11.0,0.53,15.4,0.45,5.0,0.44,20.6,0.47,5.0,0.48,5.0,0.01,0.02,620.33,1776340028000
1776340057.332,157.332,0.48,5.0,0.47,5.0,0.49,3.0,0.58,5.0,0.51,11.0,0.47,15.4,0.52,5.0,0.53,5.0,0.01,0.01,620.35,1776340056000
1776340061.485,161.485,0.55,7.0,0.53,5.0,0.57,5.0,0.58,5.0,0.42,5.0,0.41,5.0,0.52,5.0,0.53,5.0,0.02,0.1,620.392424,1776340060000
1776340063.198,163.198,0.55,7.0,0.54,5.0,0.57,5.0,0.58,5.0,0.43,5.0,0.42,5.0,0.45,7.0,0.47,5.0,0.02,0.02,620.394962,1776340062000
1776340069.128,169.128,0.74,5.0,0.73,5.0,0.76,5.0,0.77,19.7,0.43,5.0,0.42,5.0,0.45,7.0,0.46,5.0,0.02,0.02,620.400289,1776340067000
1776340070.682,170.682,0.72,5.0,0.71,5.0,0.74,4.0,0.75,10.0,0.24,5.0,0.23,19.7,0.27,5.0,0.28,5.0,0.02,0.03,620.409275,1776340069000
1776340071.431,171.431,0.72,5.0,0.71,5.0,0.74,4.0,0.75,5.0,0.26,4.0,0.25,10.0,0.28,5.0,0.29,5.0,0.02,0.02,620.509568,1776340070000
1776340084.433,184.433,0.74,5.0,0.73,5.0,0.76,5.0,0.77,5.0,0.26,4.0,0.25,5.0,0.28,5.0,0.29,5.0,0.02,0.02,620.61,1776340083000
1776340096.814,196.814,0.84,5.0,0.83,5.0,0.85,6.47,0.86,5.0,0.24,5.0,0.23,5.0,0.26,5.0,0.27,5.0,0.01,0.02,620.604,1776340095000
1776340113.325,213.325,0.85,5.0,0.84,5.0,0.86,15.78,0.87,28.0,0.15,6.47,0.14,5.0,0.16,5.0,0.17,5.0,0.01,0.01,620.551615,1776340112000
1776340113.973,213.973,0.85,5.0,0.84,5.0,0.86,9.64,0.87,23.0,0.14,15.78,0.13,28.0,0.15,5.0,0.16,5.0,0.01,0.01,620.551615,1776340112000
1776340135.397,235.397,0.89,54.6,0.88,29.6,0.9,0.12,0.91,11.0,0.14,9.64,0.13,23.0,0.15,5.0,0.16,5.0,0.01,0.01,620.622549,1776340134000
1776340140.501,240.501,0.89,54.6,0.88,29.6,0.91,11.0,0.92,12.0,0.1,0.12,0.09,11.0,0.11,54.6,0.12,29.6,0.02,0.01,620.627377,1776340138000
1776340142.197,242.197,0.9,33.9,0.89,54.6,0.92,10.92,0.93,14.0,0.09,4.41,0.08,12.0,0.1,5.0,0.11,54.6,0.02,0.01,620.627377,1776340140000
1776340144.393,244.393,0.91,36.7,0.9,33.9,0.92,5.46,0.93,14.0,0.08,10.92,0.07,14.0,0.1,33.9,0.11,54.6,0.01,0.02,620.631,1776340143000
1776340146.45,246.45,0.91,58.7,0.9,33.9,0.93,14.0,0.94,16.0,0.08,5.46,0.07,14.0,0.09,36.7,0.1,33.9,0.02,0.01,620.627377,1776340145000
1776340148.406,248.406,0.92,40.29,0.91,58.7,0.93,1.36,0.94,16.0,0.07,14.0,0.06,16.0,0.09,58.7,0.1,33.9,0.01,0.02,620.627377,1776340147000
1776340164.494,264.494,0.92,40.29,0.91,58.7,0.94,15.21,0.95,20.0,0.07,1.36,0.06,16.0,0.08,40.29,0.09,58.7,0.02,0.01,620.632034,1776340163000
1776340165.534,265.534,0.93,87.9,0.92,40.29,0.95,20.0,0.96,25.0,0.06,15.21,0.05,20.0,0.08,40.29,0.09,58.7,0.02,0.02,620.632064,1776340164000
1776340168.426,268.426,0.94,84.1,0.93,44.9,0.96,25.0,0.97,33.0,0.05,20.0,0.04,25.0,0.07,87.9,0.08,40.29,0.02,0.02,620.634804,1776340167000
1776340168.918,268.918,0.95,53.63,0.94,51.1,0.96,25.0,0.97,33.0,0.04,25.0,0.03,33.0,0.06,84.1,0.07,44.9,0.01,0.02,620.634804,1776340167000
1776340172.82,272.82,0.95,58.63,0.94,51.1,0.96,17.0,0.97,33.0,0.04,25.0,0.03,33.0,0.05,53.63,0.06,51.1,0.01,0.01,620.633878,1776340171000
1776340174.465,274.465,0.95,58.63,0.94,51.1,0.97,33.0,0.98,60.0,0.04,17.0,0.03,33.0,0.05,58.63,0.06,51.1,0.02,0.01,620.63,1776340173000
1776340175.272,275.272,0.96,10.0,0.95,10.0,0.97,22.79,0.98,60.0,0.03,33.0,0.02,60.0,0.05,58.63,0.06,51.1,0.01,0.02,620.632,1776340174000
1776340179.456,279.456,0.96,10.0,0.95,5.0,0.97,8.78,0.98,60.0,0.03,22.79,0.02,60.0,0.04,10.0,0.05,10.0,0.01,0.01,620.631673,1776340178000
1776340181.469,281.469,0.96,10.0,0.95,5.0,0.97,0.01,0.98,60.0,0.03,8.78,0.02,60.0,0.04,10.0,0.05,5.0,0.01,0.01,620.631673,1776340180000
1776340188.254,288.254,0.96,10.0,0.95,5.0,0.98,58.98,0.99,455.09,0.03,0.01,0.02,60.0,0.04,10.0,0.05,5.0,0.02,0.01,620.631673,1776340187000
1776340188.52,288.52,0.97,5.0,0.96,10.0,0.98,56.95,0.99,455.09,0.02,58.98,0.01,455.09,0.04,10.0,0.05,5.0,0.01,0.02,620.631673,1776340187000
1776340190.912,290.912,0.98,28.05,0.97,10.0,0.99,453.06,,,0.01,455.09,,,0.02,18.05,0.03,10.0,0.01,0.01,620.631673,1776340189000
1776340191.518,291.518,0.98,28.05,0.97,10.0,0.99,436.09,,,0.01,453.06,,,0.02,28.05,0.03,10.0,0.01,0.01,620.631673,1776340190000
1776340193.274,293.274,0.98,10.0,0.97,10.0,0.99,333.05,,,0.01,334.07,,,0.02,28.05,0.03,10.0,0.01,0.01,620.631673,1776340192000
1776340194.322,294.322,0.98,10.0,0.97,10.0,0.99,306.24,,,0.01,312.84,,,0.02,10.0,0.03,10.0,0.01,0.01,620.631673,1776340193000
1776340194.849,294.849,0.98,10.0,0.97,10.0,0.99,300.17,,,0.01,305.22,,,0.02,10.0,0.03,10.0,0.01,0.01,620.631673,1776340193000
1776340195.156,295.156,0.98,10.0,0.97,10.0,0.99,293.57,,,0.01,300.17,,,0.02,10.0,0.03,10.0,0.01,0.01,620.631673,1776340193000
1776340196.373,296.373,0.98,10.0,0.97,10.0,0.99,192.55,,,0.01,293.57,,,0.02,10.0,0.03,10.0,0.01,0.01,620.631673,1776340195000
1776340196.885,296.885,0.98,10.0,0.97,10.0,0.99,131.88,,,0.01,140.94,,,0.02,10.0,0.03,10.0,0.01,0.01,620.631673,1776340195000
1776340197.347,297.347,0.98,10.0,0.97,10.0,0.99,121.78,,,0.01,126.83,,,0.02,10.0,0.03,10.0,0.01,0.01,620.631673,1776340196000

# RESULT,winner=Up,slug=bnb-updown-5m-1776339900,ticks=54
