timestamp,elapsed_sec,up_bid_p1,up_bid_s1,up_bid_p2,up_bid_s2,up_ask_p1,up_ask_s1,up_ask_p2,up_ask_s2,down_bid_p1,down_bid_s1,down_bid_p2,down_bid_s2,down_ask_p1,down_ask_s1,down_ask_p2,down_ask_s2,up_spread,down_spread,bnb_price,bnb_oracle_ts
1776400501.196,1.196,0.5,50.0,0.41,10.0,0.53,30.0,0.54,5.0,0.47,30.0,0.46,5.0,0.5,50.0,0.59,10.0,0.03,0.03,629.974,1776400500000
1776400502.078,2.078,0.5,50.0,0.41,10.0,0.53,30.0,0.54,5.0,0.47,30.0,0.46,5.0,0.5,50.0,0.59,10.0,0.03,0.03,629.97,1776400501000
1776400503.098,3.098,0.5,50.0,0.41,10.0,0.53,30.0,0.54,5.0,0.47,30.0,0.46,5.0,0.5,50.0,0.59,10.0,0.03,0.03,629.972,1776400502000
1776400504.075,4.075,0.5,50.0,0.41,10.0,0.53,30.0,0.54,5.0,0.47,30.0,0.46,5.0,0.5,50.0,0.59,10.0,0.03,0.03,629.97,1776400503000
1776400505.181,5.181,0.5,50.0,0.41,10.0,0.53,30.0,0.54,5.0,0.47,30.0,0.46,5.0,0.5,50.0,0.59,10.0,0.03,0.03,629.99,1776400504000
1776400505.784,5.784,0.58,5.0,0.57,5.0,0.61,5.0,0.62,5.0,0.47,30.0,0.46,5.0,0.5,50.0,0.59,10.0,0.03,0.03,629.99,1776400504000
1776400506.119,6.119,0.58,5.0,0.57,5.0,0.61,5.0,0.62,5.0,0.39,5.0,0.38,5.0,0.42,5.0,0.43,5.0,0.03,0.03,630.005271,1776400505000
1776400507.208,7.208,0.58,5.0,0.57,5.0,0.61,5.0,0.62,5.0,0.39,5.0,0.38,5.0,0.42,5.0,0.43,5.0,0.03,0.03,630.017,1776400506000
1776400508.17,8.17,0.58,5.0,0.57,5.0,0.61,5.0,0.62,5.0,0.39,5.0,0.38,5.0,0.42,5.0,0.43,5.0,0.03,0.03,630.013,1776400507000
1776400508.418,8.418,0.64,40.0,0.63,5.0,0.65,7.14,0.7,8.33,0.39,5.0,0.38,5.0,0.42,5.0,0.43,5.0,0.01,0.03,630.013,1776400507000
1776400509.19,9.19,0.64,40.0,0.63,5.0,0.65,7.14,0.7,8.33,0.35,7.14,0.3,8.33,0.36,40.0,0.37,5.0,0.01,0.01,630.013,1776400508000
1776400510.15,10.15,0.64,40.0,0.63,5.0,0.65,7.14,0.7,8.33,0.35,7.14,0.3,8.33,0.36,40.0,0.37,5.0,0.01,0.01,630.078951,1776400509000
1776400511.196,11.196,0.64,40.0,0.63,5.0,0.65,7.14,0.7,8.33,0.35,7.14,0.3,8.33,0.36,40.0,0.37,5.0,0.01,0.01,630.095,1776400510000
1776400512.597,12.597,0.64,40.0,0.63,5.0,0.65,7.14,0.7,8.33,0.35,7.14,0.3,8.33,0.36,40.0,0.37,5.0,0.01,0.01,630.13786,1776400511000
1776400513.127,13.127,0.64,40.0,0.63,5.0,0.65,7.14,0.7,8.33,0.35,7.14,0.3,8.33,0.36,40.0,0.37,5.0,0.01,0.01,630.13789,1776400512000
1776400513.433,13.433,0.64,45.0,0.63,5.0,0.68,5.0,0.69,5.0,0.35,7.14,0.3,8.33,0.36,40.0,0.37,5.0,0.04,0.01,630.13789,1776400512000
1776400514.142,14.142,0.64,45.0,0.63,5.0,0.68,5.0,0.69,5.0,0.32,5.0,0.31,5.0,0.36,45.0,0.37,5.0,0.04,0.04,630.1415,1776400513000
1776400515.138,15.138,0.64,45.0,0.63,5.0,0.68,5.0,0.69,5.0,0.32,5.0,0.31,5.0,0.36,45.0,0.37,5.0,0.04,0.04,630.1415,1776400514000
1776400516.225,16.225,0.64,45.0,0.63,5.0,0.68,5.0,0.69,5.0,0.32,5.0,0.31,5.0,0.36,45.0,0.37,5.0,0.04,0.04,630.152,1776400515000
1776400517.25,17.25,0.64,45.0,0.63,5.0,0.68,5.0,0.69,5.0,0.32,5.0,0.31,5.0,0.36,45.0,0.37,5.0,0.04,0.04,630.151,1776400516000
1776400518.183,18.183,0.64,45.0,0.63,5.0,0.68,5.0,0.69,5.0,0.32,5.0,0.31,5.0,0.36,45.0,0.37,5.0,0.04,0.04,630.153,1776400517000
1776400519.244,19.244,0.64,45.0,0.63,5.0,0.68,5.0,0.69,5.0,0.32,5.0,0.31,5.0,0.36,45.0,0.37,5.0,0.04,0.04,630.152,1776400518000
1776400520.151,20.151,0.64,45.0,0.63,5.0,0.68,5.0,0.69,5.0,0.32,5.0,0.31,5.0,0.36,45.0,0.37,5.0,0.04,0.04,630.13755,1776400519000
1776400521.246,21.246,0.64,45.0,0.63,5.0,0.68,5.0,0.69,5.0,0.32,5.0,0.31,5.0,0.36,45.0,0.37,5.0,0.04,0.04,630.093,1776400520000
1776400522.216,22.216,0.64,45.0,0.63,5.0,0.68,5.0,0.69,5.0,0.32,5.0,0.31,5.0,0.36,45.0,0.37,5.0,0.04,0.04,630.093,1776400521000
1776400523.289,23.289,0.64,45.0,0.63,5.0,0.68,5.0,0.69,5.0,0.32,5.0,0.31,5.0,0.36,45.0,0.37,5.0,0.04,0.04,630.095,1776400522000
1776400524.209,24.209,0.64,45.0,0.63,5.0,0.68,5.0,0.69,5.0,0.32,5.0,0.31,5.0,0.36,45.0,0.37,5.0,0.04,0.04,630.1,1776400523000
1776400526.317,26.317,0.64,45.0,0.63,5.0,0.68,5.0,0.69,5.0,0.32,5.0,0.31,5.0,0.36,45.0,0.37,5.0,0.04,0.04,630.103,1776400525000
1776400526.87,26.87,0.54,8.0,0.53,8.0,0.62,5.0,0.63,5.0,0.32,5.0,0.31,5.0,0.36,45.0,0.37,5.0,0.08,0.04,630.103,1776400525000
1776400527.183,27.183,0.53,8.0,0.52,8.0,0.55,5.0,0.56,5.0,0.38,5.0,0.37,5.0,0.46,8.0,0.47,8.0,0.02,0.08,630.103,1776400525000
1776400527.456,27.456,0.53,8.0,0.52,13.0,0.57,1.92,0.58,5.0,0.43,1.92,0.42,5.0,0.47,8.0,0.48,13.0,0.04,0.04,630.106,1776400526000
1776400527.964,27.964,0.56,5.0,0.55,5.0,0.58,5.0,0.59,5.0,0.42,5.0,0.41,5.0,0.44,5.0,0.45,5.0,0.02,0.02,630.106,1776400527000
1776400529.025,29.025,0.56,5.0,0.55,5.0,0.58,5.0,0.59,5.0,0.42,5.0,0.41,5.0,0.44,5.0,0.45,5.0,0.02,0.02,630.06561,1776400528000
1776400530.364,30.364,0.56,5.0,0.55,5.0,0.58,5.0,0.59,5.0,0.42,5.0,0.41,5.0,0.44,5.0,0.45,5.0,0.02,0.02,630.049308,1776400529000
1776400531.3,31.3,0.56,5.0,0.55,5.0,0.58,5.0,0.59,5.0,0.42,5.0,0.41,5.0,0.44,5.0,0.45,5.0,0.02,0.02,630.053803,1776400530000
1776400532.451,32.451,0.56,5.0,0.55,5.0,0.58,5.0,0.59,5.0,0.42,5.0,0.41,5.0,0.44,5.0,0.45,5.0,0.02,0.02,630.053988,1776400531000
1776400532.982,32.982,0.56,5.0,0.55,5.0,0.58,5.0,0.59,5.0,0.42,5.0,0.41,5.0,0.44,5.0,0.45,5.0,0.02,0.02,630.053988,1776400532000
1776400534.446,34.446,0.56,5.0,0.55,5.0,0.58,5.0,0.59,5.0,0.42,5.0,0.41,5.0,0.44,5.0,0.45,5.0,0.02,0.02,630.045034,1776400533000
1776400534.879,34.879,0.56,5.0,0.55,5.0,0.58,5.0,0.59,5.0,0.42,5.0,0.41,5.0,0.44,5.0,0.45,5.0,0.02,0.02,630.036822,1776400534000
1776400536.38,36.38,0.56,5.0,0.55,5.0,0.58,5.0,0.59,5.0,0.42,5.0,0.41,5.0,0.44,5.0,0.45,5.0,0.02,0.02,630.041503,1776400535000
1776400536.91,36.91,0.56,5.0,0.55,5.0,0.58,5.0,0.59,5.0,0.42,5.0,0.41,5.0,0.44,5.0,0.45,5.0,0.02,0.02,630.042695,1776400536000
1776400538.01,38.01,0.56,5.0,0.55,5.0,0.58,5.0,0.59,5.0,0.42,5.0,0.41,5.0,0.44,5.0,0.45,5.0,0.02,0.02,630.040943,1776400537000
1776400538.564,38.564,0.61,5.0,0.6,5.0,0.64,5.0,0.65,5.0,0.42,5.0,0.41,5.0,0.44,5.0,0.45,5.0,0.03,0.02,630.040943,1776400537000
1776400539.21,39.21,0.61,5.0,0.6,5.0,0.64,5.0,0.65,5.0,0.36,5.0,0.35,5.0,0.39,5.0,0.4,5.0,0.03,0.03,630.04761,1776400538000
1776400539.923,39.923,0.61,5.0,0.6,5.0,0.64,5.0,0.65,5.0,0.36,5.0,0.35,5.0,0.39,5.0,0.4,5.0,0.03,0.03,630.052751,1776400539000
1776400541.083,41.083,0.61,5.0,0.6,5.0,0.64,5.0,0.65,5.0,0.36,5.0,0.35,5.0,0.39,5.0,0.4,5.0,0.03,0.03,630.052751,1776400540000
1776400542.898,42.898,0.61,5.0,0.6,5.0,0.64,5.0,0.65,5.0,0.36,5.0,0.35,5.0,0.39,5.0,0.4,5.0,0.03,0.03,630.043003,1776400541000
1776400543.739,43.739,0.61,5.0,0.6,5.0,0.64,5.0,0.65,5.0,0.36,5.0,0.35,5.0,0.39,5.0,0.4,5.0,0.03,0.03,630.042944,1776400542000
1776400544.727,44.727,0.61,5.0,0.6,5.0,0.64,5.0,0.65,5.0,0.36,5.0,0.35,5.0,0.39,5.0,0.4,5.0,0.03,0.03,630.044726,1776400543000
1776400545.633,45.633,0.61,5.0,0.6,5.0,0.64,5.0,0.65,5.0,0.36,5.0,0.35,5.0,0.39,5.0,0.4,5.0,0.03,0.03,630.04479,1776400544000
1776400546.319,46.319,0.61,5.0,0.6,5.0,0.64,5.0,0.65,5.0,0.36,5.0,0.35,5.0,0.39,5.0,0.4,5.0,0.03,0.03,630.040607,1776400545000
1776400547.114,47.114,0.61,5.0,0.6,5.0,0.64,5.0,0.65,5.0,0.36,5.0,0.35,5.0,0.39,5.0,0.4,5.0,0.03,0.03,630.042289,1776400546000
1776400548.477,48.477,0.61,5.0,0.6,5.0,0.64,5.0,0.65,5.0,0.36,5.0,0.35,5.0,0.39,5.0,0.4,5.0,0.03,0.03,630.04257,1776400547000
1776400549.264,49.264,0.61,5.0,0.6,5.0,0.64,5.0,0.65,5.0,0.36,5.0,0.35,5.0,0.39,5.0,0.4,5.0,0.03,0.03,630.042572,1776400548000
1776400550.59,50.59,0.61,5.0,0.6,5.0,0.64,5.0,0.65,5.0,0.36,5.0,0.35,5.0,0.39,5.0,0.4,5.0,0.03,0.03,630.053439,1776400549000
1776400551.354,51.354,0.61,5.0,0.6,5.0,0.64,5.0,0.65,5.0,0.36,5.0,0.35,5.0,0.39,5.0,0.4,5.0,0.03,0.03,630.053438,1776400550000
1776400552.158,52.158,0.61,5.0,0.6,5.0,0.64,5.0,0.65,5.0,0.36,5.0,0.35,5.0,0.39,5.0,0.4,5.0,0.03,0.03,630.052078,1776400551000
1776400553.513,53.513,0.61,5.0,0.6,5.0,0.64,5.0,0.65,5.0,0.36,5.0,0.35,5.0,0.39,5.0,0.4,5.0,0.03,0.03,630.052032,1776400552000
1776400554.373,54.373,0.61,5.0,0.6,5.0,0.64,5.0,0.65,5.0,0.36,5.0,0.35,5.0,0.39,5.0,0.4,5.0,0.03,0.03,630.052032,1776400553000
1776400555.116,55.116,0.61,5.0,0.6,5.0,0.64,5.0,0.65,5.0,0.36,5.0,0.35,5.0,0.39,5.0,0.4,5.0,0.03,0.03,630.040182,1776400554000
1776400556.785,56.785,0.61,5.0,0.6,5.0,0.64,5.0,0.65,5.0,0.36,5.0,0.35,5.0,0.39,5.0,0.4,5.0,0.03,0.03,630.040847,1776400555000
1776400557.527,57.527,0.61,5.0,0.6,5.0,0.64,5.0,0.65,5.0,0.36,5.0,0.35,5.0,0.39,5.0,0.4,5.0,0.03,0.03,630.0411,1776400556000
1776400558.337,58.337,0.61,5.0,0.6,5.0,0.64,5.0,0.65,5.0,0.36,5.0,0.35,5.0,0.39,5.0,0.4,5.0,0.03,0.03,630.041074,1776400557000
1776400559.731,59.731,0.61,5.0,0.6,5.0,0.64,5.0,0.65,5.0,0.36,5.0,0.35,5.0,0.39,5.0,0.4,5.0,0.03,0.03,630.050184,1776400558000
1776400560.559,60.559,0.61,5.0,0.6,5.0,0.64,5.0,0.65,5.0,0.36,5.0,0.35,5.0,0.39,5.0,0.4,5.0,0.03,0.03,630.049233,1776400559000
1776400561.36,61.36,0.61,5.0,0.6,5.0,0.64,5.0,0.65,5.0,0.36,5.0,0.35,5.0,0.39,5.0,0.4,5.0,0.03,0.03,630.051,1776400560000
1776400562.445,62.445,0.55,1.8,0.54,5.0,0.56,5.0,0.57,5.0,0.44,5.0,0.43,5.0,0.45,1.8,0.46,5.0,0.01,0.01,630.05,1776400561000
1776400563.069,63.069,0.55,1.8,0.54,5.0,0.56,5.0,0.57,5.0,0.44,5.0,0.43,5.0,0.45,1.8,0.46,5.0,0.01,0.01,630.036493,1776400562000
1776400564.069,64.069,0.55,1.8,0.54,5.0,0.56,5.0,0.57,5.0,0.44,5.0,0.43,5.0,0.45,1.8,0.46,5.0,0.01,0.01,630.038636,1776400563000
1776400565.186,65.186,0.55,1.8,0.54,5.0,0.56,5.0,0.57,5.0,0.44,5.0,0.43,5.0,0.45,1.8,0.46,5.0,0.01,0.01,630.04838,1776400564000
1776400566.188,66.188,0.55,1.8,0.54,5.0,0.56,5.0,0.57,5.0,0.44,5.0,0.43,5.0,0.45,1.8,0.46,5.0,0.01,0.01,630.04844,1776400565000
1776400567.243,67.243,0.55,1.8,0.54,5.0,0.56,5.0,0.57,5.0,0.44,5.0,0.43,5.0,0.45,1.8,0.46,5.0,0.01,0.01,630.04723,1776400566000
1776400568.367,68.367,0.55,1.8,0.54,5.0,0.56,5.0,0.57,5.0,0.44,5.0,0.43,5.0,0.45,1.8,0.46,5.0,0.01,0.01,630.04736,1776400567000
1776400568.856,68.856,0.55,1.8,0.54,5.0,0.56,5.0,0.57,5.0,0.44,5.0,0.43,5.0,0.45,1.8,0.46,5.0,0.01,0.01,630.04751,1776400568000
1776400569.973,69.973,0.55,1.8,0.54,5.0,0.56,5.0,0.57,5.0,0.44,5.0,0.43,5.0,0.45,1.8,0.46,5.0,0.01,0.01,630.04668,1776400569000
1776400571.098,71.098,0.55,1.8,0.54,5.0,0.56,5.0,0.57,5.0,0.44,5.0,0.43,5.0,0.45,1.8,0.46,5.0,0.01,0.01,630.04672,1776400570000
1776400572.101,72.101,0.55,1.8,0.54,5.0,0.56,5.0,0.57,5.0,0.44,5.0,0.43,5.0,0.45,1.8,0.46,5.0,0.01,0.01,630.04478,1776400571000
1776400573.301,73.301,0.55,1.8,0.54,5.0,0.56,5.0,0.57,5.0,0.44,5.0,0.43,5.0,0.45,1.8,0.46,5.0,0.01,0.01,630.04511,1776400572000
1776400574.198,74.198,0.55,1.8,0.54,5.0,0.56,5.0,0.57,5.0,0.44,5.0,0.43,5.0,0.45,1.8,0.46,5.0,0.01,0.01,630.0449,1776400573000
1776400575.264,75.264,0.55,1.8,0.54,5.0,0.56,5.0,0.57,5.0,0.44,5.0,0.43,5.0,0.45,1.8,0.46,5.0,0.01,0.01,630.04513,1776400574000
1776400576.709,76.709,0.55,1.8,0.54,5.0,0.56,5.0,0.57,5.0,0.44,5.0,0.43,5.0,0.45,1.8,0.46,5.0,0.01,0.01,630.04551,1776400575000
1776400577.208,77.208,0.55,1.8,0.54,5.0,0.56,5.0,0.57,5.0,0.44,5.0,0.43,5.0,0.45,1.8,0.46,5.0,0.01,0.01,630.04573,1776400576000
1776400578.246,78.246,0.55,1.8,0.54,5.0,0.56,5.0,0.57,5.0,0.44,5.0,0.43,5.0,0.45,1.8,0.46,5.0,0.01,0.01,630.030781,1776400577000
1776400579.784,79.784,0.55,1.8,0.54,5.0,0.56,5.0,0.57,5.0,0.44,5.0,0.43,5.0,0.45,1.8,0.46,5.0,0.01,0.01,630.036,1776400578000
1776400580.289,80.289,0.55,1.8,0.54,5.0,0.56,5.0,0.57,5.0,0.44,5.0,0.43,5.0,0.45,1.8,0.46,5.0,0.01,0.01,630.034,1776400579000
1776400581.506,81.506,0.55,1.8,0.54,5.0,0.56,5.0,0.57,5.0,0.44,5.0,0.43,5.0,0.45,1.8,0.46,5.0,0.01,0.01,630.039,1776400580000
1776400582.107,82.107,0.55,1.8,0.54,5.0,0.56,5.0,0.57,5.0,0.44,5.0,0.43,5.0,0.45,1.8,0.46,5.0,0.01,0.01,630.039,1776400581000
1776400583.269,83.269,0.55,1.8,0.54,5.0,0.56,5.0,0.57,5.0,0.44,5.0,0.43,5.0,0.45,1.8,0.46,5.0,0.01,0.01,630.04,1776400582000
1776400584.504,84.504,0.55,1.8,0.54,5.0,0.56,5.0,0.57,5.0,0.44,5.0,0.43,5.0,0.45,1.8,0.46,5.0,0.01,0.01,630.048087,1776400583000
1776400585.062,85.062,0.55,1.8,0.54,5.0,0.56,5.0,0.57,5.0,0.44,5.0,0.43,5.0,0.45,1.8,0.46,5.0,0.01,0.01,630.048087,1776400584000
1776400586.117,86.117,0.55,1.8,0.54,5.0,0.56,5.0,0.57,5.0,0.44,5.0,0.43,5.0,0.45,1.8,0.46,5.0,0.01,0.01,630.05663,1776400585000
1776400586.748,86.748,0.6,5.0,0.59,5.0,0.64,3.9,0.65,5.0,0.44,5.0,0.43,5.0,0.45,1.8,0.46,5.0,0.04,0.01,630.05663,1776400585000
1776400587.445,87.445,0.6,5.0,0.59,5.0,0.64,3.9,0.65,5.0,0.36,3.9,0.35,5.0,0.4,5.0,0.41,5.0,0.04,0.04,630.042735,1776400586000
1776400588.143,88.143,0.6,5.0,0.59,5.0,0.64,3.9,0.65,5.0,0.36,3.9,0.35,5.0,0.4,5.0,0.41,5.0,0.04,0.04,630.042441,1776400587000
1776400589.308,89.308,0.6,5.0,0.59,5.0,0.64,3.9,0.65,5.0,0.36,3.9,0.35,5.0,0.4,5.0,0.41,5.0,0.04,0.04,630.047537,1776400588000
1776400590.535,90.535,0.6,5.0,0.59,5.0,0.64,3.9,0.65,5.0,0.36,3.9,0.35,5.0,0.4,5.0,0.41,5.0,0.04,0.04,630.047756,1776400589000
1776400591.031,91.031,0.6,5.0,0.59,5.0,0.64,3.9,0.65,5.0,0.36,3.9,0.35,5.0,0.4,5.0,0.41,5.0,0.04,0.04,630.048001,1776400590000
1776400592.138,92.138,0.6,5.0,0.59,5.0,0.64,3.9,0.65,5.0,0.36,3.9,0.35,5.0,0.4,5.0,0.41,5.0,0.04,0.04,630.055,1776400591000
1776400593.347,93.347,0.6,5.0,0.59,5.0,0.64,3.9,0.65,5.0,0.36,3.9,0.35,5.0,0.4,5.0,0.41,5.0,0.04,0.04,630.05099,1776400592000
1776400593.905,93.905,0.6,5.0,0.59,5.0,0.64,3.9,0.65,5.0,0.36,3.9,0.35,5.0,0.4,5.0,0.41,5.0,0.04,0.04,630.047829,1776400593000
1776400594.977,94.977,0.6,5.0,0.59,5.0,0.64,3.9,0.65,5.0,0.36,3.9,0.35,5.0,0.4,5.0,0.41,5.0,0.04,0.04,630.049,1776400594000
1776400596.058,96.058,0.6,5.0,0.59,5.0,0.64,3.9,0.65,5.0,0.36,3.9,0.35,5.0,0.4,5.0,0.41,5.0,0.04,0.04,630.055,1776400595000
1776400597.035,97.035,0.6,5.0,0.59,5.0,0.64,3.9,0.65,5.0,0.36,3.9,0.35,5.0,0.4,5.0,0.41,5.0,0.04,0.04,630.051,1776400596000
1776400598.115,98.115,0.6,5.0,0.59,5.0,0.64,3.9,0.65,5.0,0.36,3.9,0.35,5.0,0.4,5.0,0.41,5.0,0.04,0.04,630.051,1776400597000
1776400599.312,99.312,0.6,5.0,0.59,5.0,0.64,3.9,0.65,5.0,0.36,3.9,0.35,5.0,0.4,5.0,0.41,5.0,0.04,0.04,630.05,1776400598000
1776400600.248,100.248,0.6,5.0,0.59,5.0,0.64,3.9,0.65,5.0,0.36,3.9,0.35,5.0,0.4,5.0,0.41,5.0,0.04,0.04,630.04,1776400599000
1776400600.701,100.701,0.5,46.88,0.49,5.0,0.51,5.0,0.52,5.0,0.36,3.9,0.35,5.0,0.4,5.0,0.41,5.0,0.01,0.04,630.04,1776400599000
1776400601.383,101.383,0.5,47.88,0.49,5.0,0.52,5.0,0.53,5.0,0.48,5.0,0.47,5.0,0.5,47.88,0.51,5.0,0.02,0.02,630.034,1776400600000
1776400602.02,102.02,0.5,47.88,0.49,5.0,0.52,5.0,0.53,5.0,0.48,5.0,0.47,5.0,0.5,47.88,0.51,5.0,0.02,0.02,630.026016,1776400601000
1776400603.071,103.071,0.5,47.88,0.49,5.0,0.52,5.0,0.53,5.0,0.48,5.0,0.47,5.0,0.5,47.88,0.51,5.0,0.02,0.02,629.998,1776400602000
1776400604.163,104.163,0.5,47.88,0.49,5.0,0.52,5.0,0.53,5.0,0.48,5.0,0.47,5.0,0.5,47.88,0.51,5.0,0.02,0.02,629.998,1776400603000
1776400605.256,105.256,0.5,47.88,0.49,5.0,0.52,5.0,0.53,5.0,0.48,5.0,0.47,5.0,0.5,47.88,0.51,5.0,0.02,0.02,629.996622,1776400604000
1776400606.514,106.514,0.5,47.88,0.49,5.0,0.52,5.0,0.53,5.0,0.48,5.0,0.47,5.0,0.5,47.88,0.51,5.0,0.02,0.02,629.996759,1776400605000
1776400607.098,107.098,0.5,47.88,0.49,5.0,0.52,5.0,0.53,5.0,0.48,5.0,0.47,5.0,0.5,47.88,0.51,5.0,0.02,0.02,629.996759,1776400606000
1776400608.252,108.252,0.5,47.88,0.49,5.0,0.52,5.0,0.53,5.0,0.48,5.0,0.47,5.0,0.5,47.88,0.51,5.0,0.02,0.02,629.983,1776400607000
1776400608.951,108.951,0.5,47.88,0.49,5.0,0.52,5.0,0.53,5.0,0.48,5.0,0.47,5.0,0.5,47.88,0.51,5.0,0.02,0.02,629.981516,1776400608000
1776400610.19,110.19,0.5,47.88,0.49,5.0,0.52,5.0,0.53,5.0,0.48,5.0,0.47,5.0,0.5,47.88,0.51,5.0,0.02,0.02,629.96,1776400609000
1776400611.534,111.534,0.5,47.88,0.49,5.0,0.52,5.0,0.53,5.0,0.48,5.0,0.47,5.0,0.5,47.88,0.51,5.0,0.02,0.02,629.956,1776400610000
1776400612.195,112.195,0.5,47.88,0.49,5.0,0.52,5.0,0.53,5.0,0.48,5.0,0.47,5.0,0.5,47.88,0.51,5.0,0.02,0.02,629.962885,1776400611000
1776400612.936,112.936,0.5,47.88,0.49,5.0,0.52,5.0,0.53,5.0,0.48,5.0,0.47,5.0,0.5,47.88,0.51,5.0,0.02,0.02,629.97,1776400612000
1776400614.161,114.161,0.5,47.88,0.49,5.0,0.52,5.0,0.53,5.0,0.48,5.0,0.47,5.0,0.5,47.88,0.51,5.0,0.02,0.02,629.981,1776400613000
1776400615.444,115.444,0.5,47.88,0.49,5.0,0.52,5.0,0.53,5.0,0.48,5.0,0.47,5.0,0.5,47.88,0.51,5.0,0.02,0.02,629.988,1776400614000
1776400616.135,116.135,0.5,47.88,0.49,5.0,0.52,5.0,0.53,5.0,0.48,5.0,0.47,5.0,0.5,47.88,0.51,5.0,0.02,0.02,629.993,1776400615000
1776400617.506,117.506,0.5,47.88,0.49,5.0,0.52,5.0,0.53,5.0,0.48,5.0,0.47,5.0,0.5,47.88,0.51,5.0,0.02,0.02,629.99279,1776400616000
1776400618.014,118.014,0.5,47.88,0.49,5.0,0.52,5.0,0.53,5.0,0.48,5.0,0.47,5.0,0.5,47.88,0.51,5.0,0.02,0.02,629.99162,1776400617000
1776400619.225,119.225,0.5,47.88,0.49,5.0,0.52,5.0,0.53,5.0,0.48,5.0,0.47,5.0,0.5,47.88,0.51,5.0,0.02,0.02,629.991,1776400618000
1776400620.387,120.387,0.5,47.88,0.49,5.0,0.52,5.0,0.53,5.0,0.48,5.0,0.47,5.0,0.5,47.88,0.51,5.0,0.02,0.02,629.997,1776400619000
1776400621.006,121.006,0.5,47.88,0.49,5.0,0.52,5.0,0.53,5.0,0.48,5.0,0.47,5.0,0.5,47.88,0.51,5.0,0.02,0.02,629.997,1776400620000
1776400622.736,122.736,0.5,47.88,0.49,5.0,0.52,5.0,0.53,5.0,0.48,5.0,0.47,5.0,0.5,47.88,0.51,5.0,0.02,0.02,629.98,1776400621000
1776400623.679,123.679,0.5,47.88,0.49,5.0,0.52,5.0,0.53,5.0,0.48,5.0,0.47,5.0,0.5,47.88,0.51,5.0,0.02,0.02,629.982,1776400622000
1776400624.483,124.483,0.5,47.88,0.49,5.0,0.52,5.0,0.53,5.0,0.48,5.0,0.47,5.0,0.5,47.88,0.51,5.0,0.02,0.02,629.982,1776400623000
1776400625.086,125.086,0.5,47.88,0.49,5.0,0.52,5.0,0.53,5.0,0.48,5.0,0.47,5.0,0.5,47.88,0.51,5.0,0.02,0.02,629.977,1776400624000
1776400626.309,126.309,0.5,47.88,0.49,5.0,0.51,53.0,0.56,5.0,0.48,5.0,0.47,5.0,0.5,47.88,0.51,5.0,0.01,0.02,629.977,1776400624000
1776400627.15,127.15,0.5,47.88,0.49,5.0,0.51,53.0,0.56,5.0,0.49,53.0,0.44,5.0,0.5,47.88,0.51,5.0,0.01,0.01,629.985,1776400626000
1776400628.42,128.42,0.5,47.88,0.49,5.0,0.51,53.0,0.56,5.0,0.49,53.0,0.44,5.0,0.5,47.88,0.51,5.0,0.01,0.01,629.982,1776400627000
1776400628.994,128.994,0.5,47.88,0.49,5.0,0.51,53.0,0.56,5.0,0.49,53.0,0.44,5.0,0.5,47.88,0.51,5.0,0.01,0.01,629.982,1776400628000
1776400630.362,130.362,0.5,47.88,0.49,5.0,0.51,53.0,0.56,5.0,0.49,53.0,0.44,5.0,0.5,47.88,0.51,5.0,0.01,0.01,629.984,1776400629000
1776400631.528,131.528,0.5,47.88,0.49,5.0,0.51,53.0,0.56,5.0,0.49,53.0,0.44,5.0,0.5,47.88,0.51,5.0,0.01,0.01,629.983,1776400630000
1776400631.934,131.934,0.5,47.88,0.49,5.0,0.51,51.03,0.56,5.0,0.49,53.0,0.44,5.0,0.5,47.88,0.51,5.0,0.01,0.01,629.983,1776400630000
1776400632.269,132.269,0.5,47.88,0.49,5.0,0.51,51.03,0.56,5.0,0.49,51.03,0.44,5.0,0.5,47.88,0.51,5.0,0.01,0.01,629.983,1776400631000
1776400633.593,133.593,0.5,47.88,0.49,5.0,0.51,51.03,0.56,5.0,0.49,51.03,0.44,5.0,0.5,47.88,0.51,5.0,0.01,0.01,629.981,1776400632000
1776400634.304,134.304,0.6,5.0,0.59,5.0,0.61,47.0,0.67,5.0,0.49,51.03,0.44,5.0,0.5,47.88,0.51,5.0,0.01,0.01,629.981,1776400632000
1776400634.588,134.588,0.6,5.0,0.59,5.0,0.61,47.0,0.67,5.0,0.39,47.0,0.33,5.0,0.4,5.0,0.41,5.0,0.01,0.01,629.986,1776400633000
1776400635.429,135.429,0.6,5.0,0.59,5.0,0.61,47.0,0.67,5.0,0.39,47.0,0.33,5.0,0.4,5.0,0.41,5.0,0.01,0.01,629.984,1776400634000
1776400636.295,136.295,0.6,5.0,0.59,5.0,0.61,47.0,0.67,5.0,0.39,47.0,0.33,5.0,0.4,5.0,0.41,5.0,0.01,0.01,629.984,1776400635000
1776400637.98,137.98,0.6,5.0,0.59,5.0,0.61,47.0,0.67,5.0,0.39,47.0,0.33,5.0,0.4,5.0,0.41,5.0,0.01,0.01,630.079,1776400636000
1776400638.88,138.88,0.6,5.0,0.59,5.0,0.61,47.0,0.67,5.0,0.39,47.0,0.33,5.0,0.4,5.0,0.41,5.0,0.01,0.01,630.045,1776400637000
1776400639.522,139.522,0.6,5.0,0.59,5.0,0.61,47.0,0.67,5.0,0.39,47.0,0.33,5.0,0.4,5.0,0.41,5.0,0.01,0.01,630.049168,1776400638000
1776400640.322,140.322,0.6,5.0,0.59,5.0,0.61,47.0,0.67,5.0,0.39,47.0,0.33,5.0,0.4,5.0,0.41,5.0,0.01,0.01,630.047905,1776400639000
1776400641.298,141.298,0.6,5.0,0.59,5.0,0.61,47.0,0.67,5.0,0.39,47.0,0.33,5.0,0.4,5.0,0.41,5.0,0.01,0.01,630.042,1776400640000
1776400642.586,142.586,0.6,5.0,0.59,5.0,0.61,47.0,0.67,5.0,0.39,47.0,0.33,5.0,0.4,5.0,0.41,5.0,0.01,0.01,630.041,1776400641000
1776400642.98,142.98,0.6,5.0,0.59,5.0,0.61,30.6,0.65,5.0,0.39,47.0,0.33,5.0,0.4,5.0,0.41,5.0,0.01,0.01,630.041,1776400641000
1776400643.294,143.294,0.6,5.0,0.59,5.0,0.61,30.6,0.65,5.0,0.39,30.6,0.35,5.0,0.4,5.0,0.41,5.0,0.01,0.01,630.044,1776400642000
1776400644.022,144.022,0.6,5.0,0.59,5.0,0.61,30.6,0.65,5.0,0.39,30.6,0.35,5.0,0.4,5.0,0.41,5.0,0.01,0.01,630.044,1776400643000
1776400645.279,145.279,0.6,5.0,0.59,5.0,0.61,30.6,0.65,5.0,0.39,30.6,0.35,5.0,0.4,5.0,0.41,5.0,0.01,0.01,630.044,1776400644000
1776400645.83,145.83,0.63,5.0,0.62,16.0,0.64,4.0,0.65,5.0,0.39,30.6,0.35,5.0,0.4,5.0,0.41,5.0,0.01,0.01,630.044,1776400644000
1776400646.148,146.148,0.63,5.0,0.62,16.0,0.64,4.0,0.65,5.0,0.36,4.0,0.35,5.0,0.37,5.0,0.38,16.0,0.01,0.01,630.042,1776400645000
1776400647.534,147.534,0.63,5.0,0.62,16.0,0.64,4.0,0.65,5.0,0.36,4.0,0.35,5.0,0.37,5.0,0.38,16.0,0.01,0.01,630.054,1776400646000
1776400648.245,148.245,0.63,5.0,0.62,16.0,0.64,4.0,0.65,5.0,0.36,4.0,0.35,5.0,0.37,5.0,0.38,16.0,0.01,0.01,630.054,1776400647000
1776400649.723,149.723,0.63,5.0,0.62,16.0,0.64,4.0,0.65,5.0,0.36,4.0,0.35,5.0,0.37,5.0,0.38,16.0,0.01,0.01,630.049,1776400648000
1776400650.354,150.354,0.63,5.0,0.62,16.0,0.64,4.0,0.65,5.0,0.36,4.0,0.35,5.0,0.37,5.0,0.38,16.0,0.01,0.01,630.049,1776400649000
1776400650.712,150.712,0.66,10.0,0.65,5.0,0.81,50.0,0.87,23.0,0.36,4.0,0.35,5.0,0.37,5.0,0.38,16.0,0.15,0.01,630.049,1776400649000
1776400651.007,151.007,0.84,5.0,0.83,5.0,0.86,5.0,0.87,28.0,0.19,43.33,0.13,28.0,0.2,5.0,0.21,5.0,0.02,0.01,630.049,1776400649000
1776400651.504,151.504,0.83,5.0,0.82,5.0,0.85,5.0,0.86,5.0,0.14,5.0,0.13,28.0,0.16,5.0,0.17,5.0,0.02,0.02,630.04988,1776400650000
1776400651.803,151.803,0.83,35.0,0.82,5.0,0.84,1.46,0.85,5.0,0.15,5.0,0.14,5.0,0.17,5.0,0.18,5.0,0.01,0.02,630.04988,1776400650000
1776400652.448,152.448,0.83,35.0,0.82,5.0,0.86,4.45,0.87,5.0,0.14,4.45,0.13,5.0,0.17,35.0,0.18,5.0,0.03,0.03,630.05001,1776400651000
1776400653.256,153.256,0.83,35.0,0.82,5.0,0.86,4.45,0.87,5.0,0.14,4.45,0.13,5.0,0.17,35.0,0.18,5.0,0.03,0.03,630.068,1776400652000
1776400654.736,154.736,0.83,35.0,0.82,5.0,0.86,4.45,0.87,5.0,0.14,4.45,0.13,5.0,0.17,35.0,0.18,5.0,0.03,0.03,630.167026,1776400653000
1776400655.38,155.38,0.83,35.0,0.82,5.0,0.86,4.45,0.87,5.0,0.14,4.45,0.13,5.0,0.17,35.0,0.18,5.0,0.03,0.03,630.168302,1776400654000
1776400656.11,156.11,0.83,35.0,0.82,5.0,0.86,4.45,0.87,5.0,0.14,4.45,0.13,5.0,0.17,35.0,0.18,5.0,0.03,0.03,630.168489,1776400655000
1776400657.633,157.633,0.83,35.0,0.82,5.0,0.86,4.45,0.87,5.0,0.14,4.45,0.13,5.0,0.17,35.0,0.18,5.0,0.03,0.03,630.167,1776400656000
1776400658.458,158.458,0.83,35.0,0.82,5.0,0.86,4.45,0.87,5.0,0.14,4.45,0.13,5.0,0.17,35.0,0.18,5.0,0.03,0.03,630.166295,1776400657000
1776400659.215,159.215,0.83,35.0,0.82,5.0,0.86,4.45,0.87,5.0,0.14,4.45,0.13,5.0,0.17,35.0,0.18,5.0,0.03,0.03,630.166171,1776400658000
1776400660.448,160.448,0.83,35.0,0.82,5.0,0.86,4.45,0.87,5.0,0.14,4.45,0.13,5.0,0.17,35.0,0.18,5.0,0.03,0.03,630.157493,1776400659000
1776400661.467,161.467,0.83,35.0,0.82,5.0,0.86,4.45,0.87,5.0,0.14,4.45,0.13,5.0,0.17,35.0,0.18,5.0,0.03,0.03,630.155186,1776400660000
1776400662.296,162.296,0.83,35.0,0.82,5.0,0.86,4.45,0.87,5.0,0.14,4.45,0.13,5.0,0.17,35.0,0.18,5.0,0.03,0.03,630.155186,1776400661000
1776400663.767,163.767,0.83,35.0,0.82,5.0,0.86,4.45,0.87,5.0,0.14,4.45,0.13,5.0,0.17,35.0,0.18,5.0,0.03,0.03,630.155253,1776400662000
1776400664.539,164.539,0.83,35.0,0.82,5.0,0.86,4.45,0.87,5.0,0.14,4.45,0.13,5.0,0.17,35.0,0.18,5.0,0.03,0.03,630.153,1776400663000
1776400665.378,165.378,0.83,35.0,0.82,5.0,0.86,4.45,0.87,5.0,0.14,4.45,0.13,5.0,0.17,35.0,0.18,5.0,0.03,0.03,630.153,1776400664000
1776400666.66,166.66,0.83,35.0,0.82,5.0,0.86,4.45,0.87,5.0,0.14,4.45,0.13,5.0,0.17,35.0,0.18,5.0,0.03,0.03,630.15,1776400665000
1776400667.33,167.33,0.83,35.0,0.82,5.0,0.86,4.45,0.87,5.0,0.14,4.45,0.13,5.0,0.17,35.0,0.18,5.0,0.03,0.03,630.15,1776400666000
1776400667.999,167.999,0.83,35.0,0.82,5.0,0.86,4.45,0.87,5.0,0.14,4.45,0.13,5.0,0.17,35.0,0.18,5.0,0.03,0.03,630.153008,1776400667000
1776400669.274,169.274,0.83,35.0,0.82,5.0,0.86,4.45,0.87,5.0,0.14,4.45,0.13,5.0,0.17,35.0,0.18,5.0,0.03,0.03,630.152946,1776400668000
1776400670.438,170.438,0.83,35.0,0.82,5.0,0.86,4.45,0.87,5.0,0.14,4.45,0.13,5.0,0.17,35.0,0.18,5.0,0.03,0.03,630.153069,1776400669000
1776400671.103,171.103,0.83,35.0,0.82,5.0,0.86,4.45,0.87,5.0,0.14,4.45,0.13,5.0,0.17,35.0,0.18,5.0,0.03,0.03,630.15293,1776400670000
1776400672.366,172.366,0.83,35.0,0.82,5.0,0.86,4.45,0.87,5.0,0.14,4.45,0.13,5.0,0.17,35.0,0.18,5.0,0.03,0.03,630.157883,1776400671000
1776400672.896,172.896,0.83,35.0,0.82,5.0,0.86,4.45,0.87,5.0,0.14,4.45,0.13,5.0,0.17,35.0,0.18,5.0,0.03,0.03,630.157782,1776400672000
1776400674.369,174.369,0.83,35.0,0.82,5.0,0.86,4.45,0.87,5.0,0.14,4.45,0.13,5.0,0.17,35.0,0.18,5.0,0.03,0.03,630.16,1776400673000
1776400675.262,175.262,0.83,35.0,0.82,5.0,0.86,4.45,0.87,5.0,0.14,4.45,0.13,5.0,0.17,35.0,0.18,5.0,0.03,0.03,630.157424,1776400674000
1776400676.277,176.277,0.8,10.0,0.79,20.7,0.84,0.89,0.85,10.0,0.14,4.45,0.13,5.0,0.17,35.0,0.18,5.0,0.04,0.03,630.157424,1776400674000
1776400676.727,176.727,0.8,10.0,0.79,20.7,0.84,0.89,0.85,10.0,0.16,0.89,0.15,10.0,0.2,10.0,0.21,20.7,0.04,0.04,630.149751,1776400675000
1776400677.434,177.434,0.8,10.0,0.79,20.7,0.84,0.89,0.85,10.0,0.16,0.89,0.15,10.0,0.2,10.0,0.21,20.7,0.04,0.04,630.15,1776400676000
1776400678.366,178.366,0.8,10.0,0.79,20.7,0.84,0.89,0.85,10.0,0.16,0.89,0.15,10.0,0.2,10.0,0.21,20.7,0.04,0.04,630.156,1776400677000
1776400678.933,178.933,0.8,10.0,0.79,20.7,0.84,0.89,0.85,10.0,0.16,0.89,0.15,10.0,0.2,10.0,0.21,20.7,0.04,0.04,630.156,1776400678000
1776400679.988,179.988,0.8,10.0,0.79,20.7,0.84,0.89,0.85,10.0,0.16,0.89,0.15,10.0,0.2,10.0,0.21,20.7,0.04,0.04,630.177,1776400679000
1776400680.879,180.879,0.8,10.0,0.79,20.7,0.84,0.89,0.85,10.0,0.16,0.89,0.15,10.0,0.2,10.0,0.21,20.7,0.04,0.04,630.177,1776400680000
1776400682.016,182.016,0.8,10.0,0.79,20.7,0.84,0.89,0.85,10.0,0.16,0.89,0.15,10.0,0.2,10.0,0.21,20.7,0.04,0.04,630.178,1776400681000
1776400683.049,183.049,0.8,10.0,0.79,20.7,0.84,0.89,0.85,10.0,0.16,0.89,0.15,10.0,0.2,10.0,0.21,20.7,0.04,0.04,630.18,1776400682000
1776400684.055,184.055,0.8,10.0,0.79,20.7,0.84,0.89,0.85,10.0,0.16,0.89,0.15,10.0,0.2,10.0,0.21,20.7,0.04,0.04,630.18,1776400683000
1776400685.066,185.066,0.8,10.0,0.79,20.7,0.84,0.89,0.85,10.0,0.16,0.89,0.15,10.0,0.2,10.0,0.21,20.7,0.04,0.04,630.17,1776400684000
1776400686.157,186.157,0.8,10.0,0.79,20.7,0.84,0.89,0.85,10.0,0.16,0.89,0.15,10.0,0.2,10.0,0.21,20.7,0.04,0.04,630.199,1776400685000
1776400687.206,187.206,0.8,10.0,0.79,20.7,0.84,0.89,0.85,10.0,0.16,0.89,0.15,10.0,0.2,10.0,0.21,20.7,0.04,0.04,630.184,1776400686000
1776400688.173,188.173,0.8,10.0,0.79,20.7,0.84,0.89,0.85,10.0,0.16,0.89,0.15,10.0,0.2,10.0,0.21,20.7,0.04,0.04,630.184,1776400687000
1776400689.255,189.255,0.8,10.0,0.79,20.7,0.84,0.89,0.85,10.0,0.16,0.89,0.15,10.0,0.2,10.0,0.21,20.7,0.04,0.04,630.174,1776400688000
1776400690.223,190.223,0.8,10.0,0.79,20.7,0.84,0.89,0.85,10.0,0.16,0.89,0.15,10.0,0.2,10.0,0.21,20.7,0.04,0.04,630.171,1776400689000
1776400691.898,191.898,0.8,10.0,0.79,20.7,0.84,0.89,0.85,10.0,0.16,0.89,0.15,10.0,0.2,10.0,0.21,20.7,0.04,0.04,630.173,1776400690000
1776400692.388,192.388,0.8,10.0,0.79,20.7,0.84,0.89,0.85,10.0,0.16,0.89,0.15,10.0,0.2,10.0,0.21,20.7,0.04,0.04,630.172,1776400691000
1776400692.614,192.614,0.84,17.04,0.83,23.39,0.85,5.0,0.88,10.0,0.15,5.0,0.12,10.0,0.16,17.04,0.17,23.39,0.01,0.01,630.172,1776400691000
1776400692.977,192.977,0.84,17.04,0.83,23.39,0.85,5.0,0.88,10.0,0.15,5.0,0.12,10.0,0.16,17.04,0.17,23.39,0.01,0.01,630.172,1776400692000
1776400694.113,194.113,0.84,17.04,0.83,23.39,0.85,5.0,0.88,10.0,0.15,5.0,0.12,10.0,0.16,17.04,0.17,23.39,0.01,0.01,630.171,1776400693000
1776400695.164,195.164,0.84,17.04,0.83,23.39,0.85,5.0,0.88,10.0,0.15,5.0,0.12,10.0,0.16,17.04,0.17,23.39,0.01,0.01,630.183,1776400694000
1776400696.232,196.232,0.84,17.04,0.83,23.39,0.85,5.0,0.88,10.0,0.15,5.0,0.12,10.0,0.16,17.04,0.17,23.39,0.01,0.01,630.178826,1776400695000
1776400697.236,197.236,0.84,17.04,0.83,23.39,0.85,5.0,0.88,10.0,0.15,5.0,0.12,10.0,0.16,17.04,0.17,23.39,0.01,0.01,630.178,1776400696000
1776400698.322,198.322,0.84,17.04,0.83,23.39,0.85,5.0,0.88,10.0,0.15,5.0,0.12,10.0,0.16,17.04,0.17,23.39,0.01,0.01,630.178,1776400697000
1776400698.546,198.546,0.78,5.0,0.74,18.5,0.8,0.09,0.81,5.0,0.15,5.0,0.12,10.0,0.16,17.04,0.17,23.39,0.02,0.01,630.178,1776400697000
1776400699.254,199.254,0.78,5.0,0.74,18.5,0.8,0.09,0.81,5.0,0.2,0.09,0.19,5.0,0.22,5.0,0.26,18.5,0.02,0.02,630.175,1776400698000
1776400700.267,200.267,0.78,5.0,0.74,18.5,0.8,0.09,0.81,5.0,0.2,0.09,0.19,5.0,0.22,5.0,0.26,18.5,0.02,0.02,630.166031,1776400699000
1776400701.278,201.278,0.78,5.0,0.74,18.5,0.8,0.09,0.81,5.0,0.2,0.09,0.19,5.0,0.22,5.0,0.26,18.5,0.02,0.02,630.149045,1776400700000
1776400702.268,202.268,0.78,5.0,0.74,18.5,0.8,0.09,0.81,5.0,0.2,0.09,0.19,5.0,0.22,5.0,0.26,18.5,0.02,0.02,630.149106,1776400701000
1776400702.843,202.843,0.75,5.0,0.74,5.0,0.77,5.0,0.8,5.0,0.2,0.09,0.19,5.0,0.22,5.0,0.26,18.5,0.02,0.02,630.149106,1776400701000
1776400703.381,203.381,0.75,5.0,0.74,5.0,0.77,5.0,0.8,5.0,0.23,5.0,0.2,5.0,0.25,5.0,0.26,5.0,0.02,0.02,630.102116,1776400702000
1776400703.909,203.909,0.75,5.0,0.74,5.0,0.77,5.0,0.8,5.0,0.23,5.0,0.2,5.0,0.25,5.0,0.26,5.0,0.02,0.02,630.090331,1776400703000
1776400705.447,205.447,0.75,5.0,0.74,5.0,0.77,5.0,0.8,5.0,0.23,5.0,0.2,5.0,0.25,5.0,0.26,5.0,0.02,0.02,630.063,1776400704000
1776400706.096,206.096,0.75,5.0,0.74,5.0,0.77,5.0,0.8,5.0,0.23,5.0,0.2,5.0,0.25,5.0,0.26,5.0,0.02,0.02,630.063,1776400705000
1776400707.403,207.403,0.75,5.0,0.74,5.0,0.77,5.0,0.8,5.0,0.23,5.0,0.2,5.0,0.25,5.0,0.26,5.0,0.02,0.02,630.055161,1776400706000
1776400707.991,207.991,0.75,5.0,0.74,5.0,0.77,5.0,0.8,5.0,0.23,5.0,0.2,5.0,0.25,5.0,0.26,5.0,0.02,0.02,630.053263,1776400707000
1776400708.312,208.312,0.66,0.97,0.62,5.0,0.67,10.09,0.68,5.0,0.23,5.0,0.2,5.0,0.25,5.0,0.26,5.0,0.01,0.02,630.053263,1776400707000
1776400708.874,208.874,0.66,0.97,0.62,5.0,0.68,2.44,0.69,5.0,0.33,10.09,0.32,5.0,0.34,0.97,0.38,5.0,0.02,0.01,630.053263,1776400707000
1776400709.136,209.136,0.66,0.97,0.62,5.0,0.68,2.44,0.69,5.0,0.32,2.44,0.31,5.0,0.34,0.97,0.38,5.0,0.02,0.02,630.014,1776400708000
1776400710.231,210.231,0.66,0.97,0.62,5.0,0.68,2.44,0.69,5.0,0.32,2.44,0.31,5.0,0.34,0.97,0.38,5.0,0.02,0.02,630.024478,1776400709000
1776400711.434,211.434,0.66,0.97,0.62,5.0,0.68,2.44,0.69,5.0,0.32,2.44,0.31,5.0,0.34,0.97,0.38,5.0,0.02,0.02,630.013,1776400710000
1776400712.064,212.064,0.66,0.97,0.62,5.0,0.68,2.44,0.69,5.0,0.32,2.44,0.31,5.0,0.34,0.97,0.38,5.0,0.02,0.02,630.013,1776400711000
1776400713.158,213.158,0.66,0.97,0.62,5.0,0.68,2.44,0.69,5.0,0.32,2.44,0.31,5.0,0.34,0.97,0.38,5.0,0.02,0.02,629.993,1776400712000
1776400713.416,213.416,0.55,5.0,0.54,5.0,0.61,49.03,0.67,131.0,0.32,2.44,0.31,5.0,0.34,0.97,0.38,5.0,0.06,0.02,629.993,1776400712000
1776400714.522,214.522,0.55,5.0,0.54,5.0,0.61,49.03,0.67,131.0,0.39,49.03,0.33,131.0,0.45,5.0,0.46,5.0,0.06,0.06,629.985,1776400713000
1776400715.025,215.025,0.55,5.0,0.54,5.0,0.61,49.03,0.67,131.0,0.39,49.03,0.33,131.0,0.45,5.0,0.46,5.0,0.06,0.06,629.986,1776400714000
1776400716.324,216.324,0.55,5.0,0.54,5.0,0.61,49.03,0.67,131.0,0.39,49.03,0.33,131.0,0.45,5.0,0.46,5.0,0.06,0.06,629.942264,1776400715000
1776400717.512,217.512,0.5,28.73,0.44,5.0,0.51,75.0,0.52,5.0,0.49,75.0,0.48,5.0,0.5,28.73,0.56,5.0,0.01,0.01,629.954088,1776400716000
1776400718.191,218.191,0.5,20.73,0.44,5.0,0.51,75.0,0.52,5.0,0.49,75.0,0.48,5.0,0.5,28.73,0.56,5.0,0.01,0.01,629.954088,1776400716000
1776400718.621,218.621,0.44,5.0,0.43,5.0,0.5,9.37,0.51,75.0,0.49,75.0,0.48,5.0,0.5,13.45,0.56,5.0,0.06,0.01,629.933,1776400717000
1776400719.372,219.372,0.44,5.0,0.43,5.0,0.5,9.37,0.51,75.0,0.5,9.37,0.49,75.0,0.56,5.0,0.57,5.0,0.06,0.06,629.917,1776400718000
1776400719.954,219.954,0.44,5.0,0.43,5.0,0.5,9.37,0.51,75.0,0.5,9.37,0.49,75.0,0.56,5.0,0.57,5.0,0.06,0.06,629.917,1776400719000
1776400721.016,221.016,0.44,5.0,0.43,5.0,0.5,9.37,0.51,75.0,0.5,9.37,0.49,75.0,0.56,5.0,0.57,5.0,0.06,0.06,629.917,1776400720000
1776400722.406,222.406,0.44,5.0,0.43,5.0,0.5,9.37,0.51,75.0,0.5,9.37,0.49,75.0,0.56,5.0,0.57,5.0,0.06,0.06,629.916,1776400721000
1776400723.097,223.097,0.44,5.0,0.43,5.0,0.5,9.37,0.51,75.0,0.5,9.37,0.49,75.0,0.56,5.0,0.57,5.0,0.06,0.06,629.934,1776400722000
1776400724.37,224.37,0.44,5.0,0.43,5.0,0.5,9.37,0.51,75.0,0.5,9.37,0.49,75.0,0.56,5.0,0.57,5.0,0.06,0.06,629.942,1776400723000
1776400724.963,224.963,0.44,5.0,0.43,5.0,0.5,9.37,0.51,75.0,0.5,9.37,0.49,75.0,0.56,5.0,0.57,5.0,0.06,0.06,629.942,1776400724000
1776400726.138,226.138,0.44,5.0,0.43,5.0,0.5,9.37,0.51,75.0,0.5,9.37,0.49,75.0,0.56,5.0,0.57,5.0,0.06,0.06,629.943,1776400725000
1776400726.77,226.77,0.33,5.0,0.32,5.0,0.35,10.0,0.36,5.0,0.5,9.37,0.49,75.0,0.56,5.0,0.57,5.0,0.02,0.06,629.943,1776400725000
1776400727.383,227.383,0.33,5.0,0.32,5.0,0.35,10.0,0.36,5.0,0.65,10.0,0.64,5.0,0.67,5.0,0.68,5.0,0.02,0.02,629.943,1776400726000
1776400727.922,227.922,0.33,5.0,0.32,5.0,0.35,10.0,0.36,5.0,0.65,10.0,0.64,5.0,0.67,5.0,0.68,5.0,0.02,0.02,629.943,1776400727000
1776400729.056,229.056,0.33,5.0,0.32,5.0,0.35,10.0,0.36,5.0,0.65,10.0,0.64,5.0,0.67,5.0,0.68,5.0,0.02,0.02,629.891584,1776400728000
1776400730.653,230.653,0.33,5.0,0.32,5.0,0.35,10.0,0.36,5.0,0.65,10.0,0.64,5.0,0.67,5.0,0.68,5.0,0.02,0.02,629.889603,1776400729000
1776400731.249,231.249,0.33,5.0,0.32,5.0,0.35,10.0,0.36,5.0,0.65,10.0,0.64,5.0,0.67,5.0,0.68,5.0,0.02,0.02,629.881875,1776400730000
1776400732.395,232.395,0.33,5.0,0.32,5.0,0.35,10.0,0.36,5.0,0.65,10.0,0.64,5.0,0.67,5.0,0.68,5.0,0.02,0.02,629.87825,1776400731000
1776400732.991,232.991,0.33,5.0,0.32,5.0,0.35,10.0,0.36,5.0,0.65,10.0,0.64,5.0,0.67,5.0,0.68,5.0,0.02,0.02,629.879278,1776400732000
1776400733.29,233.29,0.24,1.09,0.23,5.0,0.26,5.0,0.27,5.0,0.65,10.0,0.64,5.0,0.67,5.0,0.68,5.0,0.02,0.02,629.879278,1776400732000
1776400734.291,234.291,0.23,2.21,0.22,5.0,0.26,5.0,0.27,5.0,0.74,5.0,0.73,5.0,0.77,2.21,0.78,5.0,0.03,0.03,629.879302,1776400733000
1776400735.409,235.409,0.23,2.21,0.22,5.0,0.26,5.0,0.27,5.0,0.74,5.0,0.73,5.0,0.77,2.21,0.78,5.0,0.03,0.03,629.82272,1776400734000
1776400736.05,236.05,0.23,2.21,0.22,5.0,0.26,5.0,0.27,5.0,0.74,5.0,0.73,5.0,0.77,2.21,0.78,5.0,0.03,0.03,629.81354,1776400735000
1776400737.244,237.244,0.23,2.21,0.22,5.0,0.26,5.0,0.27,5.0,0.74,5.0,0.73,5.0,0.77,2.21,0.78,5.0,0.03,0.03,629.80899,1776400736000
1776400738.582,238.582,0.23,2.21,0.22,5.0,0.26,5.0,0.27,5.0,0.74,5.0,0.73,5.0,0.77,2.21,0.78,5.0,0.03,0.03,629.793,1776400737000
1776400739.153,239.153,0.23,2.21,0.22,5.0,0.26,5.0,0.27,5.0,0.74,5.0,0.73,5.0,0.77,2.21,0.78,5.0,0.03,0.03,629.793,1776400738000
1776400740.406,240.406,0.23,2.21,0.22,5.0,0.26,5.0,0.27,5.0,0.74,5.0,0.73,5.0,0.77,2.21,0.78,5.0,0.03,0.03,629.795,1776400739000
1776400741.535,241.535,0.23,2.21,0.22,5.0,0.26,5.0,0.27,5.0,0.74,5.0,0.73,5.0,0.77,2.21,0.78,5.0,0.03,0.03,629.756892,1776400740000
1776400741.97,241.97,0.12,2.72,0.11,5.0,0.13,34.0,0.14,5.0,0.74,5.0,0.73,5.0,0.77,2.21,0.78,5.0,0.01,0.03,629.756892,1776400740000
1776400742.298,242.298,0.12,2.72,0.11,5.0,0.13,34.0,0.14,5.0,0.87,34.0,0.86,5.0,0.88,2.72,0.89,5.0,0.01,0.01,629.756892,1776400741000
1776400743.012,243.012,0.12,2.72,0.11,5.0,0.13,34.0,0.14,5.0,0.87,34.0,0.86,5.0,0.88,2.72,0.89,5.0,0.01,0.01,629.73644,1776400742000
1776400744.284,244.284,0.12,2.72,0.11,5.0,0.13,34.0,0.14,5.0,0.87,34.0,0.86,5.0,0.88,2.72,0.89,5.0,0.01,0.01,629.677538,1776400743000
1776400745.532,245.532,0.12,2.72,0.11,5.0,0.13,34.0,0.14,5.0,0.87,34.0,0.86,5.0,0.88,2.72,0.89,5.0,0.01,0.01,629.63,1776400744000
1776400745.784,245.784,0.1,13.87,0.09,16.0,0.12,51.0,0.13,5.0,0.87,34.0,0.86,5.0,0.88,2.72,0.89,5.0,0.02,0.01,629.63,1776400744000
1776400746.278,246.278,0.1,13.87,0.09,16.0,0.12,51.0,0.13,5.0,0.88,51.0,0.87,5.0,0.9,13.87,0.91,16.0,0.02,0.02,629.63,1776400745000
1776400747.461,247.461,0.1,13.87,0.09,16.0,0.12,51.0,0.13,5.0,0.88,51.0,0.87,5.0,0.9,13.87,0.91,16.0,0.02,0.02,629.636,1776400746000
1776400748.175,248.175,0.07,18.21,0.06,21.0,0.11,36.6,0.12,70.6,0.89,36.6,0.88,70.6,0.93,18.21,0.94,21.0,0.04,0.04,629.636,1776400747000
1776400749.551,249.551,0.07,16.12,0.06,21.0,0.08,5.0,0.09,58.0,0.92,5.0,0.91,58.0,0.93,16.12,0.94,21.0,0.01,0.01,629.573214,1776400748000
1776400750.283,250.283,0.07,16.12,0.06,21.0,0.08,5.0,0.09,58.0,0.92,5.0,0.91,58.0,0.93,16.12,0.94,21.0,0.01,0.01,629.540244,1776400749000
1776400750.5,250.5,0.07,13.96,0.06,21.0,0.08,46.67,0.09,89.7,0.92,5.0,0.91,58.0,0.93,16.12,0.94,21.0,0.01,0.01,629.540244,1776400749000
1776400750.917,250.917,0.06,20.9,0.05,25.0,0.08,46.67,0.09,89.7,0.92,46.67,0.91,89.7,0.93,5.9,0.94,21.0,0.02,0.01,629.540244,1776400749000
1776400751.296,251.296,0.04,30.0,0.03,38.0,0.07,51.21,0.08,40.29,0.93,11.31,0.92,40.29,0.94,12.9,0.95,25.0,0.03,0.01,629.540244,1776400749000
1776400751.545,251.545,0.04,30.0,0.03,38.0,0.07,51.21,0.08,40.29,0.93,51.21,0.92,40.29,0.96,30.0,0.97,38.0,0.03,0.03,629.522,1776400750000
1776400752.158,252.158,0.04,30.0,0.03,38.0,0.07,51.21,0.08,40.29,0.93,51.21,0.92,40.29,0.96,30.0,0.97,38.0,0.03,0.03,629.50834,1776400751000
1776400754.035,254.035,0.04,30.0,0.03,38.0,0.07,51.21,0.08,40.29,0.93,51.21,0.92,40.29,0.96,30.0,0.97,38.0,0.03,0.03,629.481,1776400753000
1776400755.155,255.155,0.04,30.0,0.03,38.0,0.07,51.21,0.08,40.29,0.93,51.21,0.92,40.29,0.96,30.0,0.97,38.0,0.03,0.03,629.519,1776400754000
1776400755.767,255.767,0.04,27.38,0.03,38.0,0.05,59.7,0.06,51.1,0.93,51.21,0.92,40.29,0.96,30.0,0.97,38.0,0.01,0.03,629.519,1776400754000
1776400756.072,256.072,0.04,27.38,0.03,38.0,0.05,59.7,0.06,51.1,0.95,59.7,0.94,51.1,0.96,27.38,0.97,38.0,0.01,0.01,629.519,1776400755000
1776400757.272,257.272,0.04,22.38,0.03,38.0,0.05,59.7,0.06,51.1,0.95,59.7,0.94,51.1,0.96,22.38,0.97,38.0,0.01,0.01,629.535,1776400756000
1776400758.2,258.2,0.04,22.38,0.03,38.0,0.05,59.7,0.06,51.1,0.95,59.7,0.94,51.1,0.96,22.38,0.97,38.0,0.01,0.01,629.535,1776400757000
1776400758.442,258.442,0.04,7.38,0.03,38.0,0.05,59.7,0.06,51.1,0.95,59.7,0.94,51.1,0.96,22.38,0.97,38.0,0.01,0.01,629.535,1776400757000
1776400759.356,259.356,0.04,5.38,0.03,38.0,0.05,59.7,0.06,51.1,0.95,59.7,0.94,51.1,0.96,5.38,0.97,38.0,0.01,0.01,629.520104,1776400758000
1776400760.361,260.361,0.04,5.38,0.03,38.0,0.05,59.7,0.06,51.1,0.95,59.7,0.94,51.1,0.96,5.38,0.97,38.0,0.01,0.01,629.4858,1776400759000
1776400760.734,260.734,0.04,0.39,0.03,38.0,0.05,54.7,0.06,51.1,0.95,59.7,0.94,51.1,0.96,5.38,0.97,38.0,0.01,0.01,629.4858,1776400759000
1776400761.935,261.935,0.04,0.39,0.03,38.0,0.05,54.7,0.06,51.1,0.95,54.7,0.94,51.1,0.96,0.39,0.97,38.0,0.01,0.01,629.512407,1776400761000
1776400762.903,262.903,0.04,0.39,0.03,38.0,0.05,54.7,0.06,51.1,0.95,54.7,0.94,51.1,0.96,0.39,0.97,38.0,0.01,0.01,629.512019,1776400762000
1776400763.85,263.85,0.04,0.39,0.03,38.0,0.05,54.7,0.06,51.1,0.95,54.7,0.94,51.1,0.96,0.39,0.97,38.0,0.01,0.01,629.539115,1776400763000
1776400764.892,264.892,0.03,22.69,0.02,115.0,0.04,67.7,0.05,59.7,0.96,67.7,0.95,59.7,0.97,22.69,0.98,115.0,0.01,0.01,629.53629,1776400764000
1776400765.923,265.923,0.03,22.69,0.02,115.0,0.04,67.7,0.05,59.7,0.96,67.7,0.95,59.7,0.97,22.69,0.98,115.0,0.01,0.01,629.53897,1776400765000
1776400767.732,267.732,0.03,22.69,0.02,115.0,0.04,67.7,0.05,59.7,0.96,67.7,0.95,59.7,0.97,22.69,0.98,115.0,0.01,0.01,629.53938,1776400766000
1776400768.002,268.002,0.03,21.65,0.02,115.0,0.04,67.7,0.05,59.7,0.96,67.7,0.95,59.7,0.97,22.69,0.98,115.0,0.01,0.01,629.53938,1776400766000
1776400768.336,268.336,0.03,21.65,0.02,115.0,0.04,67.7,0.05,59.7,0.96,67.7,0.95,59.7,0.97,21.65,0.98,115.0,0.01,0.01,629.53991,1776400767000
1776400769.435,269.435,0.03,21.65,0.02,115.0,0.04,67.7,0.05,59.7,0.96,67.7,0.95,59.7,0.97,21.65,0.98,115.0,0.01,0.01,629.54052,1776400768000
1776400769.94,269.94,0.03,21.65,0.02,115.0,0.04,67.7,0.05,59.7,0.96,67.7,0.95,59.7,0.97,21.65,0.98,115.0,0.01,0.01,629.51876,1776400769000
1776400771.003,271.003,0.03,21.65,0.02,115.0,0.04,67.7,0.05,59.7,0.96,67.7,0.95,59.7,0.97,21.65,0.98,115.0,0.01,0.01,629.51783,1776400770000
1776400771.351,271.351,0.03,11.65,0.02,115.0,0.04,67.7,0.05,54.7,0.96,67.7,0.95,59.7,0.97,16.65,0.98,115.0,0.01,0.01,629.51783,1776400770000
1776400772.07,272.07,0.03,3.33,0.02,115.0,0.04,67.7,0.05,54.7,0.96,67.7,0.95,54.7,0.97,3.33,0.98,115.0,0.01,0.01,629.52599,1776400771000
1776400773.198,273.198,0.03,3.33,0.02,115.0,0.04,67.7,0.05,54.7,0.96,67.7,0.95,54.7,0.97,3.33,0.98,115.0,0.01,0.01,629.5701,1776400772000
1776400774.267,274.267,0.03,3.33,0.02,115.0,0.04,67.7,0.05,54.7,0.96,67.7,0.95,54.7,0.97,3.33,0.98,115.0,0.01,0.01,629.616949,1776400773000
1776400775.323,275.323,0.03,3.33,0.02,115.0,0.04,67.7,0.05,54.7,0.96,67.7,0.95,54.7,0.97,3.33,0.98,115.0,0.01,0.01,629.633,1776400774000
1776400775.923,275.923,0.03,3.33,0.02,115.0,0.04,67.7,0.05,54.7,0.96,67.7,0.95,54.7,0.97,3.33,0.98,115.0,0.01,0.01,629.633,1776400775000
1776400776.25,276.25,0.04,5.0,0.03,3.33,0.06,5.0,0.07,5.0,0.96,67.7,0.95,54.7,0.97,3.33,0.98,115.0,0.02,0.01,629.633,1776400775000
1776400776.982,276.982,0.03,2.29,0.02,115.0,0.05,5.0,0.06,5.0,0.94,5.0,0.93,5.0,0.96,5.0,0.97,3.33,0.02,0.02,629.633,1776400775000
1776400777.902,277.902,0.02,109.89,0.01,287.75,0.04,5.0,0.05,5.0,0.95,5.0,0.94,5.0,0.97,2.29,0.98,115.0,0.02,0.02,629.613,1776400776000
1776400778.321,278.321,0.02,109.89,0.01,287.75,0.04,5.0,0.05,5.0,0.96,5.0,0.95,5.0,0.98,109.89,0.99,287.75,0.02,0.02,629.627,1776400777000
1776400779.358,279.358,0.02,109.89,0.01,287.75,0.04,5.0,0.05,5.0,0.96,5.0,0.95,5.0,0.98,109.89,0.99,287.75,0.02,0.02,629.612,1776400778000
1776400779.854,279.854,0.02,109.89,0.01,287.75,0.04,5.0,0.05,5.0,0.96,5.0,0.95,5.0,0.98,109.89,0.99,287.75,0.02,0.02,629.612,1776400779000
1776400780.942,280.942,0.02,109.89,0.01,287.75,0.04,5.0,0.05,5.0,0.96,5.0,0.95,5.0,0.98,109.89,0.99,287.75,0.02,0.02,629.615,1776400780000
1776400782.096,282.096,0.02,109.89,0.01,287.75,0.04,5.0,0.05,5.0,0.96,5.0,0.95,5.0,0.98,109.89,0.99,287.75,0.02,0.02,629.616,1776400781000
1776400782.356,282.356,0.02,96.83,0.01,277.75,0.03,5.0,0.04,5.0,0.96,5.0,0.95,5.0,0.98,109.89,0.99,287.75,0.01,0.02,629.616,1776400781000
1776400783.544,283.544,0.02,96.83,0.01,277.75,0.03,5.0,0.04,5.0,0.97,5.0,0.96,5.0,0.98,96.83,0.99,277.75,0.01,0.01,629.589,1776400782000
1776400784.094,284.094,0.02,96.83,0.01,277.75,0.03,5.0,0.04,5.0,0.97,5.0,0.96,5.0,0.98,96.83,0.99,277.75,0.01,0.01,629.598,1776400783000
1776400785.459,285.459,0.02,96.83,0.01,277.75,0.03,5.0,0.04,5.0,0.97,5.0,0.96,5.0,0.98,96.83,0.99,277.75,0.01,0.01,629.602,1776400784000
1776400786.163,286.163,0.02,96.83,0.01,277.75,0.03,5.0,0.04,5.0,0.97,5.0,0.96,5.0,0.98,96.83,0.99,277.75,0.01,0.01,629.601,1776400785000
1776400787.012,287.012,0.01,277.75,,,0.03,5.0,0.04,5.0,0.97,5.0,0.96,5.0,0.99,277.75,,,0.02,0.02,629.601,1776400786000
1776400787.27,287.27,0.01,267.64,,,0.02,5.1,0.03,5.0,0.97,5.0,0.96,5.0,0.99,277.75,,,0.01,0.02,629.601,1776400786000
1776400788.414,288.414,0.01,267.64,,,0.02,5.1,0.03,5.0,0.98,5.1,0.97,5.0,0.99,267.64,,,0.01,0.01,629.605,1776400787000
1776400788.989,288.989,0.01,267.64,,,0.02,5.1,0.03,5.0,0.98,5.1,0.97,5.0,0.99,267.64,,,0.01,0.01,629.601,1776400788000
1776400790.88,290.88,0.01,262.81,,,0.02,5.1,0.03,5.0,0.98,5.1,0.97,5.0,0.99,267.64,,,0.01,0.01,629.603,1776400789000
1776400791.161,291.161,0.01,260.78,,,0.02,5.1,0.03,5.0,0.98,5.1,0.97,5.0,0.99,262.81,,,0.01,0.01,629.603,1776400789000
1776400791.538,291.538,0.01,241.56,,,0.02,5.1,0.03,5.0,0.98,5.1,0.97,5.0,0.99,260.78,,,0.01,0.01,629.603,1776400790000
1776400792.8,292.8,0.01,224.51,,,0.02,5.1,0.03,5.0,0.98,5.1,0.97,5.0,0.99,229.56,,,0.01,0.01,629.602,1776400791000
1776400793.061,293.061,0.01,209.51,,,0.02,5.1,0.03,5.0,0.98,5.1,0.97,5.0,0.99,224.51,,,0.01,0.01,629.602,1776400792000
1776400793.787,293.787,0.01,203.66,,,0.02,5.1,0.03,5.0,0.98,5.1,0.97,5.0,0.99,208.49,,,0.01,0.01,629.602,1776400792000
1776400794.267,294.267,0.01,178.45,,,0.02,5.1,0.03,5.0,0.98,5.1,0.97,5.0,0.99,183.45,,,0.01,0.01,629.601,1776400793000
1776400794.482,294.482,0.01,177.43,,,0.02,5.1,0.03,5.0,0.98,5.1,0.97,5.0,0.99,178.45,,,0.01,0.01,629.601,1776400793000
1776400796.679,296.679,0.01,167.33,,,0.03,5.0,0.04,5.0,0.98,5.1,0.97,5.0,0.99,177.43,,,0.02,0.01,629.585,1776400795000
1776400796.951,296.951,0.01,147.13,,,0.03,5.0,0.04,5.0,0.97,5.0,0.96,5.0,0.99,167.33,,,0.02,0.02,629.585,1776400795000
1776400797.185,297.185,0.01,110.46,,,0.03,5.0,0.04,5.0,0.97,5.0,0.96,5.0,0.99,120.46,,,0.02,0.02,629.588,1776400796000
1776400797.396,297.396,0.01,93.27,,,0.03,5.0,0.04,5.0,0.97,5.0,0.96,5.0,0.99,110.46,,,0.02,0.02,629.588,1776400796000
1776400797.824,297.824,,,,,0.01,138.08,0.02,5.0,0.99,80.84,0.97,5.0,,,,,,,629.588,1776400796000
