timestamp,elapsed_sec,up_bid_p1,up_bid_s1,up_bid_p2,up_bid_s2,up_bid_p3,up_bid_s3,up_bid_p4,up_bid_s4,up_bid_p5,up_bid_s5,up_ask_p1,up_ask_s1,up_ask_p2,up_ask_s2,up_ask_p3,up_ask_s3,up_ask_p4,up_ask_s4,up_ask_p5,up_ask_s5,down_bid_p1,down_bid_s1,down_bid_p2,down_bid_s2,down_bid_p3,down_bid_s3,down_bid_p4,down_bid_s4,down_bid_p5,down_bid_s5,down_ask_p1,down_ask_s1,down_ask_p2,down_ask_s2,down_ask_p3,down_ask_s3,down_ask_p4,down_ask_s4,down_ask_p5,down_ask_s5,up_spread,down_spread,bnb_price,bnb_oracle_ts
1776163501.492,1.492,0.41,13.0,0.4,8.0,0.39,8.0,0.38,8.0,0.37,189.0,0.59,13.0,0.6,8.0,0.61,8.0,0.62,8.0,0.63,189.0,0.41,13.0,0.4,8.0,0.39,8.0,0.38,8.0,0.37,189.0,0.59,13.0,0.6,8.0,0.61,8.0,0.62,8.0,0.63,189.0,0.18,0.18,617.839515,1776163500000
1776163502.15,2.15,0.41,13.0,0.4,8.0,0.39,8.0,0.38,8.0,0.37,189.0,0.59,13.0,0.6,8.0,0.61,8.0,0.62,8.0,0.63,189.0,0.41,13.0,0.4,8.0,0.39,8.0,0.38,8.0,0.37,189.0,0.59,13.0,0.6,8.0,0.61,8.0,0.62,8.0,0.63,189.0,0.18,0.18,617.835801,1776163501000
1776163503.201,3.201,0.41,13.0,0.4,8.0,0.39,8.0,0.38,8.0,0.37,189.0,0.59,13.0,0.6,8.0,0.61,8.0,0.62,8.0,0.63,189.0,0.41,13.0,0.4,8.0,0.39,8.0,0.38,8.0,0.37,189.0,0.59,13.0,0.6,8.0,0.61,8.0,0.62,8.0,0.63,189.0,0.18,0.18,617.83748,1776163502000
1776163504.256,4.256,0.41,13.0,0.4,8.0,0.39,8.0,0.38,8.0,0.37,189.0,0.59,13.0,0.6,8.0,0.61,8.0,0.62,8.0,0.63,189.0,0.41,13.0,0.4,8.0,0.39,8.0,0.38,8.0,0.37,189.0,0.59,13.0,0.6,8.0,0.61,8.0,0.62,8.0,0.63,189.0,0.18,0.18,617.814943,1776163503000
1776163505.867,5.867,0.46,5.0,0.45,5.0,0.38,13.0,0.31,50.0,0.27,450.0,0.56,3.21,0.57,5.0,0.6,12.0,0.61,50.0,0.71,50.0,0.41,13.0,0.4,8.0,0.39,8.0,0.38,8.0,0.37,189.0,0.59,13.0,0.6,8.0,0.61,8.0,0.62,8.0,0.63,189.0,0.1,0.18,617.814943,1776163503000
1776163506.334,6.334,0.46,5.0,0.45,5.0,0.38,13.0,0.31,50.0,0.27,450.0,0.56,3.21,0.57,5.0,0.6,12.0,0.61,50.0,0.71,50.0,0.44,3.21,0.43,5.0,0.4,12.0,0.39,50.0,0.29,50.0,0.54,5.0,0.55,5.0,0.62,13.0,0.69,50.0,0.73,450.0,0.1,0.1,617.825931,1776163505000
1776163507.554,7.554,0.46,5.0,0.45,5.0,0.38,13.0,0.31,50.0,0.27,450.0,0.56,3.21,0.57,5.0,0.6,12.0,0.61,50.0,0.71,50.0,0.44,3.21,0.43,5.0,0.4,12.0,0.39,50.0,0.29,50.0,0.54,5.0,0.55,5.0,0.62,13.0,0.69,50.0,0.73,450.0,0.1,0.1,617.78859,1776163506000
1776163508.141,8.141,0.46,5.0,0.45,5.0,0.38,13.0,0.31,50.0,0.27,450.0,0.56,3.21,0.57,5.0,0.6,12.0,0.61,50.0,0.71,50.0,0.44,3.21,0.43,5.0,0.4,12.0,0.39,50.0,0.29,50.0,0.54,5.0,0.55,5.0,0.62,13.0,0.69,50.0,0.73,450.0,0.1,0.1,617.797672,1776163507000
1776163509.35,9.35,0.46,5.0,0.45,5.0,0.38,13.0,0.31,50.0,0.27,450.0,0.56,3.21,0.57,5.0,0.6,12.0,0.61,50.0,0.71,50.0,0.44,3.21,0.43,5.0,0.4,12.0,0.39,50.0,0.29,50.0,0.54,5.0,0.55,5.0,0.62,13.0,0.69,50.0,0.73,450.0,0.1,0.1,617.794884,1776163508000
1776163510.126,10.126,0.46,5.0,0.45,5.0,0.38,13.0,0.31,50.0,0.27,450.0,0.56,3.21,0.57,5.0,0.6,12.0,0.61,50.0,0.71,50.0,0.44,3.21,0.43,5.0,0.4,12.0,0.39,50.0,0.29,50.0,0.54,5.0,0.55,5.0,0.62,13.0,0.69,50.0,0.73,450.0,0.1,0.1,617.849244,1776163509000
1776163511.149,11.149,0.46,5.0,0.45,5.0,0.38,13.0,0.31,50.0,0.27,450.0,0.56,3.21,0.57,5.0,0.6,12.0,0.61,50.0,0.71,50.0,0.44,3.21,0.43,5.0,0.4,12.0,0.39,50.0,0.29,50.0,0.54,5.0,0.55,5.0,0.62,13.0,0.69,50.0,0.73,450.0,0.1,0.1,617.825494,1776163510000
1776163512.313,12.313,0.46,5.0,0.45,5.0,0.38,13.0,0.31,50.0,0.27,450.0,0.56,3.21,0.57,5.0,0.6,12.0,0.61,50.0,0.71,50.0,0.44,3.21,0.43,5.0,0.4,12.0,0.39,50.0,0.29,50.0,0.54,5.0,0.55,5.0,0.62,13.0,0.69,50.0,0.73,450.0,0.1,0.1,617.82668,1776163511000
1776163513.461,13.461,0.46,5.0,0.45,5.0,0.38,13.0,0.31,50.0,0.27,450.0,0.56,3.21,0.57,5.0,0.6,12.0,0.61,50.0,0.71,50.0,0.44,3.21,0.43,5.0,0.4,12.0,0.39,50.0,0.29,50.0,0.54,5.0,0.55,5.0,0.62,13.0,0.69,50.0,0.73,450.0,0.1,0.1,617.78215,1776163512000
1776163514.054,14.054,0.46,5.0,0.45,5.0,0.38,13.0,0.31,50.0,0.27,450.0,0.56,3.21,0.57,5.0,0.6,12.0,0.61,50.0,0.71,50.0,0.44,3.21,0.43,5.0,0.4,12.0,0.39,50.0,0.29,50.0,0.54,5.0,0.55,5.0,0.62,13.0,0.69,50.0,0.73,450.0,0.1,0.1,617.781876,1776163513000
1776163515.136,15.136,0.46,5.0,0.45,5.0,0.38,13.0,0.31,50.0,0.27,450.0,0.56,3.21,0.57,5.0,0.6,12.0,0.61,50.0,0.71,50.0,0.44,3.21,0.43,5.0,0.4,12.0,0.39,50.0,0.29,50.0,0.54,5.0,0.55,5.0,0.62,13.0,0.69,50.0,0.73,450.0,0.1,0.1,617.750248,1776163514000
1776163516.35,16.35,0.46,5.0,0.45,5.0,0.38,13.0,0.31,50.0,0.27,450.0,0.56,3.21,0.57,5.0,0.6,12.0,0.61,50.0,0.71,50.0,0.44,3.21,0.43,5.0,0.4,12.0,0.39,50.0,0.29,50.0,0.54,5.0,0.55,5.0,0.62,13.0,0.69,50.0,0.73,450.0,0.1,0.1,617.747898,1776163515000
1776163517.368,17.368,0.45,5.0,0.37,5.0,0.36,5.0,0.35,5.0,0.34,5.0,0.54,10.0,0.57,10.0,0.61,55.0,0.62,5.0,0.63,5.0,0.46,10.0,0.43,10.0,0.39,55.0,0.38,5.0,0.37,5.0,0.55,5.0,0.63,5.0,0.64,5.0,0.65,5.0,0.66,5.0,0.09,0.09,617.747679,1776163516000
1776163517.899,17.899,0.45,5.0,0.37,5.0,0.36,5.0,0.35,5.0,0.34,5.0,0.54,10.0,0.57,10.0,0.61,55.0,0.62,5.0,0.63,5.0,0.46,10.0,0.43,10.0,0.39,55.0,0.38,5.0,0.37,5.0,0.55,5.0,0.63,5.0,0.64,5.0,0.65,5.0,0.66,5.0,0.09,0.09,617.750178,1776163517000
1776163518.952,18.952,0.45,5.0,0.37,5.0,0.36,5.0,0.35,5.0,0.34,5.0,0.54,10.0,0.57,10.0,0.61,55.0,0.62,5.0,0.63,5.0,0.46,10.0,0.43,10.0,0.39,55.0,0.38,5.0,0.37,5.0,0.55,5.0,0.63,5.0,0.64,5.0,0.65,5.0,0.66,5.0,0.09,0.09,617.752894,1776163518000
1776163520.278,20.278,0.43,5.0,0.37,5.0,0.36,5.0,0.35,5.0,0.34,5.0,0.54,10.0,0.57,10.0,0.61,55.0,0.62,5.0,0.63,5.0,0.46,10.0,0.43,10.0,0.39,55.0,0.38,5.0,0.37,5.0,0.57,5.0,0.63,5.0,0.64,5.0,0.65,5.0,0.66,5.0,0.11,0.11,617.777449,1776163519000
1776163521.31,21.31,0.43,5.0,0.37,5.0,0.36,5.0,0.35,5.0,0.34,5.0,0.54,10.0,0.57,10.0,0.61,55.0,0.62,5.0,0.63,5.0,0.46,10.0,0.43,10.0,0.39,55.0,0.38,5.0,0.37,5.0,0.57,5.0,0.63,5.0,0.64,5.0,0.65,5.0,0.66,5.0,0.11,0.11,617.779201,1776163520000
1776163522.411,22.411,0.43,5.0,0.37,5.0,0.36,5.0,0.35,5.0,0.34,5.0,0.54,10.0,0.57,10.0,0.61,55.0,0.62,5.0,0.63,5.0,0.46,10.0,0.43,10.0,0.39,55.0,0.38,5.0,0.37,5.0,0.57,5.0,0.63,5.0,0.64,5.0,0.65,5.0,0.66,5.0,0.11,0.11,617.78949,1776163521000
1776163523.042,23.042,0.43,5.0,0.37,5.0,0.36,5.0,0.35,5.0,0.34,5.0,0.54,10.0,0.57,10.0,0.61,55.0,0.62,5.0,0.63,5.0,0.46,10.0,0.43,10.0,0.39,55.0,0.38,5.0,0.37,5.0,0.57,5.0,0.63,5.0,0.64,5.0,0.65,5.0,0.66,5.0,0.11,0.11,617.803059,1776163522000
1776163524.497,24.497,0.43,5.0,0.37,5.0,0.36,5.0,0.35,5.0,0.34,5.0,0.54,10.0,0.57,10.0,0.61,55.0,0.62,5.0,0.63,5.0,0.46,10.0,0.43,10.0,0.39,55.0,0.38,5.0,0.37,5.0,0.57,5.0,0.63,5.0,0.64,5.0,0.65,5.0,0.66,5.0,0.11,0.11,617.822898,1776163523000
1776163525.062,25.062,0.43,5.0,0.37,5.0,0.36,5.0,0.35,5.0,0.34,5.0,0.54,10.0,0.57,10.0,0.61,55.0,0.62,5.0,0.63,5.0,0.46,10.0,0.43,10.0,0.39,55.0,0.38,5.0,0.37,5.0,0.57,5.0,0.63,5.0,0.64,5.0,0.65,5.0,0.66,5.0,0.11,0.11,617.82361,1776163524000
1776163525.986,25.986,0.43,5.0,0.37,5.0,0.36,5.0,0.35,5.0,0.34,5.0,0.54,10.0,0.57,10.0,0.61,55.0,0.62,5.0,0.63,5.0,0.46,10.0,0.43,10.0,0.39,55.0,0.38,5.0,0.37,5.0,0.57,5.0,0.63,5.0,0.64,5.0,0.65,5.0,0.66,5.0,0.11,0.11,617.826482,1776163525000
1776163527.065,27.065,0.43,5.0,0.37,5.0,0.36,5.0,0.35,5.0,0.34,5.0,0.54,10.0,0.57,10.0,0.61,55.0,0.62,5.0,0.63,5.0,0.46,10.0,0.43,10.0,0.39,55.0,0.38,5.0,0.37,5.0,0.57,5.0,0.63,5.0,0.64,5.0,0.65,5.0,0.66,5.0,0.11,0.11,617.806175,1776163526000
1776163528.052,28.052,0.43,5.0,0.37,5.0,0.36,5.0,0.35,5.0,0.34,5.0,0.54,10.0,0.57,10.0,0.61,55.0,0.62,5.0,0.63,5.0,0.46,10.0,0.43,10.0,0.39,55.0,0.38,5.0,0.37,5.0,0.57,5.0,0.63,5.0,0.64,5.0,0.65,5.0,0.66,5.0,0.11,0.11,617.812691,1776163527000
1776163529.065,29.065,0.43,5.0,0.37,5.0,0.36,5.0,0.35,5.0,0.34,5.0,0.54,10.0,0.57,10.0,0.61,55.0,0.62,5.0,0.63,5.0,0.46,10.0,0.43,10.0,0.39,55.0,0.38,5.0,0.37,5.0,0.57,5.0,0.63,5.0,0.64,5.0,0.65,5.0,0.66,5.0,0.11,0.11,617.80807,1776163528000
1776163530.03,30.03,0.43,5.0,0.37,5.0,0.36,5.0,0.35,5.0,0.34,5.0,0.54,10.0,0.57,10.0,0.61,55.0,0.62,5.0,0.63,5.0,0.46,10.0,0.43,10.0,0.39,55.0,0.38,5.0,0.37,5.0,0.57,5.0,0.63,5.0,0.64,5.0,0.65,5.0,0.66,5.0,0.11,0.11,617.792126,1776163529000
1776163530.953,30.953,0.43,5.0,0.37,5.0,0.36,5.0,0.35,5.0,0.34,5.0,0.54,10.0,0.57,10.0,0.61,55.0,0.62,5.0,0.63,5.0,0.46,10.0,0.43,10.0,0.39,55.0,0.38,5.0,0.37,5.0,0.57,5.0,0.63,5.0,0.64,5.0,0.65,5.0,0.66,5.0,0.11,0.11,617.803196,1776163530000
1776163531.905,31.905,0.43,5.0,0.37,5.0,0.36,5.0,0.35,5.0,0.34,5.0,0.54,10.0,0.57,10.0,0.61,55.0,0.62,5.0,0.63,5.0,0.46,10.0,0.43,10.0,0.39,55.0,0.38,5.0,0.37,5.0,0.57,5.0,0.63,5.0,0.64,5.0,0.65,5.0,0.66,5.0,0.11,0.11,617.80761,1776163531000
1776163532.946,32.946,0.43,5.0,0.37,5.0,0.36,5.0,0.35,5.0,0.34,5.0,0.54,10.0,0.57,10.0,0.61,55.0,0.62,5.0,0.63,5.0,0.46,10.0,0.43,10.0,0.39,55.0,0.38,5.0,0.37,5.0,0.57,5.0,0.63,5.0,0.64,5.0,0.65,5.0,0.66,5.0,0.11,0.11,617.81386,1776163532000
1776163533.917,33.917,0.43,5.0,0.37,5.0,0.36,5.0,0.35,5.0,0.34,5.0,0.54,10.0,0.57,10.0,0.61,55.0,0.62,5.0,0.63,5.0,0.46,10.0,0.43,10.0,0.39,55.0,0.38,5.0,0.37,5.0,0.57,5.0,0.63,5.0,0.64,5.0,0.65,5.0,0.66,5.0,0.11,0.11,617.811658,1776163533000
1776163534.936,34.936,0.43,5.0,0.37,5.0,0.36,5.0,0.35,5.0,0.34,5.0,0.54,10.0,0.57,10.0,0.61,55.0,0.62,5.0,0.63,5.0,0.46,10.0,0.43,10.0,0.39,55.0,0.38,5.0,0.37,5.0,0.57,5.0,0.63,5.0,0.64,5.0,0.65,5.0,0.66,5.0,0.11,0.11,617.814985,1776163534000
1776163535.968,35.968,0.43,5.0,0.37,5.0,0.36,5.0,0.35,5.0,0.34,5.0,0.54,10.0,0.57,10.0,0.61,55.0,0.62,5.0,0.63,5.0,0.46,10.0,0.43,10.0,0.39,55.0,0.38,5.0,0.37,5.0,0.57,5.0,0.63,5.0,0.64,5.0,0.65,5.0,0.66,5.0,0.11,0.11,617.824168,1776163535000
1776163537.471,37.471,0.43,5.0,0.37,5.0,0.36,5.0,0.35,5.0,0.34,5.0,0.54,10.0,0.57,10.0,0.61,55.0,0.62,5.0,0.63,5.0,0.46,10.0,0.43,10.0,0.39,55.0,0.38,5.0,0.37,5.0,0.57,5.0,0.63,5.0,0.64,5.0,0.65,5.0,0.66,5.0,0.11,0.11,617.83164,1776163536000
1776163537.96,37.96,0.43,5.0,0.37,5.0,0.36,5.0,0.35,5.0,0.34,5.0,0.54,10.0,0.57,10.0,0.61,55.0,0.62,5.0,0.63,5.0,0.46,10.0,0.43,10.0,0.39,55.0,0.38,5.0,0.37,5.0,0.57,5.0,0.63,5.0,0.64,5.0,0.65,5.0,0.66,5.0,0.11,0.11,617.829313,1776163537000
1776163538.931,38.931,0.43,5.0,0.37,5.0,0.36,5.0,0.35,5.0,0.34,5.0,0.54,10.0,0.57,10.0,0.61,55.0,0.62,5.0,0.63,5.0,0.46,10.0,0.43,10.0,0.39,55.0,0.38,5.0,0.37,5.0,0.57,5.0,0.63,5.0,0.64,5.0,0.65,5.0,0.66,5.0,0.11,0.11,617.830513,1776163538000
1776163539.907,39.907,0.43,5.0,0.37,5.0,0.36,5.0,0.35,5.0,0.34,5.0,0.54,10.0,0.57,10.0,0.61,55.0,0.62,5.0,0.63,5.0,0.46,10.0,0.43,10.0,0.39,55.0,0.38,5.0,0.37,5.0,0.57,5.0,0.63,5.0,0.64,5.0,0.65,5.0,0.66,5.0,0.11,0.11,617.818641,1776163539000
1776163540.823,40.823,0.43,5.0,0.37,5.0,0.36,5.0,0.35,5.0,0.34,5.0,0.54,10.0,0.57,10.0,0.61,55.0,0.62,5.0,0.63,5.0,0.46,10.0,0.43,10.0,0.39,55.0,0.38,5.0,0.37,5.0,0.57,5.0,0.63,5.0,0.64,5.0,0.65,5.0,0.66,5.0,0.11,0.11,617.828872,1776163540000
1776163541.504,41.504,0.38,3.61,0.32,5.0,0.3,5.0,0.29,8.0,0.27,10.0,0.44,13.0,0.45,5.0,0.5,5.0,0.51,55.0,0.52,5.0,0.46,10.0,0.43,10.0,0.39,55.0,0.38,5.0,0.37,5.0,0.57,5.0,0.63,5.0,0.64,5.0,0.65,5.0,0.66,5.0,0.06,0.11,617.828872,1776163540000
1776163541.901,41.901,0.38,3.61,0.32,5.0,0.3,5.0,0.29,8.0,0.27,10.0,0.44,13.0,0.45,5.0,0.5,5.0,0.51,55.0,0.52,5.0,0.56,13.0,0.55,5.0,0.5,5.0,0.49,55.0,0.48,5.0,0.62,3.61,0.68,5.0,0.7,5.0,0.71,8.0,0.73,10.0,0.06,0.06,617.828153,1776163541000
1776163542.913,42.913,0.38,3.61,0.32,5.0,0.3,5.0,0.29,8.0,0.27,10.0,0.44,13.0,0.45,5.0,0.5,5.0,0.51,55.0,0.52,5.0,0.56,13.0,0.55,5.0,0.5,5.0,0.49,55.0,0.48,5.0,0.62,3.61,0.68,5.0,0.7,5.0,0.71,8.0,0.73,10.0,0.06,0.06,617.740233,1776163542000
1776163543.94,43.94,0.38,3.61,0.32,5.0,0.3,5.0,0.29,8.0,0.27,10.0,0.44,13.0,0.45,5.0,0.5,5.0,0.51,55.0,0.52,5.0,0.56,13.0,0.55,5.0,0.5,5.0,0.49,55.0,0.48,5.0,0.62,3.61,0.68,5.0,0.7,5.0,0.71,8.0,0.73,10.0,0.06,0.06,617.738572,1776163543000
1776163544.954,44.954,0.38,3.61,0.32,5.0,0.3,5.0,0.29,8.0,0.27,10.0,0.44,13.0,0.45,5.0,0.5,5.0,0.51,55.0,0.52,5.0,0.56,13.0,0.55,5.0,0.5,5.0,0.49,55.0,0.48,5.0,0.62,3.61,0.68,5.0,0.7,5.0,0.71,8.0,0.73,10.0,0.06,0.06,617.739014,1776163544000
1776163546.008,46.008,0.38,3.61,0.32,5.0,0.3,5.0,0.29,8.0,0.27,10.0,0.44,13.0,0.45,5.0,0.5,5.0,0.51,55.0,0.52,5.0,0.56,13.0,0.55,5.0,0.5,5.0,0.49,55.0,0.48,5.0,0.62,3.61,0.68,5.0,0.7,5.0,0.71,8.0,0.73,10.0,0.06,0.06,617.732495,1776163545000
1776163546.941,46.941,0.38,3.61,0.32,5.0,0.3,5.0,0.29,8.0,0.27,10.0,0.44,13.0,0.45,5.0,0.5,5.0,0.51,55.0,0.52,5.0,0.56,13.0,0.55,5.0,0.5,5.0,0.49,55.0,0.48,5.0,0.62,3.61,0.68,5.0,0.7,5.0,0.71,8.0,0.73,10.0,0.06,0.06,617.730578,1776163546000
1776163548.096,48.096,0.38,3.61,0.32,5.0,0.3,5.0,0.29,8.0,0.27,10.0,0.44,13.0,0.45,5.0,0.5,5.0,0.51,55.0,0.52,5.0,0.56,13.0,0.55,5.0,0.5,5.0,0.49,55.0,0.48,5.0,0.62,3.61,0.68,5.0,0.7,5.0,0.71,8.0,0.73,10.0,0.06,0.06,617.736564,1776163547000
1776163549.06,49.06,0.38,3.61,0.32,5.0,0.3,5.0,0.29,8.0,0.27,10.0,0.44,13.0,0.45,5.0,0.5,5.0,0.51,55.0,0.52,5.0,0.56,13.0,0.55,5.0,0.5,5.0,0.49,55.0,0.48,5.0,0.62,3.61,0.68,5.0,0.7,5.0,0.71,8.0,0.73,10.0,0.06,0.06,617.740985,1776163548000
1776163550.823,50.823,0.38,3.61,0.32,5.0,0.3,5.0,0.29,8.0,0.27,10.0,0.44,13.0,0.45,5.0,0.5,5.0,0.51,55.0,0.52,5.0,0.56,13.0,0.55,5.0,0.5,5.0,0.49,55.0,0.48,5.0,0.62,3.61,0.68,5.0,0.7,5.0,0.71,8.0,0.73,10.0,0.06,0.06,617.724603,1776163549000
1776163551.783,51.783,0.38,3.61,0.32,5.0,0.3,5.0,0.29,8.0,0.27,10.0,0.44,13.0,0.45,5.0,0.5,5.0,0.51,55.0,0.52,5.0,0.56,13.0,0.55,5.0,0.5,5.0,0.49,55.0,0.48,5.0,0.62,3.61,0.68,5.0,0.7,5.0,0.71,8.0,0.73,10.0,0.06,0.06,617.726516,1776163550000
1776163552.404,52.404,0.38,3.61,0.32,5.0,0.3,5.0,0.29,8.0,0.27,10.0,0.44,13.0,0.45,5.0,0.5,5.0,0.51,55.0,0.52,5.0,0.56,13.0,0.55,5.0,0.5,5.0,0.49,55.0,0.48,5.0,0.62,3.61,0.68,5.0,0.7,5.0,0.71,8.0,0.73,10.0,0.06,0.06,617.727696,1776163551000
1776163553.024,53.024,0.38,3.61,0.32,5.0,0.3,5.0,0.29,8.0,0.27,10.0,0.44,13.0,0.45,5.0,0.5,5.0,0.51,55.0,0.52,5.0,0.56,13.0,0.55,5.0,0.5,5.0,0.49,55.0,0.48,5.0,0.62,3.61,0.68,5.0,0.7,5.0,0.71,8.0,0.73,10.0,0.06,0.06,617.749948,1776163552000
1776163553.79,53.79,0.32,5.0,0.3,5.0,0.26,15.0,0.25,5.0,0.24,19.3,0.44,13.0,0.45,5.0,0.5,5.0,0.51,55.0,0.52,5.0,0.56,13.0,0.55,5.0,0.5,5.0,0.49,55.0,0.48,5.0,0.62,3.61,0.68,5.0,0.7,5.0,0.71,8.0,0.73,10.0,0.12,0.06,617.749948,1776163552000
1776163554.749,54.749,0.32,5.0,0.3,5.0,0.26,15.0,0.25,5.0,0.24,19.3,0.44,13.0,0.45,5.0,0.5,5.0,0.51,55.0,0.52,5.0,0.56,13.0,0.55,5.0,0.5,5.0,0.49,55.0,0.48,5.0,0.68,5.0,0.7,5.0,0.74,15.0,0.75,5.0,0.76,19.3,0.12,0.12,617.71847,1776163553000
1776163555.337,55.337,0.32,5.0,0.3,5.0,0.26,15.0,0.25,5.0,0.24,19.3,0.44,13.0,0.45,5.0,0.5,5.0,0.51,55.0,0.52,5.0,0.56,13.0,0.55,5.0,0.5,5.0,0.49,55.0,0.48,5.0,0.68,5.0,0.7,5.0,0.74,15.0,0.75,5.0,0.76,19.3,0.12,0.12,617.716585,1776163554000
1776163556.019,56.019,0.32,5.0,0.3,5.0,0.26,15.0,0.25,5.0,0.24,19.3,0.44,13.0,0.45,5.0,0.5,5.0,0.51,55.0,0.52,5.0,0.56,13.0,0.55,5.0,0.5,5.0,0.49,55.0,0.48,5.0,0.68,5.0,0.7,5.0,0.74,15.0,0.75,5.0,0.76,19.3,0.12,0.12,617.701372,1776163555000
1776163557.571,57.571,0.32,5.0,0.3,5.0,0.26,15.0,0.25,5.0,0.24,19.3,0.44,13.0,0.45,5.0,0.5,5.0,0.51,55.0,0.52,5.0,0.56,13.0,0.55,5.0,0.5,5.0,0.49,55.0,0.48,5.0,0.68,5.0,0.7,5.0,0.74,15.0,0.75,5.0,0.76,19.3,0.12,0.12,617.701266,1776163556000
1776163558.183,58.183,0.32,5.0,0.3,5.0,0.26,15.0,0.25,5.0,0.24,19.3,0.44,13.0,0.45,5.0,0.5,5.0,0.51,55.0,0.52,5.0,0.56,13.0,0.55,5.0,0.5,5.0,0.49,55.0,0.48,5.0,0.68,5.0,0.7,5.0,0.74,15.0,0.75,5.0,0.76,19.3,0.12,0.12,617.703442,1776163557000
1776163559.495,59.495,0.32,5.0,0.3,5.0,0.26,15.0,0.25,5.0,0.24,19.3,0.44,13.0,0.45,5.0,0.5,5.0,0.51,55.0,0.52,5.0,0.56,13.0,0.55,5.0,0.5,5.0,0.49,55.0,0.48,5.0,0.68,5.0,0.7,5.0,0.74,15.0,0.75,5.0,0.76,19.3,0.12,0.12,617.738621,1776163558000
1776163560.193,60.193,0.32,5.0,0.3,5.0,0.26,15.0,0.25,5.0,0.24,19.3,0.44,13.0,0.45,5.0,0.5,5.0,0.51,55.0,0.52,5.0,0.56,13.0,0.55,5.0,0.5,5.0,0.49,55.0,0.48,5.0,0.68,5.0,0.7,5.0,0.74,15.0,0.75,5.0,0.76,19.3,0.12,0.12,617.775432,1776163559000
1776163561.462,61.462,0.32,5.0,0.3,5.0,0.26,15.0,0.25,5.0,0.24,19.3,0.44,13.0,0.45,5.0,0.5,5.0,0.51,55.0,0.52,5.0,0.56,13.0,0.55,5.0,0.5,5.0,0.49,55.0,0.48,5.0,0.68,5.0,0.7,5.0,0.74,15.0,0.75,5.0,0.76,19.3,0.12,0.12,617.746523,1776163560000
1776163562.2,62.2,0.32,5.0,0.3,5.0,0.26,15.0,0.25,5.0,0.24,19.3,0.44,13.0,0.45,5.0,0.5,5.0,0.51,55.0,0.52,5.0,0.56,13.0,0.55,5.0,0.5,5.0,0.49,55.0,0.48,5.0,0.68,5.0,0.7,5.0,0.74,15.0,0.75,5.0,0.76,19.3,0.12,0.12,617.746523,1776163561000
1776163563.446,63.446,0.32,5.0,0.3,5.0,0.26,15.0,0.25,5.0,0.24,19.3,0.44,13.0,0.45,5.0,0.5,5.0,0.51,55.0,0.52,5.0,0.56,13.0,0.55,5.0,0.5,5.0,0.49,55.0,0.48,5.0,0.68,5.0,0.7,5.0,0.74,15.0,0.75,5.0,0.76,19.3,0.12,0.12,617.705308,1776163562000
1776163564.127,64.127,0.32,5.0,0.3,5.0,0.26,15.0,0.25,5.0,0.24,19.3,0.44,13.0,0.45,5.0,0.5,5.0,0.51,55.0,0.52,5.0,0.56,13.0,0.55,5.0,0.5,5.0,0.49,55.0,0.48,5.0,0.68,5.0,0.7,5.0,0.74,15.0,0.75,5.0,0.76,19.3,0.12,0.12,617.705155,1776163563000
1776163565.583,65.583,0.32,5.0,0.3,5.0,0.26,15.0,0.25,5.0,0.24,19.3,0.44,13.0,0.45,5.0,0.5,5.0,0.51,55.0,0.52,5.0,0.56,13.0,0.55,5.0,0.5,5.0,0.49,55.0,0.48,5.0,0.68,5.0,0.7,5.0,0.74,15.0,0.75,5.0,0.76,19.3,0.12,0.12,617.728174,1776163564000
1776163566.447,66.447,0.32,5.0,0.3,5.0,0.26,15.0,0.25,5.0,0.24,19.3,0.44,13.0,0.45,5.0,0.5,5.0,0.51,55.0,0.52,5.0,0.56,13.0,0.55,5.0,0.5,5.0,0.49,55.0,0.48,5.0,0.68,5.0,0.7,5.0,0.74,15.0,0.75,5.0,0.76,19.3,0.12,0.12,617.73428,1776163565000
1776163567.027,67.027,0.32,5.0,0.3,5.0,0.26,15.0,0.25,5.0,0.24,19.3,0.44,13.0,0.45,5.0,0.5,5.0,0.51,55.0,0.52,5.0,0.56,13.0,0.55,5.0,0.5,5.0,0.49,55.0,0.48,5.0,0.68,5.0,0.7,5.0,0.74,15.0,0.75,5.0,0.76,19.3,0.12,0.12,617.76162,1776163566000
1776163568.669,68.669,0.32,5.0,0.3,5.0,0.26,15.0,0.25,5.0,0.24,19.3,0.44,13.0,0.45,5.0,0.5,5.0,0.51,55.0,0.52,5.0,0.56,13.0,0.55,5.0,0.5,5.0,0.49,55.0,0.48,5.0,0.68,5.0,0.7,5.0,0.74,15.0,0.75,5.0,0.76,19.3,0.12,0.12,617.7541,1776163567000
1776163569.256,69.256,0.32,5.0,0.3,5.0,0.26,15.0,0.25,5.0,0.24,19.3,0.44,13.0,0.45,5.0,0.5,5.0,0.51,55.0,0.52,5.0,0.56,13.0,0.55,5.0,0.5,5.0,0.49,55.0,0.48,5.0,0.68,5.0,0.7,5.0,0.74,15.0,0.75,5.0,0.76,19.3,0.12,0.12,617.75315,1776163568000
1776163570.353,70.353,0.32,5.0,0.3,5.0,0.26,15.0,0.25,5.0,0.24,19.3,0.44,13.0,0.45,5.0,0.5,5.0,0.51,55.0,0.52,5.0,0.56,13.0,0.55,5.0,0.5,5.0,0.49,55.0,0.48,5.0,0.68,5.0,0.7,5.0,0.74,15.0,0.75,5.0,0.76,19.3,0.12,0.12,617.70972,1776163569000
1776163571.232,71.232,0.32,5.0,0.3,5.0,0.26,15.0,0.25,5.0,0.24,19.3,0.44,13.0,0.45,5.0,0.5,5.0,0.51,55.0,0.52,5.0,0.56,13.0,0.55,5.0,0.5,5.0,0.49,55.0,0.48,5.0,0.68,5.0,0.7,5.0,0.74,15.0,0.75,5.0,0.76,19.3,0.12,0.12,617.71956,1776163570000
1776163572.166,72.166,0.32,5.0,0.3,5.0,0.26,15.0,0.25,5.0,0.24,19.3,0.44,13.0,0.45,5.0,0.5,5.0,0.51,55.0,0.52,5.0,0.56,13.0,0.55,5.0,0.5,5.0,0.49,55.0,0.48,5.0,0.68,5.0,0.7,5.0,0.74,15.0,0.75,5.0,0.76,19.3,0.12,0.12,617.79058,1776163571000
1776163573.162,73.162,0.32,5.0,0.3,5.0,0.26,15.0,0.25,5.0,0.24,19.3,0.44,13.0,0.45,5.0,0.5,5.0,0.51,55.0,0.52,5.0,0.56,13.0,0.55,5.0,0.5,5.0,0.49,55.0,0.48,5.0,0.68,5.0,0.7,5.0,0.74,15.0,0.75,5.0,0.76,19.3,0.12,0.12,617.77323,1776163572000
1776163574.179,74.179,0.32,5.0,0.3,5.0,0.26,15.0,0.25,5.0,0.24,19.3,0.44,13.0,0.45,5.0,0.5,5.0,0.51,55.0,0.52,5.0,0.56,13.0,0.55,5.0,0.5,5.0,0.49,55.0,0.48,5.0,0.68,5.0,0.7,5.0,0.74,15.0,0.75,5.0,0.76,19.3,0.12,0.12,617.78498,1776163573000
1776163575.153,75.153,0.32,5.0,0.3,5.0,0.26,15.0,0.25,5.0,0.24,19.3,0.44,13.0,0.45,5.0,0.5,5.0,0.51,55.0,0.52,5.0,0.56,13.0,0.55,5.0,0.5,5.0,0.49,55.0,0.48,5.0,0.68,5.0,0.7,5.0,0.74,15.0,0.75,5.0,0.76,19.3,0.12,0.12,617.78436,1776163574000
1776163576.133,76.133,0.32,5.0,0.3,5.0,0.26,15.0,0.25,5.0,0.24,19.3,0.44,13.0,0.45,5.0,0.5,5.0,0.51,55.0,0.52,5.0,0.56,13.0,0.55,5.0,0.5,5.0,0.49,55.0,0.48,5.0,0.68,5.0,0.7,5.0,0.74,15.0,0.75,5.0,0.76,19.3,0.12,0.12,617.78459,1776163575000
1776163577.117,77.117,0.32,5.0,0.3,5.0,0.26,15.0,0.25,5.0,0.24,19.3,0.44,13.0,0.45,5.0,0.5,5.0,0.51,55.0,0.52,5.0,0.56,13.0,0.55,5.0,0.5,5.0,0.49,55.0,0.48,5.0,0.68,5.0,0.7,5.0,0.74,15.0,0.75,5.0,0.76,19.3,0.12,0.12,617.78145,1776163576000
1776163578.058,78.058,0.32,5.0,0.3,5.0,0.26,15.0,0.25,5.0,0.24,19.3,0.44,13.0,0.45,5.0,0.5,5.0,0.51,55.0,0.52,5.0,0.56,13.0,0.55,5.0,0.5,5.0,0.49,55.0,0.48,5.0,0.68,5.0,0.7,5.0,0.74,15.0,0.75,5.0,0.76,19.3,0.12,0.12,617.79392,1776163577000
1776163579.005,79.005,0.32,5.0,0.3,5.0,0.26,15.0,0.25,5.0,0.24,19.3,0.44,13.0,0.45,5.0,0.5,5.0,0.51,55.0,0.52,5.0,0.56,13.0,0.55,5.0,0.5,5.0,0.49,55.0,0.48,5.0,0.68,5.0,0.7,5.0,0.74,15.0,0.75,5.0,0.76,19.3,0.12,0.12,617.79148,1776163578000
1776163579.944,79.944,0.32,5.0,0.3,5.0,0.26,15.0,0.25,5.0,0.24,19.3,0.44,13.0,0.45,5.0,0.5,5.0,0.51,55.0,0.52,5.0,0.56,13.0,0.55,5.0,0.5,5.0,0.49,55.0,0.48,5.0,0.68,5.0,0.7,5.0,0.74,15.0,0.75,5.0,0.76,19.3,0.12,0.12,617.80541,1776163579000
1776163581.434,81.434,0.32,5.0,0.3,5.0,0.26,15.0,0.25,5.0,0.24,19.3,0.44,13.0,0.45,5.0,0.5,5.0,0.51,55.0,0.52,5.0,0.56,13.0,0.55,5.0,0.5,5.0,0.49,55.0,0.48,5.0,0.68,5.0,0.7,5.0,0.74,15.0,0.75,5.0,0.76,19.3,0.12,0.12,617.890742,1776163580000
1776163581.988,81.988,0.67,6.05,0.64,5.0,0.61,5.1,0.58,5.0,0.57,5.0,0.68,10.0,0.69,16.0,0.71,10.0,0.77,14.7,0.78,20.2,0.56,13.0,0.55,5.0,0.5,5.0,0.49,55.0,0.48,5.0,0.68,5.0,0.7,5.0,0.74,15.0,0.75,5.0,0.76,19.3,0.01,0.12,617.890742,1776163580000
1776163582.715,82.715,0.67,11.15,0.65,5.0,0.59,5.0,0.58,5.0,0.57,5.0,0.68,10.0,0.72,10.0,0.77,14.7,0.78,15.2,0.79,20.7,0.32,10.0,0.31,16.0,0.29,10.0,0.23,14.7,0.22,20.2,0.33,6.05,0.36,5.0,0.39,5.1,0.42,5.0,0.43,5.0,0.01,0.01,617.93953,1776163581000
1776163583.317,83.317,0.67,11.15,0.65,5.0,0.59,5.0,0.58,5.0,0.57,5.0,0.68,10.0,0.72,10.0,0.77,14.7,0.78,15.2,0.79,20.7,0.32,10.0,0.28,10.0,0.23,14.7,0.22,15.2,0.21,20.7,0.33,11.15,0.35,5.0,0.41,5.0,0.42,5.0,0.43,5.0,0.01,0.01,617.95052,1776163582000
1776163584.537,84.537,0.67,11.15,0.65,5.0,0.59,5.0,0.58,5.0,0.57,5.0,0.68,10.0,0.72,10.0,0.77,14.7,0.78,15.2,0.79,20.7,0.32,10.0,0.28,10.0,0.23,14.7,0.22,15.2,0.21,20.7,0.33,11.15,0.35,5.0,0.41,5.0,0.42,5.0,0.43,5.0,0.01,0.01,617.98524,1776163583000
1776163585.245,85.245,0.67,11.15,0.65,5.0,0.59,5.0,0.58,5.0,0.57,5.0,0.68,10.0,0.72,10.0,0.77,14.7,0.78,15.2,0.79,20.7,0.32,10.0,0.28,10.0,0.23,14.7,0.22,15.2,0.21,20.7,0.33,11.15,0.35,5.0,0.41,5.0,0.42,5.0,0.43,5.0,0.01,0.01,617.98399,1776163584000
1776163586.519,86.519,0.67,11.15,0.65,5.0,0.59,5.0,0.58,5.0,0.57,5.0,0.68,10.0,0.72,10.0,0.77,14.7,0.78,15.2,0.79,20.7,0.32,10.0,0.28,10.0,0.23,14.7,0.22,15.2,0.21,20.7,0.33,11.15,0.35,5.0,0.41,5.0,0.42,5.0,0.43,5.0,0.01,0.01,617.98849,1776163585000
1776163587.032,87.032,0.67,11.15,0.65,5.0,0.59,5.0,0.58,5.0,0.57,5.0,0.68,10.0,0.72,10.0,0.77,14.7,0.78,15.2,0.79,20.7,0.32,10.0,0.28,10.0,0.23,14.7,0.22,15.2,0.21,20.7,0.33,11.15,0.35,5.0,0.41,5.0,0.42,5.0,0.43,5.0,0.01,0.01,617.98849,1776163586000
1776163588.282,88.282,0.67,11.15,0.65,5.0,0.59,5.0,0.58,5.0,0.57,5.0,0.68,10.0,0.72,10.0,0.77,14.7,0.78,15.2,0.79,20.7,0.32,10.0,0.28,10.0,0.23,14.7,0.22,15.2,0.21,20.7,0.33,11.15,0.35,5.0,0.41,5.0,0.42,5.0,0.43,5.0,0.01,0.01,617.99304,1776163587000
1776163589.683,89.683,0.67,11.15,0.65,5.0,0.59,5.0,0.58,5.0,0.57,5.0,0.68,10.0,0.72,10.0,0.77,14.7,0.78,15.2,0.79,20.7,0.32,10.0,0.28,10.0,0.23,14.7,0.22,15.2,0.21,20.7,0.33,11.15,0.35,5.0,0.41,5.0,0.42,5.0,0.43,5.0,0.01,0.01,617.99616,1776163588000
1776163590.34,90.34,0.67,11.15,0.65,5.0,0.59,5.0,0.58,5.0,0.57,5.0,0.68,10.0,0.72,10.0,0.77,14.7,0.78,15.2,0.79,20.7,0.32,10.0,0.28,10.0,0.23,14.7,0.22,15.2,0.21,20.7,0.33,11.15,0.35,5.0,0.41,5.0,0.42,5.0,0.43,5.0,0.01,0.01,617.97912,1776163589000
1776163591.647,91.647,0.67,11.15,0.65,5.0,0.59,5.0,0.58,5.0,0.57,5.0,0.68,10.0,0.72,10.0,0.77,14.7,0.78,15.2,0.79,20.7,0.32,10.0,0.28,10.0,0.23,14.7,0.22,15.2,0.21,20.7,0.33,11.15,0.35,5.0,0.41,5.0,0.42,5.0,0.43,5.0,0.01,0.01,617.98483,1776163590000
1776163592.352,92.352,0.67,11.15,0.65,5.0,0.59,5.0,0.58,5.0,0.57,5.0,0.68,10.0,0.72,10.0,0.77,14.7,0.78,15.2,0.79,20.7,0.32,10.0,0.28,10.0,0.23,14.7,0.22,15.2,0.21,20.7,0.33,11.15,0.35,5.0,0.41,5.0,0.42,5.0,0.43,5.0,0.01,0.01,618.01003,1776163591000
1776163593.798,93.798,0.67,11.15,0.65,5.0,0.59,5.0,0.58,5.0,0.57,5.0,0.68,10.0,0.72,10.0,0.77,14.7,0.78,15.2,0.79,20.7,0.32,10.0,0.28,10.0,0.23,14.7,0.22,15.2,0.21,20.7,0.33,11.15,0.35,5.0,0.41,5.0,0.42,5.0,0.43,5.0,0.01,0.01,617.999437,1776163592000
1776163594.405,94.405,0.67,11.15,0.65,5.0,0.59,5.0,0.58,5.0,0.57,5.0,0.68,10.0,0.72,10.0,0.77,14.7,0.78,15.2,0.79,20.7,0.32,10.0,0.28,10.0,0.23,14.7,0.22,15.2,0.21,20.7,0.33,11.15,0.35,5.0,0.41,5.0,0.42,5.0,0.43,5.0,0.01,0.01,617.990137,1776163593000
1776163595.103,95.103,0.67,11.15,0.65,5.0,0.59,5.0,0.58,5.0,0.57,5.0,0.68,10.0,0.72,10.0,0.77,14.7,0.78,15.2,0.79,20.7,0.32,10.0,0.28,10.0,0.23,14.7,0.22,15.2,0.21,20.7,0.33,11.15,0.35,5.0,0.41,5.0,0.42,5.0,0.43,5.0,0.01,0.01,617.981099,1776163594000
1776163596.348,96.348,0.67,11.15,0.65,5.0,0.59,5.0,0.58,5.0,0.57,5.0,0.68,10.0,0.72,10.0,0.77,14.7,0.78,15.2,0.79,20.7,0.32,10.0,0.28,10.0,0.23,14.7,0.22,15.2,0.21,20.7,0.33,11.15,0.35,5.0,0.41,5.0,0.42,5.0,0.43,5.0,0.01,0.01,617.950415,1776163595000
1776163597.078,97.078,0.67,11.15,0.65,5.0,0.59,5.0,0.58,5.0,0.57,5.0,0.68,10.0,0.72,10.0,0.77,14.7,0.78,15.2,0.79,20.7,0.32,10.0,0.28,10.0,0.23,14.7,0.22,15.2,0.21,20.7,0.33,11.15,0.35,5.0,0.41,5.0,0.42,5.0,0.43,5.0,0.01,0.01,617.950159,1776163596000
1776163598.069,98.069,0.67,11.15,0.65,5.0,0.59,5.0,0.58,5.0,0.57,5.0,0.68,10.0,0.72,10.0,0.77,14.7,0.78,15.2,0.79,20.7,0.32,10.0,0.28,10.0,0.23,14.7,0.22,15.2,0.21,20.7,0.33,11.15,0.35,5.0,0.41,5.0,0.42,5.0,0.43,5.0,0.01,0.01,617.991874,1776163597000
1776163599.229,99.229,0.67,11.15,0.65,5.0,0.59,5.0,0.58,5.0,0.57,5.0,0.68,10.0,0.72,10.0,0.77,14.7,0.78,15.2,0.79,20.7,0.32,10.0,0.28,10.0,0.23,14.7,0.22,15.2,0.21,20.7,0.33,11.15,0.35,5.0,0.41,5.0,0.42,5.0,0.43,5.0,0.01,0.01,617.991915,1776163598000
1776163600.33,100.33,0.67,11.15,0.65,5.0,0.59,5.0,0.58,5.0,0.57,5.0,0.68,10.0,0.72,10.0,0.77,14.7,0.78,15.2,0.79,20.7,0.32,10.0,0.28,10.0,0.23,14.7,0.22,15.2,0.21,20.7,0.33,11.15,0.35,5.0,0.41,5.0,0.42,5.0,0.43,5.0,0.01,0.01,617.992049,1776163599000
1776163600.809,100.809,0.67,11.15,0.65,5.0,0.59,5.0,0.58,5.0,0.57,5.0,0.68,10.0,0.72,10.0,0.77,14.7,0.78,15.2,0.79,20.7,0.32,10.0,0.28,10.0,0.23,14.7,0.22,15.2,0.21,20.7,0.33,11.15,0.35,5.0,0.41,5.0,0.42,5.0,0.43,5.0,0.01,0.01,617.988688,1776163600000
1776163602.11,102.11,0.67,11.15,0.65,5.0,0.59,5.0,0.58,5.0,0.57,5.0,0.68,10.0,0.72,10.0,0.77,14.7,0.78,15.2,0.79,20.7,0.32,10.0,0.28,10.0,0.23,14.7,0.22,15.2,0.21,20.7,0.33,11.15,0.35,5.0,0.41,5.0,0.42,5.0,0.43,5.0,0.01,0.01,617.986954,1776163601000
1776163603.2,103.2,0.67,11.15,0.65,5.0,0.59,5.0,0.58,5.0,0.57,5.0,0.68,10.0,0.72,10.0,0.77,14.7,0.78,15.2,0.79,20.7,0.32,10.0,0.28,10.0,0.23,14.7,0.22,15.2,0.21,20.7,0.33,11.15,0.35,5.0,0.41,5.0,0.42,5.0,0.43,5.0,0.01,0.01,617.984473,1776163602000
1776163604.518,104.518,0.67,11.15,0.65,5.0,0.59,5.0,0.58,5.0,0.57,5.0,0.68,10.0,0.72,10.0,0.77,14.7,0.78,15.2,0.79,20.7,0.32,10.0,0.28,10.0,0.23,14.7,0.22,15.2,0.21,20.7,0.33,11.15,0.35,5.0,0.41,5.0,0.42,5.0,0.43,5.0,0.01,0.01,617.98682,1776163603000
1776163605.083,105.083,0.67,11.15,0.65,5.0,0.59,5.0,0.58,5.0,0.57,5.0,0.68,10.0,0.72,10.0,0.77,14.7,0.78,15.2,0.79,20.7,0.32,10.0,0.28,10.0,0.23,14.7,0.22,15.2,0.21,20.7,0.33,11.15,0.35,5.0,0.41,5.0,0.42,5.0,0.43,5.0,0.01,0.01,617.986893,1776163604000
1776163606.316,106.316,0.67,11.15,0.65,5.0,0.59,5.0,0.58,5.0,0.57,5.0,0.68,10.0,0.72,10.0,0.77,14.7,0.78,15.2,0.79,20.7,0.32,10.0,0.28,10.0,0.23,14.7,0.22,15.2,0.21,20.7,0.33,11.15,0.35,5.0,0.41,5.0,0.42,5.0,0.43,5.0,0.01,0.01,618.001779,1776163605000
1776163607.402,107.402,0.67,11.15,0.65,5.0,0.59,5.0,0.58,5.0,0.57,5.0,0.68,10.0,0.72,10.0,0.77,14.7,0.78,15.2,0.79,20.7,0.32,10.0,0.28,10.0,0.23,14.7,0.22,15.2,0.21,20.7,0.33,11.15,0.35,5.0,0.41,5.0,0.42,5.0,0.43,5.0,0.01,0.01,617.999651,1776163606000
1776163608.442,108.442,0.67,11.15,0.65,5.0,0.59,5.0,0.58,5.0,0.57,5.0,0.68,10.0,0.72,10.0,0.77,14.7,0.78,15.2,0.79,20.7,0.32,10.0,0.28,10.0,0.23,14.7,0.22,15.2,0.21,20.7,0.33,11.15,0.35,5.0,0.41,5.0,0.42,5.0,0.43,5.0,0.01,0.01,618.000093,1776163607000
1776163609.034,109.034,0.67,11.15,0.65,5.0,0.59,5.0,0.58,5.0,0.57,5.0,0.68,10.0,0.72,10.0,0.77,14.7,0.78,15.2,0.79,20.7,0.32,10.0,0.28,10.0,0.23,14.7,0.22,15.2,0.21,20.7,0.33,11.15,0.35,5.0,0.41,5.0,0.42,5.0,0.43,5.0,0.01,0.01,617.999547,1776163608000
1776163610.4,110.4,0.67,11.15,0.65,5.0,0.59,5.0,0.58,5.0,0.57,5.0,0.68,10.0,0.72,10.0,0.77,14.7,0.78,15.2,0.79,20.7,0.32,10.0,0.28,10.0,0.23,14.7,0.22,15.2,0.21,20.7,0.33,11.15,0.35,5.0,0.41,5.0,0.42,5.0,0.43,5.0,0.01,0.01,617.9976,1776163609000
1776163610.941,110.941,0.67,11.15,0.65,5.0,0.59,5.0,0.58,5.0,0.57,5.0,0.68,10.0,0.72,10.0,0.77,14.7,0.78,15.2,0.79,20.7,0.32,10.0,0.28,10.0,0.23,14.7,0.22,15.2,0.21,20.7,0.33,11.15,0.35,5.0,0.41,5.0,0.42,5.0,0.43,5.0,0.01,0.01,617.99843,1776163610000
1776163612.143,112.143,0.67,11.15,0.65,5.0,0.59,5.0,0.58,5.0,0.57,5.0,0.68,10.0,0.72,10.0,0.77,14.7,0.78,15.2,0.79,20.7,0.32,10.0,0.28,10.0,0.23,14.7,0.22,15.2,0.21,20.7,0.33,11.15,0.35,5.0,0.41,5.0,0.42,5.0,0.43,5.0,0.01,0.01,618.012769,1776163611000
1776163613.501,113.501,0.67,11.15,0.65,5.0,0.59,5.0,0.58,5.0,0.57,5.0,0.68,10.0,0.72,10.0,0.77,14.7,0.78,15.2,0.79,20.7,0.32,10.0,0.28,10.0,0.23,14.7,0.22,15.2,0.21,20.7,0.33,11.15,0.35,5.0,0.41,5.0,0.42,5.0,0.43,5.0,0.01,0.01,618.018353,1776163612000
1776163614.031,114.031,0.67,11.15,0.65,5.0,0.59,5.0,0.58,5.0,0.57,5.0,0.68,10.0,0.72,10.0,0.77,14.7,0.78,15.2,0.79,20.7,0.32,10.0,0.28,10.0,0.23,14.7,0.22,15.2,0.21,20.7,0.33,11.15,0.35,5.0,0.41,5.0,0.42,5.0,0.43,5.0,0.01,0.01,618.018192,1776163613000
1776163615.202,115.202,0.67,11.15,0.65,5.0,0.59,5.0,0.58,5.0,0.57,5.0,0.68,10.0,0.72,10.0,0.77,14.7,0.78,15.2,0.79,20.7,0.32,10.0,0.28,10.0,0.23,14.7,0.22,15.2,0.21,20.7,0.33,11.15,0.35,5.0,0.41,5.0,0.42,5.0,0.43,5.0,0.01,0.01,618.016711,1776163614000
1776163616.226,116.226,0.67,11.15,0.65,5.0,0.59,5.0,0.58,5.0,0.57,5.0,0.68,10.0,0.72,10.0,0.77,14.7,0.78,15.2,0.79,20.7,0.32,10.0,0.28,10.0,0.23,14.7,0.22,15.2,0.21,20.7,0.33,11.15,0.35,5.0,0.41,5.0,0.42,5.0,0.43,5.0,0.01,0.01,618.019143,1776163615000
1776163617.362,117.362,0.67,11.15,0.65,5.0,0.59,5.0,0.58,5.0,0.57,5.0,0.68,10.0,0.72,10.0,0.77,14.7,0.78,15.2,0.79,20.7,0.32,10.0,0.28,10.0,0.23,14.7,0.22,15.2,0.21,20.7,0.33,11.15,0.35,5.0,0.41,5.0,0.42,5.0,0.43,5.0,0.01,0.01,618.030053,1776163616000
1776163617.857,117.857,0.71,5.1,0.7,13.2,0.68,20.0,0.67,11.8,0.66,11.6,0.75,4.32,0.76,10.0,0.8,16.2,0.81,66.89,0.82,22.6,0.25,4.32,0.24,10.0,0.2,16.2,0.19,66.89,0.18,22.6,0.29,5.1,0.3,13.2,0.32,20.0,0.33,11.8,0.34,11.6,0.04,0.04,618.029292,1776163617000
1776163618.986,118.986,0.71,5.1,0.7,13.2,0.68,20.0,0.67,11.8,0.66,11.6,0.75,4.32,0.76,10.0,0.8,16.2,0.81,66.89,0.82,22.6,0.25,4.32,0.24,10.0,0.2,16.2,0.19,66.89,0.18,22.6,0.29,5.1,0.3,13.2,0.32,20.0,0.33,11.8,0.34,11.6,0.04,0.04,618.029289,1776163618000
1776163620.004,120.004,0.71,5.1,0.7,13.2,0.68,20.0,0.67,11.8,0.66,11.6,0.75,4.32,0.76,10.0,0.8,16.2,0.81,66.89,0.82,22.6,0.25,4.32,0.24,10.0,0.2,16.2,0.19,66.89,0.18,22.6,0.29,5.1,0.3,13.2,0.32,20.0,0.33,11.8,0.34,11.6,0.04,0.04,617.995352,1776163619000
1776163621.146,121.146,0.71,5.1,0.7,13.2,0.68,20.0,0.67,11.8,0.66,11.6,0.75,4.32,0.76,10.0,0.8,16.2,0.81,66.89,0.82,22.6,0.25,4.32,0.24,10.0,0.2,16.2,0.19,66.89,0.18,22.6,0.29,5.1,0.3,13.2,0.32,20.0,0.33,11.8,0.34,11.6,0.04,0.04,618.00016,1776163620000
1776163622.228,122.228,0.71,5.1,0.7,13.2,0.68,20.0,0.67,11.8,0.66,11.6,0.75,4.32,0.76,10.0,0.8,16.2,0.81,66.89,0.82,22.6,0.25,4.32,0.24,10.0,0.2,16.2,0.19,66.89,0.18,22.6,0.29,5.1,0.3,13.2,0.32,20.0,0.33,11.8,0.34,11.6,0.04,0.04,618.015535,1776163621000
1776163623.304,123.304,0.71,5.1,0.7,13.2,0.68,20.0,0.67,11.8,0.66,11.6,0.75,4.32,0.76,10.0,0.8,16.2,0.81,66.89,0.82,22.6,0.25,4.32,0.24,10.0,0.2,16.2,0.19,66.89,0.18,22.6,0.29,5.1,0.3,13.2,0.32,20.0,0.33,11.8,0.34,11.6,0.04,0.04,618.015546,1776163622000
1776163624.376,124.376,0.71,5.1,0.7,13.2,0.68,20.0,0.67,11.8,0.66,11.6,0.75,4.32,0.76,10.0,0.8,16.2,0.81,66.89,0.82,22.6,0.25,4.32,0.24,10.0,0.2,16.2,0.19,66.89,0.18,22.6,0.29,5.1,0.3,13.2,0.32,20.0,0.33,11.8,0.34,11.6,0.04,0.04,618.014623,1776163623000
1776163624.97,124.97,0.71,5.1,0.7,13.2,0.68,20.0,0.67,11.8,0.66,11.6,0.75,4.32,0.76,10.0,0.8,16.2,0.81,66.89,0.82,22.6,0.25,4.32,0.24,10.0,0.2,16.2,0.19,66.89,0.18,22.6,0.29,5.1,0.3,13.2,0.32,20.0,0.33,11.8,0.34,11.6,0.04,0.04,618.013462,1776163624000
1776163626.104,126.104,0.71,5.1,0.7,13.2,0.68,20.0,0.67,11.8,0.66,11.6,0.75,4.32,0.76,10.0,0.8,16.2,0.81,66.89,0.82,22.6,0.25,4.32,0.24,10.0,0.2,16.2,0.19,66.89,0.18,22.6,0.29,5.1,0.3,13.2,0.32,20.0,0.33,11.8,0.34,11.6,0.04,0.04,617.98571,1776163625000
1776163628.225,128.225,0.71,5.1,0.7,13.2,0.68,20.0,0.67,11.8,0.66,11.6,0.75,4.32,0.76,10.0,0.8,16.2,0.81,66.89,0.82,22.6,0.25,4.32,0.24,10.0,0.2,16.2,0.19,66.89,0.18,22.6,0.29,5.1,0.3,13.2,0.32,20.0,0.33,11.8,0.34,11.6,0.04,0.04,617.989857,1776163626000
1776163629.327,129.327,0.71,5.1,0.7,13.2,0.68,20.0,0.67,11.8,0.66,11.6,0.75,4.32,0.76,10.0,0.8,16.2,0.81,66.89,0.82,22.6,0.25,4.32,0.24,10.0,0.2,16.2,0.19,66.89,0.18,22.6,0.29,5.1,0.3,13.2,0.32,20.0,0.33,11.8,0.34,11.6,0.04,0.04,618.002649,1776163628000
1776163630.897,130.897,0.71,5.1,0.7,13.2,0.68,20.0,0.67,11.8,0.66,11.6,0.75,4.32,0.76,10.0,0.8,16.2,0.81,66.89,0.82,22.6,0.25,4.32,0.24,10.0,0.2,16.2,0.19,66.89,0.18,22.6,0.29,5.1,0.3,13.2,0.32,20.0,0.33,11.8,0.34,11.6,0.04,0.04,618.002649,1776163629000
1776163631.655,131.655,0.71,5.1,0.7,13.2,0.68,20.0,0.67,11.8,0.66,11.6,0.75,4.32,0.76,10.0,0.8,16.2,0.81,66.89,0.82,22.6,0.25,4.32,0.24,10.0,0.2,16.2,0.19,66.89,0.18,22.6,0.29,5.1,0.3,13.2,0.32,20.0,0.33,11.8,0.34,11.6,0.04,0.04,618.002649,1776163630000
1776163632.341,132.341,0.71,5.1,0.7,13.2,0.68,20.0,0.67,11.8,0.66,11.6,0.75,4.32,0.76,10.0,0.8,16.2,0.81,66.89,0.82,22.6,0.25,4.32,0.24,10.0,0.2,16.2,0.19,66.89,0.18,22.6,0.29,5.1,0.3,13.2,0.32,20.0,0.33,11.8,0.34,11.6,0.04,0.04,617.990185,1776163631000
1776163633.224,133.224,0.71,5.1,0.7,13.2,0.68,20.0,0.67,11.8,0.66,11.6,0.75,4.32,0.76,10.0,0.8,16.2,0.81,66.89,0.82,22.6,0.25,4.32,0.24,10.0,0.2,16.2,0.19,66.89,0.18,22.6,0.29,5.1,0.3,13.2,0.32,20.0,0.33,11.8,0.34,11.6,0.04,0.04,617.992936,1776163632000
1776163634.883,134.883,0.71,5.1,0.7,13.2,0.68,20.0,0.67,11.8,0.66,11.6,0.75,4.32,0.76,10.0,0.8,16.2,0.81,66.89,0.82,22.6,0.25,4.32,0.24,10.0,0.2,16.2,0.19,66.89,0.18,22.6,0.29,5.1,0.3,13.2,0.32,20.0,0.33,11.8,0.34,11.6,0.04,0.04,617.99138,1776163633000
1776163635.81,135.81,0.71,5.1,0.7,13.2,0.68,20.0,0.67,11.8,0.66,11.6,0.75,4.32,0.76,10.0,0.8,16.2,0.81,66.89,0.82,22.6,0.25,4.32,0.24,10.0,0.2,16.2,0.19,66.89,0.18,22.6,0.29,5.1,0.3,13.2,0.32,20.0,0.33,11.8,0.34,11.6,0.04,0.04,617.99973,1776163634000
1776163636.557,136.557,0.71,5.1,0.7,13.2,0.68,20.0,0.67,11.8,0.66,11.6,0.75,4.32,0.76,10.0,0.8,16.2,0.81,66.89,0.82,22.6,0.25,4.32,0.24,10.0,0.2,16.2,0.19,66.89,0.18,22.6,0.29,5.1,0.3,13.2,0.32,20.0,0.33,11.8,0.34,11.6,0.04,0.04,618.00645,1776163635000
1776163637.458,137.458,0.71,5.1,0.7,13.2,0.68,20.0,0.67,11.8,0.66,11.6,0.75,4.32,0.76,10.0,0.8,16.2,0.81,66.89,0.82,22.6,0.25,4.32,0.24,10.0,0.2,16.2,0.19,66.89,0.18,22.6,0.29,5.1,0.3,13.2,0.32,20.0,0.33,11.8,0.34,11.6,0.04,0.04,618.007,1776163636000
1776163638.218,138.218,0.71,5.1,0.7,13.2,0.68,20.0,0.67,11.8,0.66,11.6,0.75,4.32,0.76,10.0,0.8,16.2,0.81,66.89,0.82,22.6,0.25,4.32,0.24,10.0,0.2,16.2,0.19,66.89,0.18,22.6,0.29,5.1,0.3,13.2,0.32,20.0,0.33,11.8,0.34,11.6,0.04,0.04,618.009312,1776163637000
1776163639.71,139.71,0.71,5.1,0.7,13.2,0.68,20.0,0.67,11.8,0.66,11.6,0.75,4.32,0.76,10.0,0.8,16.2,0.81,66.89,0.82,22.6,0.25,4.32,0.24,10.0,0.2,16.2,0.19,66.89,0.18,22.6,0.29,5.1,0.3,13.2,0.32,20.0,0.33,11.8,0.34,11.6,0.04,0.04,618.009775,1776163638000
1776163640.598,140.598,0.71,5.1,0.7,13.2,0.68,20.0,0.67,11.8,0.66,11.6,0.75,4.32,0.76,10.0,0.8,16.2,0.81,66.89,0.82,22.6,0.25,4.32,0.24,10.0,0.2,16.2,0.19,66.89,0.18,22.6,0.29,5.1,0.3,13.2,0.32,20.0,0.33,11.8,0.34,11.6,0.04,0.04,618.009607,1776163639000
1776163641.232,141.232,0.71,5.1,0.7,13.2,0.68,20.0,0.67,11.8,0.66,11.6,0.75,4.32,0.76,10.0,0.8,16.2,0.81,66.89,0.82,22.6,0.25,4.32,0.24,10.0,0.2,16.2,0.19,66.89,0.18,22.6,0.29,5.1,0.3,13.2,0.32,20.0,0.33,11.8,0.34,11.6,0.04,0.04,618.017256,1776163640000
1776163642.732,142.732,0.71,5.1,0.7,13.2,0.68,20.0,0.67,11.8,0.66,11.6,0.75,4.32,0.76,10.0,0.8,16.2,0.81,66.89,0.82,22.6,0.25,4.32,0.24,10.0,0.2,16.2,0.19,66.89,0.18,22.6,0.29,5.1,0.3,13.2,0.32,20.0,0.33,11.8,0.34,11.6,0.04,0.04,618.020803,1776163641000
1776163643.375,143.375,0.71,5.1,0.7,13.2,0.68,20.0,0.67,11.8,0.66,11.6,0.75,4.32,0.76,10.0,0.8,16.2,0.81,66.89,0.82,22.6,0.25,4.32,0.24,10.0,0.2,16.2,0.19,66.89,0.18,22.6,0.29,5.1,0.3,13.2,0.32,20.0,0.33,11.8,0.34,11.6,0.04,0.04,618.020507,1776163642000
1776163644.046,144.046,0.71,5.1,0.7,13.2,0.68,20.0,0.67,11.8,0.66,11.6,0.75,4.32,0.76,10.0,0.8,16.2,0.81,66.89,0.82,22.6,0.25,4.32,0.24,10.0,0.2,16.2,0.19,66.89,0.18,22.6,0.29,5.1,0.3,13.2,0.32,20.0,0.33,11.8,0.34,11.6,0.04,0.04,618.020507,1776163643000
1776163645.374,145.374,0.71,5.1,0.7,13.2,0.68,20.0,0.67,11.8,0.66,11.6,0.75,4.32,0.76,10.0,0.8,16.2,0.81,66.89,0.82,22.6,0.25,4.32,0.24,10.0,0.2,16.2,0.19,66.89,0.18,22.6,0.29,5.1,0.3,13.2,0.32,20.0,0.33,11.8,0.34,11.6,0.04,0.04,618.005699,1776163644000
1776163646.12,146.12,0.71,5.1,0.7,13.2,0.68,20.0,0.67,11.8,0.66,11.6,0.75,4.32,0.76,10.0,0.8,16.2,0.81,66.89,0.82,22.6,0.25,4.32,0.24,10.0,0.2,16.2,0.19,66.89,0.18,22.6,0.29,5.1,0.3,13.2,0.32,20.0,0.33,11.8,0.34,11.6,0.04,0.04,618.006034,1776163645000
1776163648.38,148.38,0.71,5.1,0.7,13.2,0.68,20.0,0.67,11.8,0.66,11.6,0.75,4.32,0.76,10.0,0.8,16.2,0.81,66.89,0.82,22.6,0.25,4.32,0.24,10.0,0.2,16.2,0.19,66.89,0.18,22.6,0.29,5.1,0.3,13.2,0.32,20.0,0.33,11.8,0.34,11.6,0.04,0.04,618.048406,1776163647000
1776163648.913,148.913,0.71,5.1,0.7,13.2,0.68,20.0,0.67,11.8,0.66,11.6,0.75,4.32,0.76,10.0,0.8,16.2,0.81,66.89,0.82,22.6,0.25,4.32,0.24,10.0,0.2,16.2,0.19,66.89,0.18,22.6,0.29,5.1,0.3,13.2,0.32,20.0,0.33,11.8,0.34,11.6,0.04,0.04,618.061369,1776163648000
1776163649.848,149.848,0.71,5.1,0.7,13.2,0.68,20.0,0.67,11.8,0.66,11.6,0.75,4.32,0.76,10.0,0.8,16.2,0.81,66.89,0.82,22.6,0.25,4.32,0.24,10.0,0.2,16.2,0.19,66.89,0.18,22.6,0.29,5.1,0.3,13.2,0.32,20.0,0.33,11.8,0.34,11.6,0.04,0.04,618.019698,1776163649000
1776163650.909,150.909,0.71,5.1,0.7,13.2,0.68,20.0,0.67,11.8,0.66,11.6,0.75,4.32,0.76,10.0,0.8,16.2,0.81,66.89,0.82,22.6,0.25,4.32,0.24,10.0,0.2,16.2,0.19,66.89,0.18,22.6,0.29,5.1,0.3,13.2,0.32,20.0,0.33,11.8,0.34,11.6,0.04,0.04,618.019449,1776163650000
1776163651.91,151.91,0.71,5.1,0.7,13.2,0.68,20.0,0.67,11.8,0.66,11.6,0.75,4.32,0.76,10.0,0.8,16.2,0.81,66.89,0.82,22.6,0.25,4.32,0.24,10.0,0.2,16.2,0.19,66.89,0.18,22.6,0.29,5.1,0.3,13.2,0.32,20.0,0.33,11.8,0.34,11.6,0.04,0.04,618.010603,1776163651000
1776163653.227,153.227,0.71,5.1,0.7,13.2,0.68,20.0,0.67,11.8,0.66,11.6,0.75,4.32,0.76,10.0,0.8,16.2,0.81,66.89,0.82,22.6,0.25,4.32,0.24,10.0,0.2,16.2,0.19,66.89,0.18,22.6,0.29,5.1,0.3,13.2,0.32,20.0,0.33,11.8,0.34,11.6,0.04,0.04,618.012261,1776163652000
1776163654.207,154.207,0.71,5.1,0.7,13.2,0.68,20.0,0.67,11.8,0.66,11.6,0.75,4.32,0.76,10.0,0.8,16.2,0.81,66.89,0.82,22.6,0.25,4.32,0.24,10.0,0.2,16.2,0.19,66.89,0.18,22.6,0.29,5.1,0.3,13.2,0.32,20.0,0.33,11.8,0.34,11.6,0.04,0.04,618.013598,1776163653000
1776163655.246,155.246,0.71,5.1,0.7,13.2,0.68,20.0,0.67,11.8,0.66,11.6,0.75,4.32,0.76,10.0,0.8,16.2,0.81,66.89,0.82,22.6,0.25,4.32,0.24,10.0,0.2,16.2,0.19,66.89,0.18,22.6,0.29,5.1,0.3,13.2,0.32,20.0,0.33,11.8,0.34,11.6,0.04,0.04,618.019504,1776163654000
1776163656.18,156.18,0.71,5.1,0.7,13.2,0.68,20.0,0.67,11.8,0.66,11.6,0.75,4.32,0.76,10.0,0.8,16.2,0.81,66.89,0.82,22.6,0.25,4.32,0.24,10.0,0.2,16.2,0.19,66.89,0.18,22.6,0.29,5.1,0.3,13.2,0.32,20.0,0.33,11.8,0.34,11.6,0.04,0.04,618.017472,1776163655000
1776163657.211,157.211,0.71,5.1,0.7,13.2,0.68,20.0,0.67,11.8,0.66,11.6,0.75,4.32,0.76,10.0,0.8,16.2,0.81,66.89,0.82,22.6,0.25,4.32,0.24,10.0,0.2,16.2,0.19,66.89,0.18,22.6,0.29,5.1,0.3,13.2,0.32,20.0,0.33,11.8,0.34,11.6,0.04,0.04,618.017438,1776163656000
1776163658.275,158.275,0.71,5.1,0.7,13.2,0.68,20.0,0.67,11.8,0.66,11.6,0.75,4.32,0.76,10.0,0.8,16.2,0.81,66.89,0.82,22.6,0.25,4.32,0.24,10.0,0.2,16.2,0.19,66.89,0.18,22.6,0.29,5.1,0.3,13.2,0.32,20.0,0.33,11.8,0.34,11.6,0.04,0.04,617.992014,1776163657000
1776163659.237,159.237,0.71,5.1,0.7,13.2,0.68,20.0,0.67,11.8,0.66,11.6,0.75,4.32,0.76,10.0,0.8,16.2,0.81,66.89,0.82,22.6,0.25,4.32,0.24,10.0,0.2,16.2,0.19,66.89,0.18,22.6,0.29,5.1,0.3,13.2,0.32,20.0,0.33,11.8,0.34,11.6,0.04,0.04,617.991634,1776163658000
1776163660.321,160.321,0.71,5.1,0.7,13.2,0.68,20.0,0.67,11.8,0.66,11.6,0.75,4.32,0.76,10.0,0.8,16.2,0.81,66.89,0.82,22.6,0.25,4.32,0.24,10.0,0.2,16.2,0.19,66.89,0.18,22.6,0.29,5.1,0.3,13.2,0.32,20.0,0.33,11.8,0.34,11.6,0.04,0.04,617.984115,1776163659000
1776163661.303,161.303,0.71,5.1,0.7,13.2,0.68,20.0,0.67,11.8,0.66,11.6,0.75,4.32,0.76,10.0,0.8,16.2,0.81,66.89,0.82,22.6,0.25,4.32,0.24,10.0,0.2,16.2,0.19,66.89,0.18,22.6,0.29,5.1,0.3,13.2,0.32,20.0,0.33,11.8,0.34,11.6,0.04,0.04,618.010181,1776163660000
1776163662.391,162.391,0.71,5.1,0.7,13.2,0.68,20.0,0.67,11.8,0.66,11.6,0.75,4.32,0.76,10.0,0.8,16.2,0.81,66.89,0.82,22.6,0.25,4.32,0.24,10.0,0.2,16.2,0.19,66.89,0.18,22.6,0.29,5.1,0.3,13.2,0.32,20.0,0.33,11.8,0.34,11.6,0.04,0.04,618.04791,1776163661000
1776163663.387,163.387,0.71,5.1,0.7,13.2,0.68,20.0,0.67,11.8,0.66,11.6,0.75,4.32,0.76,10.0,0.8,16.2,0.81,66.89,0.82,22.6,0.25,4.32,0.24,10.0,0.2,16.2,0.19,66.89,0.18,22.6,0.29,5.1,0.3,13.2,0.32,20.0,0.33,11.8,0.34,11.6,0.04,0.04,618.04747,1776163662000
1776163664.056,164.056,0.71,5.1,0.7,13.2,0.68,20.0,0.67,11.8,0.66,11.6,0.75,4.32,0.76,10.0,0.8,16.2,0.81,66.89,0.82,22.6,0.25,4.32,0.24,10.0,0.2,16.2,0.19,66.89,0.18,22.6,0.29,5.1,0.3,13.2,0.32,20.0,0.33,11.8,0.34,11.6,0.04,0.04,618.029011,1776163663000
1776163666.108,166.108,0.71,5.1,0.7,13.2,0.68,20.0,0.67,11.8,0.66,11.6,0.75,4.32,0.76,10.0,0.8,16.2,0.81,66.89,0.82,22.6,0.25,4.32,0.24,10.0,0.2,16.2,0.19,66.89,0.18,22.6,0.29,5.1,0.3,13.2,0.32,20.0,0.33,11.8,0.34,11.6,0.04,0.04,618.089,1776163664000
1776163666.842,166.842,0.71,5.1,0.7,13.2,0.68,20.0,0.67,11.8,0.66,11.6,0.75,4.32,0.76,10.0,0.8,16.2,0.81,66.89,0.82,22.6,0.25,4.32,0.24,10.0,0.2,16.2,0.19,66.89,0.18,22.6,0.29,5.1,0.3,13.2,0.32,20.0,0.33,11.8,0.34,11.6,0.04,0.04,618.100513,1776163665000
1776163667.699,167.699,0.71,5.1,0.7,13.2,0.68,20.0,0.67,11.8,0.66,11.6,0.75,4.32,0.76,10.0,0.8,16.2,0.81,66.89,0.82,22.6,0.25,4.32,0.24,10.0,0.2,16.2,0.19,66.89,0.18,22.6,0.29,5.1,0.3,13.2,0.32,20.0,0.33,11.8,0.34,11.6,0.04,0.04,618.089,1776163666000
1776163668.317,168.317,0.71,5.1,0.7,13.2,0.68,20.0,0.67,11.8,0.66,11.6,0.75,4.32,0.76,10.0,0.8,16.2,0.81,66.89,0.82,22.6,0.25,4.32,0.24,10.0,0.2,16.2,0.19,66.89,0.18,22.6,0.29,5.1,0.3,13.2,0.32,20.0,0.33,11.8,0.34,11.6,0.04,0.04,618.089,1776163667000
1776163668.861,168.861,0.71,5.1,0.7,13.2,0.68,20.0,0.67,11.8,0.66,11.6,0.75,4.32,0.76,10.0,0.8,16.2,0.81,66.89,0.82,22.6,0.25,4.32,0.24,10.0,0.2,16.2,0.19,66.89,0.18,22.6,0.29,5.1,0.3,13.2,0.32,20.0,0.33,11.8,0.34,11.6,0.04,0.04,618.08166,1776163668000
1776163670.52,170.52,0.71,5.1,0.7,13.2,0.68,20.0,0.67,11.8,0.66,11.6,0.75,4.32,0.76,10.0,0.8,16.2,0.81,66.89,0.82,22.6,0.25,4.32,0.24,10.0,0.2,16.2,0.19,66.89,0.18,22.6,0.29,5.1,0.3,13.2,0.32,20.0,0.33,11.8,0.34,11.6,0.04,0.04,618.097,1776163669000
1776163671.292,171.292,0.71,5.1,0.7,13.2,0.68,20.0,0.67,11.8,0.66,11.6,0.75,4.32,0.76,10.0,0.8,16.2,0.81,66.89,0.82,22.6,0.25,4.32,0.24,10.0,0.2,16.2,0.19,66.89,0.18,22.6,0.29,5.1,0.3,13.2,0.32,20.0,0.33,11.8,0.34,11.6,0.04,0.04,618.096259,1776163670000
1776163672.667,172.667,0.71,5.1,0.7,13.2,0.68,20.0,0.67,11.8,0.66,11.6,0.75,4.32,0.76,10.0,0.8,16.2,0.81,66.89,0.82,22.6,0.25,4.32,0.24,10.0,0.2,16.2,0.19,66.89,0.18,22.6,0.29,5.1,0.3,13.2,0.32,20.0,0.33,11.8,0.34,11.6,0.04,0.04,618.079469,1776163671000
1776163673.436,173.436,0.71,5.1,0.7,13.2,0.68,20.0,0.67,11.8,0.66,11.6,0.75,4.32,0.76,10.0,0.8,16.2,0.81,66.89,0.82,22.6,0.25,4.32,0.24,10.0,0.2,16.2,0.19,66.89,0.18,22.6,0.29,5.1,0.3,13.2,0.32,20.0,0.33,11.8,0.34,11.6,0.04,0.04,618.064574,1776163672000
1776163674.126,174.126,0.71,5.1,0.7,13.2,0.68,20.0,0.67,11.8,0.66,11.6,0.75,4.32,0.76,10.0,0.8,16.2,0.81,66.89,0.82,22.6,0.25,4.32,0.24,10.0,0.2,16.2,0.19,66.89,0.18,22.6,0.29,5.1,0.3,13.2,0.32,20.0,0.33,11.8,0.34,11.6,0.04,0.04,618.06158,1776163673000
1776163675.582,175.582,0.71,5.1,0.7,13.2,0.68,20.0,0.67,11.8,0.66,11.6,0.75,4.32,0.76,10.0,0.8,16.2,0.81,66.89,0.82,22.6,0.25,4.32,0.24,10.0,0.2,16.2,0.19,66.89,0.18,22.6,0.29,5.1,0.3,13.2,0.32,20.0,0.33,11.8,0.34,11.6,0.04,0.04,618.061811,1776163674000
1776163676.275,176.275,0.71,5.1,0.7,13.2,0.68,20.0,0.67,11.8,0.66,11.6,0.75,4.32,0.76,10.0,0.8,16.2,0.81,66.89,0.82,22.6,0.25,4.32,0.24,10.0,0.2,16.2,0.19,66.89,0.18,22.6,0.29,5.1,0.3,13.2,0.32,20.0,0.33,11.8,0.34,11.6,0.04,0.04,618.051127,1776163675000
1776163677.685,177.685,0.71,5.1,0.7,13.2,0.68,20.0,0.67,11.8,0.66,11.6,0.75,4.32,0.76,10.0,0.8,16.2,0.81,66.89,0.82,22.6,0.25,4.32,0.24,10.0,0.2,16.2,0.19,66.89,0.18,22.6,0.29,5.1,0.3,13.2,0.32,20.0,0.33,11.8,0.34,11.6,0.04,0.04,618.049238,1776163676000
1776163678.383,178.383,0.71,5.1,0.7,13.2,0.68,20.0,0.67,11.8,0.66,11.6,0.75,4.32,0.76,10.0,0.8,16.2,0.81,66.89,0.82,22.6,0.25,4.32,0.24,10.0,0.2,16.2,0.19,66.89,0.18,22.6,0.29,5.1,0.3,13.2,0.32,20.0,0.33,11.8,0.34,11.6,0.04,0.04,618.026149,1776163677000
1776163679.144,179.144,0.71,5.1,0.7,13.2,0.68,20.0,0.67,11.8,0.66,11.6,0.75,4.32,0.76,10.0,0.8,16.2,0.81,66.89,0.82,22.6,0.25,4.32,0.24,10.0,0.2,16.2,0.19,66.89,0.18,22.6,0.29,5.1,0.3,13.2,0.32,20.0,0.33,11.8,0.34,11.6,0.04,0.04,618.030637,1776163678000
1776163679.992,179.992,0.71,5.1,0.7,13.2,0.68,20.0,0.67,11.8,0.66,11.6,0.75,4.32,0.76,10.0,0.8,16.2,0.81,66.89,0.82,22.6,0.25,4.32,0.24,10.0,0.2,16.2,0.19,66.89,0.18,22.6,0.29,5.1,0.3,13.2,0.32,20.0,0.33,11.8,0.34,11.6,0.04,0.04,618.055,1776163679000
1776163681.029,181.029,0.71,5.1,0.7,13.2,0.68,20.0,0.67,11.8,0.66,11.6,0.75,4.32,0.76,10.0,0.8,16.2,0.81,66.89,0.82,22.6,0.25,4.32,0.24,10.0,0.2,16.2,0.19,66.89,0.18,22.6,0.29,5.1,0.3,13.2,0.32,20.0,0.33,11.8,0.34,11.6,0.04,0.04,618.04237,1776163680000
1776163682.061,182.061,0.71,5.1,0.7,13.2,0.68,20.0,0.67,11.8,0.66,11.6,0.75,4.32,0.76,10.0,0.8,16.2,0.81,66.89,0.82,22.6,0.25,4.32,0.24,10.0,0.2,16.2,0.19,66.89,0.18,22.6,0.29,5.1,0.3,13.2,0.32,20.0,0.33,11.8,0.34,11.6,0.04,0.04,618.04251,1776163681000
1776163683.183,183.183,0.71,5.1,0.7,13.2,0.68,20.0,0.67,11.8,0.66,11.6,0.75,4.32,0.76,10.0,0.8,16.2,0.81,66.89,0.82,22.6,0.25,4.32,0.24,10.0,0.2,16.2,0.19,66.89,0.18,22.6,0.29,5.1,0.3,13.2,0.32,20.0,0.33,11.8,0.34,11.6,0.04,0.04,618.069917,1776163682000
1776163684.272,184.272,0.71,5.1,0.7,13.2,0.68,20.0,0.67,11.8,0.66,11.6,0.75,4.32,0.76,10.0,0.8,16.2,0.81,66.89,0.82,22.6,0.25,4.32,0.24,10.0,0.2,16.2,0.19,66.89,0.18,22.6,0.29,5.1,0.3,13.2,0.32,20.0,0.33,11.8,0.34,11.6,0.04,0.04,618.049097,1776163683000
1776163685.383,185.383,0.71,5.1,0.7,13.2,0.68,20.0,0.67,11.8,0.66,11.6,0.75,4.32,0.76,10.0,0.8,16.2,0.81,66.89,0.82,22.6,0.25,4.32,0.24,10.0,0.2,16.2,0.19,66.89,0.18,22.6,0.29,5.1,0.3,13.2,0.32,20.0,0.33,11.8,0.34,11.6,0.04,0.04,618.047467,1776163684000
1776163685.91,185.91,0.71,5.1,0.7,13.2,0.68,20.0,0.67,11.8,0.66,11.6,0.75,4.32,0.76,10.0,0.8,16.2,0.81,66.89,0.82,22.6,0.25,4.32,0.24,10.0,0.2,16.2,0.19,66.89,0.18,22.6,0.29,5.1,0.3,13.2,0.32,20.0,0.33,11.8,0.34,11.6,0.04,0.04,618.047542,1776163685000
1776163687.003,187.003,0.71,5.1,0.7,13.2,0.68,20.0,0.67,11.8,0.66,11.6,0.75,4.32,0.76,10.0,0.8,16.2,0.81,66.89,0.82,22.6,0.25,4.32,0.24,10.0,0.2,16.2,0.19,66.89,0.18,22.6,0.29,5.1,0.3,13.2,0.32,20.0,0.33,11.8,0.34,11.6,0.04,0.04,618.048115,1776163686000
1776163688.163,188.163,0.71,5.1,0.7,13.2,0.68,20.0,0.67,11.8,0.66,11.6,0.75,4.32,0.76,10.0,0.8,16.2,0.81,66.89,0.82,22.6,0.25,4.32,0.24,10.0,0.2,16.2,0.19,66.89,0.18,22.6,0.29,5.1,0.3,13.2,0.32,20.0,0.33,11.8,0.34,11.6,0.04,0.04,618.047231,1776163687000
1776163689.185,189.185,0.71,5.1,0.7,13.2,0.68,20.0,0.67,11.8,0.66,11.6,0.75,4.32,0.76,10.0,0.8,16.2,0.81,66.89,0.82,22.6,0.25,4.32,0.24,10.0,0.2,16.2,0.19,66.89,0.18,22.6,0.29,5.1,0.3,13.2,0.32,20.0,0.33,11.8,0.34,11.6,0.04,0.04,618.047229,1776163688000
1776163690.249,190.249,0.71,5.1,0.7,13.2,0.68,20.0,0.67,11.8,0.66,11.6,0.75,4.32,0.76,10.0,0.8,16.2,0.81,66.89,0.82,22.6,0.25,4.32,0.24,10.0,0.2,16.2,0.19,66.89,0.18,22.6,0.29,5.1,0.3,13.2,0.32,20.0,0.33,11.8,0.34,11.6,0.04,0.04,618.044712,1776163689000
1776163691.249,191.249,0.71,5.1,0.7,13.2,0.68,20.0,0.67,11.8,0.66,11.6,0.75,4.32,0.76,10.0,0.8,16.2,0.81,66.89,0.82,22.6,0.25,4.32,0.24,10.0,0.2,16.2,0.19,66.89,0.18,22.6,0.29,5.1,0.3,13.2,0.32,20.0,0.33,11.8,0.34,11.6,0.04,0.04,618.044823,1776163690000
1776163692.222,192.222,0.71,5.1,0.7,13.2,0.68,20.0,0.67,11.8,0.66,11.6,0.75,4.32,0.76,10.0,0.8,16.2,0.81,66.89,0.82,22.6,0.25,4.32,0.24,10.0,0.2,16.2,0.19,66.89,0.18,22.6,0.29,5.1,0.3,13.2,0.32,20.0,0.33,11.8,0.34,11.6,0.04,0.04,618.029417,1776163691000
1776163692.843,192.843,0.71,5.1,0.7,13.2,0.68,20.0,0.67,11.8,0.66,11.6,0.75,4.32,0.76,10.0,0.8,16.2,0.81,66.89,0.82,22.6,0.25,4.32,0.24,10.0,0.2,16.2,0.19,66.89,0.18,22.6,0.29,5.1,0.3,13.2,0.32,20.0,0.33,11.8,0.34,11.6,0.04,0.04,618.027244,1776163692000
1776163694.598,194.598,0.71,5.1,0.7,13.2,0.68,20.0,0.67,11.8,0.66,11.6,0.75,4.32,0.76,10.0,0.8,16.2,0.81,66.89,0.82,22.6,0.25,4.32,0.24,10.0,0.2,16.2,0.19,66.89,0.18,22.6,0.29,5.1,0.3,13.2,0.32,20.0,0.33,11.8,0.34,11.6,0.04,0.04,618.017267,1776163693000
1776163695.422,195.422,0.71,5.1,0.7,13.2,0.68,20.0,0.67,11.8,0.66,11.6,0.75,4.32,0.76,10.0,0.8,16.2,0.81,66.89,0.82,22.6,0.25,4.32,0.24,10.0,0.2,16.2,0.19,66.89,0.18,22.6,0.29,5.1,0.3,13.2,0.32,20.0,0.33,11.8,0.34,11.6,0.04,0.04,618.009043,1776163694000
1776163695.973,195.973,0.71,5.1,0.7,13.2,0.68,20.0,0.67,11.8,0.66,11.6,0.75,4.32,0.76,10.0,0.8,16.2,0.81,66.89,0.82,22.6,0.25,4.32,0.24,10.0,0.2,16.2,0.19,66.89,0.18,22.6,0.29,5.1,0.3,13.2,0.32,20.0,0.33,11.8,0.34,11.6,0.04,0.04,618.009043,1776163695000
1776163697.114,197.114,0.71,5.1,0.7,13.2,0.68,20.0,0.67,11.8,0.66,11.6,0.75,4.32,0.76,10.0,0.8,16.2,0.81,66.89,0.82,22.6,0.25,4.32,0.24,10.0,0.2,16.2,0.19,66.89,0.18,22.6,0.29,5.1,0.3,13.2,0.32,20.0,0.33,11.8,0.34,11.6,0.04,0.04,618.00842,1776163696000
1776163698.272,198.272,0.71,5.1,0.7,13.2,0.68,20.0,0.67,11.8,0.66,11.6,0.75,4.32,0.76,10.0,0.8,16.2,0.81,66.89,0.82,22.6,0.25,4.32,0.24,10.0,0.2,16.2,0.19,66.89,0.18,22.6,0.29,5.1,0.3,13.2,0.32,20.0,0.33,11.8,0.34,11.6,0.04,0.04,618.009771,1776163697000
1776163699.298,199.298,0.71,5.1,0.7,13.2,0.68,20.0,0.67,11.8,0.66,11.6,0.75,4.32,0.76,10.0,0.8,16.2,0.81,66.89,0.82,22.6,0.25,4.32,0.24,10.0,0.2,16.2,0.19,66.89,0.18,22.6,0.29,5.1,0.3,13.2,0.32,20.0,0.33,11.8,0.34,11.6,0.04,0.04,618.013237,1776163698000
1776163700.348,200.348,0.71,5.1,0.7,13.2,0.68,20.0,0.67,11.8,0.66,11.6,0.75,4.32,0.76,10.0,0.8,16.2,0.81,66.89,0.82,22.6,0.25,4.32,0.24,10.0,0.2,16.2,0.19,66.89,0.18,22.6,0.29,5.1,0.3,13.2,0.32,20.0,0.33,11.8,0.34,11.6,0.04,0.04,618.00892,1776163699000
1776163701.355,201.355,0.71,5.1,0.7,13.2,0.68,20.0,0.67,11.8,0.66,11.6,0.75,4.32,0.76,10.0,0.8,16.2,0.81,66.89,0.82,22.6,0.25,4.32,0.24,10.0,0.2,16.2,0.19,66.89,0.18,22.6,0.29,5.1,0.3,13.2,0.32,20.0,0.33,11.8,0.34,11.6,0.04,0.04,618.009211,1776163700000
1776163701.828,201.828,0.71,5.1,0.7,13.2,0.68,20.0,0.67,11.8,0.66,11.6,0.75,4.32,0.76,10.0,0.8,16.2,0.81,66.89,0.82,22.6,0.25,4.32,0.24,10.0,0.2,16.2,0.19,66.89,0.18,22.6,0.29,5.1,0.3,13.2,0.32,20.0,0.33,11.8,0.34,11.6,0.04,0.04,618.009211,1776163701000
1776163702.973,202.973,0.71,5.1,0.7,13.2,0.68,20.0,0.67,11.8,0.66,11.6,0.75,4.32,0.76,10.0,0.8,16.2,0.81,66.89,0.82,22.6,0.25,4.32,0.24,10.0,0.2,16.2,0.19,66.89,0.18,22.6,0.29,5.1,0.3,13.2,0.32,20.0,0.33,11.8,0.34,11.6,0.04,0.04,618.028136,1776163702000
1776163704.069,204.069,0.71,5.1,0.7,13.2,0.68,20.0,0.67,11.8,0.66,11.6,0.75,4.32,0.76,10.0,0.8,16.2,0.81,66.89,0.82,22.6,0.25,4.32,0.24,10.0,0.2,16.2,0.19,66.89,0.18,22.6,0.29,5.1,0.3,13.2,0.32,20.0,0.33,11.8,0.34,11.6,0.04,0.04,618.031101,1776163703000
1776163705.314,205.314,0.71,5.1,0.7,13.2,0.68,20.0,0.67,11.8,0.66,11.6,0.75,4.32,0.76,10.0,0.8,16.2,0.81,66.89,0.82,22.6,0.25,4.32,0.24,10.0,0.2,16.2,0.19,66.89,0.18,22.6,0.29,5.1,0.3,13.2,0.32,20.0,0.33,11.8,0.34,11.6,0.04,0.04,618.014944,1776163704000
1776163706.445,206.445,0.71,5.1,0.7,13.2,0.68,20.0,0.67,11.8,0.66,11.6,0.75,4.32,0.76,10.0,0.8,16.2,0.81,66.89,0.82,22.6,0.25,4.32,0.24,10.0,0.2,16.2,0.19,66.89,0.18,22.6,0.29,5.1,0.3,13.2,0.32,20.0,0.33,11.8,0.34,11.6,0.04,0.04,618.03274,1776163705000
1776163707.151,207.151,0.71,5.1,0.7,13.2,0.68,20.0,0.67,11.8,0.66,11.6,0.75,4.32,0.76,10.0,0.8,16.2,0.81,66.89,0.82,22.6,0.25,4.32,0.24,10.0,0.2,16.2,0.19,66.89,0.18,22.6,0.29,5.1,0.3,13.2,0.32,20.0,0.33,11.8,0.34,11.6,0.04,0.04,618.032873,1776163706000
1776163708.685,208.685,0.71,5.1,0.7,13.2,0.68,20.0,0.67,11.8,0.66,11.6,0.75,4.32,0.76,10.0,0.8,16.2,0.81,66.89,0.82,22.6,0.25,4.32,0.24,10.0,0.2,16.2,0.19,66.89,0.18,22.6,0.29,5.1,0.3,13.2,0.32,20.0,0.33,11.8,0.34,11.6,0.04,0.04,618.034686,1776163707000
1776163709.142,209.142,0.71,5.1,0.7,13.2,0.68,20.0,0.67,11.8,0.66,11.6,0.75,4.32,0.76,10.0,0.8,16.2,0.81,66.89,0.82,22.6,0.25,4.32,0.24,10.0,0.2,16.2,0.19,66.89,0.18,22.6,0.29,5.1,0.3,13.2,0.32,20.0,0.33,11.8,0.34,11.6,0.04,0.04,618.037994,1776163708000
1776163710.092,210.092,0.71,5.1,0.7,13.2,0.68,20.0,0.67,11.8,0.66,11.6,0.75,4.32,0.76,10.0,0.8,16.2,0.81,66.89,0.82,22.6,0.25,4.32,0.24,10.0,0.2,16.2,0.19,66.89,0.18,22.6,0.29,5.1,0.3,13.2,0.32,20.0,0.33,11.8,0.34,11.6,0.04,0.04,618.031093,1776163709000
1776163711.043,211.043,0.71,5.1,0.7,13.2,0.68,20.0,0.67,11.8,0.66,11.6,0.75,4.32,0.76,10.0,0.8,16.2,0.81,66.89,0.82,22.6,0.25,4.32,0.24,10.0,0.2,16.2,0.19,66.89,0.18,22.6,0.29,5.1,0.3,13.2,0.32,20.0,0.33,11.8,0.34,11.6,0.04,0.04,618.029912,1776163710000
1776163712.064,212.064,0.71,5.1,0.7,13.2,0.68,20.0,0.67,11.8,0.66,11.6,0.75,4.32,0.76,10.0,0.8,16.2,0.81,66.89,0.82,22.6,0.25,4.32,0.24,10.0,0.2,16.2,0.19,66.89,0.18,22.6,0.29,5.1,0.3,13.2,0.32,20.0,0.33,11.8,0.34,11.6,0.04,0.04,618.00796,1776163711000
1776163713.012,213.012,0.71,5.1,0.7,13.2,0.68,20.0,0.67,11.8,0.66,11.6,0.75,4.32,0.76,10.0,0.8,16.2,0.81,66.89,0.82,22.6,0.25,4.32,0.24,10.0,0.2,16.2,0.19,66.89,0.18,22.6,0.29,5.1,0.3,13.2,0.32,20.0,0.33,11.8,0.34,11.6,0.04,0.04,618.023901,1776163712000
1776163713.936,213.936,0.71,5.1,0.7,13.2,0.68,20.0,0.67,11.8,0.66,11.6,0.75,4.32,0.76,10.0,0.8,16.2,0.81,66.89,0.82,22.6,0.25,4.32,0.24,10.0,0.2,16.2,0.19,66.89,0.18,22.6,0.29,5.1,0.3,13.2,0.32,20.0,0.33,11.8,0.34,11.6,0.04,0.04,618.002857,1776163713000
1776163714.963,214.963,0.71,5.1,0.7,13.2,0.68,20.0,0.67,11.8,0.66,11.6,0.75,4.32,0.76,10.0,0.8,16.2,0.81,66.89,0.82,22.6,0.25,4.32,0.24,10.0,0.2,16.2,0.19,66.89,0.18,22.6,0.29,5.1,0.3,13.2,0.32,20.0,0.33,11.8,0.34,11.6,0.04,0.04,618.013185,1776163714000
1776163715.942,215.942,0.71,5.1,0.7,13.2,0.68,20.0,0.67,11.8,0.66,11.6,0.75,4.32,0.76,10.0,0.8,16.2,0.81,66.89,0.82,22.6,0.25,4.32,0.24,10.0,0.2,16.2,0.19,66.89,0.18,22.6,0.29,5.1,0.3,13.2,0.32,20.0,0.33,11.8,0.34,11.6,0.04,0.04,618.01137,1776163715000
1776163716.789,216.789,0.71,5.1,0.7,13.2,0.68,20.0,0.67,11.8,0.66,11.6,0.75,4.32,0.76,10.0,0.8,16.2,0.81,66.89,0.82,22.6,0.25,4.32,0.24,10.0,0.2,16.2,0.19,66.89,0.18,22.6,0.29,5.1,0.3,13.2,0.32,20.0,0.33,11.8,0.34,11.6,0.04,0.04,618.011496,1776163716000
1776163718.272,218.272,0.71,5.1,0.7,13.2,0.68,20.0,0.67,11.8,0.66,11.6,0.75,4.32,0.76,10.0,0.8,16.2,0.81,66.89,0.82,22.6,0.25,4.32,0.24,10.0,0.2,16.2,0.19,66.89,0.18,22.6,0.29,5.1,0.3,13.2,0.32,20.0,0.33,11.8,0.34,11.6,0.04,0.04,618.012411,1776163717000
1776163719.227,219.227,0.71,5.1,0.7,13.2,0.68,20.0,0.67,11.8,0.66,11.6,0.75,4.32,0.76,10.0,0.8,16.2,0.81,66.89,0.82,22.6,0.25,4.32,0.24,10.0,0.2,16.2,0.19,66.89,0.18,22.6,0.29,5.1,0.3,13.2,0.32,20.0,0.33,11.8,0.34,11.6,0.04,0.04,618.012499,1776163718000
1776163720.198,220.198,0.71,5.1,0.7,13.2,0.68,20.0,0.67,11.8,0.66,11.6,0.75,4.32,0.76,10.0,0.8,16.2,0.81,66.89,0.82,22.6,0.25,4.32,0.24,10.0,0.2,16.2,0.19,66.89,0.18,22.6,0.29,5.1,0.3,13.2,0.32,20.0,0.33,11.8,0.34,11.6,0.04,0.04,618.032952,1776163719000
1776163721.32,221.32,0.71,5.1,0.7,13.2,0.68,20.0,0.67,11.8,0.66,11.6,0.75,4.32,0.76,10.0,0.8,16.2,0.81,66.89,0.82,22.6,0.25,4.32,0.24,10.0,0.2,16.2,0.19,66.89,0.18,22.6,0.29,5.1,0.3,13.2,0.32,20.0,0.33,11.8,0.34,11.6,0.04,0.04,618.031268,1776163720000
1776163722.287,222.287,0.71,5.1,0.7,13.2,0.68,20.0,0.67,11.8,0.66,11.6,0.75,4.32,0.76,10.0,0.8,16.2,0.81,66.89,0.82,22.6,0.25,4.32,0.24,10.0,0.2,16.2,0.19,66.89,0.18,22.6,0.29,5.1,0.3,13.2,0.32,20.0,0.33,11.8,0.34,11.6,0.04,0.04,618.031824,1776163721000
1776163723.299,223.299,0.71,5.1,0.7,13.2,0.68,20.0,0.67,11.8,0.66,11.6,0.75,4.32,0.76,10.0,0.8,16.2,0.81,66.89,0.82,22.6,0.25,4.32,0.24,10.0,0.2,16.2,0.19,66.89,0.18,22.6,0.29,5.1,0.3,13.2,0.32,20.0,0.33,11.8,0.34,11.6,0.04,0.04,618.036757,1776163722000
1776163724.179,224.179,0.71,5.1,0.7,13.2,0.68,20.0,0.67,11.8,0.66,11.6,0.75,4.32,0.76,10.0,0.8,16.2,0.81,66.89,0.82,22.6,0.25,4.32,0.24,10.0,0.2,16.2,0.19,66.89,0.18,22.6,0.29,5.1,0.3,13.2,0.32,20.0,0.33,11.8,0.34,11.6,0.04,0.04,618.041789,1776163723000
1776163725.157,225.157,0.71,5.1,0.7,13.2,0.68,20.0,0.67,11.8,0.66,11.6,0.75,4.32,0.76,10.0,0.8,16.2,0.81,66.89,0.82,22.6,0.25,4.32,0.24,10.0,0.2,16.2,0.19,66.89,0.18,22.6,0.29,5.1,0.3,13.2,0.32,20.0,0.33,11.8,0.34,11.6,0.04,0.04,618.047988,1776163724000
1776163726.097,226.097,0.71,5.1,0.7,13.2,0.68,20.0,0.67,11.8,0.66,11.6,0.75,4.32,0.76,10.0,0.8,16.2,0.81,66.89,0.82,22.6,0.25,4.32,0.24,10.0,0.2,16.2,0.19,66.89,0.18,22.6,0.29,5.1,0.3,13.2,0.32,20.0,0.33,11.8,0.34,11.6,0.04,0.04,618.036945,1776163725000
1776163727.073,227.073,0.71,5.1,0.7,13.2,0.68,20.0,0.67,11.8,0.66,11.6,0.75,4.32,0.76,10.0,0.8,16.2,0.81,66.89,0.82,22.6,0.25,4.32,0.24,10.0,0.2,16.2,0.19,66.89,0.18,22.6,0.29,5.1,0.3,13.2,0.32,20.0,0.33,11.8,0.34,11.6,0.04,0.04,618.01451,1776163726000
1776163728.127,228.127,0.71,5.1,0.7,13.2,0.68,20.0,0.67,11.8,0.66,11.6,0.75,4.32,0.76,10.0,0.8,16.2,0.81,66.89,0.82,22.6,0.25,4.32,0.24,10.0,0.2,16.2,0.19,66.89,0.18,22.6,0.29,5.1,0.3,13.2,0.32,20.0,0.33,11.8,0.34,11.6,0.04,0.04,618.065099,1776163727000
1776163729.211,229.211,0.71,5.1,0.7,13.2,0.68,20.0,0.67,11.8,0.66,11.6,0.75,4.32,0.76,10.0,0.8,16.2,0.81,66.89,0.82,22.6,0.25,4.32,0.24,10.0,0.2,16.2,0.19,66.89,0.18,22.6,0.29,5.1,0.3,13.2,0.32,20.0,0.33,11.8,0.34,11.6,0.04,0.04,618.061631,1776163728000
1776163730.176,230.176,0.71,5.1,0.7,13.2,0.68,20.0,0.67,11.8,0.66,11.6,0.75,4.32,0.76,10.0,0.8,16.2,0.81,66.89,0.82,22.6,0.25,4.32,0.24,10.0,0.2,16.2,0.19,66.89,0.18,22.6,0.29,5.1,0.3,13.2,0.32,20.0,0.33,11.8,0.34,11.6,0.04,0.04,617.963524,1776163729000
1776163731.313,231.313,0.71,5.1,0.7,13.2,0.68,20.0,0.67,11.8,0.66,11.6,0.75,4.32,0.76,10.0,0.8,16.2,0.81,66.89,0.82,22.6,0.25,4.32,0.24,10.0,0.2,16.2,0.19,66.89,0.18,22.6,0.29,5.1,0.3,13.2,0.32,20.0,0.33,11.8,0.34,11.6,0.04,0.04,617.963519,1776163730000
1776163732.15,232.15,0.71,5.1,0.7,13.2,0.68,20.0,0.67,11.8,0.66,11.6,0.75,4.32,0.76,10.0,0.8,16.2,0.81,66.89,0.82,22.6,0.25,4.32,0.24,10.0,0.2,16.2,0.19,66.89,0.18,22.6,0.29,5.1,0.3,13.2,0.32,20.0,0.33,11.8,0.34,11.6,0.04,0.04,618.05238,1776163731000
1776163732.498,232.498,0.89,6.21,0.85,20.39,0.84,19.3,0.83,33.39,0.82,17.6,0.91,25.11,0.92,35.29,0.93,39.9,0.94,129.1,0.95,54.7,0.25,4.32,0.24,10.0,0.2,16.2,0.19,66.89,0.18,22.6,0.29,5.1,0.3,13.2,0.32,20.0,0.33,11.8,0.34,11.6,0.02,0.04,618.05238,1776163731000
1776163733.198,233.198,0.89,6.21,0.85,20.39,0.84,19.3,0.83,33.39,0.82,17.6,0.91,25.11,0.92,35.29,0.93,39.9,0.94,129.1,0.95,54.7,0.09,25.11,0.08,35.29,0.07,39.9,0.06,129.1,0.05,54.7,0.11,6.21,0.15,20.39,0.16,19.3,0.17,33.39,0.18,17.6,0.02,0.02,618.0542,1776163732000
1776163734.082,234.082,0.89,6.21,0.85,20.39,0.84,19.3,0.83,33.39,0.82,17.6,0.91,25.11,0.92,35.29,0.93,39.9,0.94,129.1,0.95,54.7,0.09,25.11,0.08,35.29,0.07,39.9,0.06,129.1,0.05,54.7,0.11,6.21,0.15,20.39,0.16,19.3,0.17,33.39,0.18,17.6,0.02,0.02,618.03482,1776163733000
1776163735.08,235.08,0.89,6.21,0.85,20.39,0.84,19.3,0.83,33.39,0.82,17.6,0.91,25.11,0.92,35.29,0.93,39.9,0.94,129.1,0.95,54.7,0.09,25.11,0.08,35.29,0.07,39.9,0.06,129.1,0.05,54.7,0.11,6.21,0.15,20.39,0.16,19.3,0.17,33.39,0.18,17.6,0.02,0.02,618.03487,1776163734000
1776163736.075,236.075,0.89,6.21,0.85,20.39,0.84,19.3,0.83,33.39,0.82,17.6,0.91,76.81,0.92,35.29,0.93,39.9,0.94,46.1,0.95,54.7,0.09,76.81,0.08,35.29,0.07,39.9,0.06,46.1,0.05,54.7,0.11,6.21,0.15,20.39,0.16,19.3,0.17,33.39,0.18,17.6,0.02,0.02,618.03657,1776163735000
1776163737.027,237.027,0.89,6.21,0.85,20.39,0.84,19.3,0.83,33.39,0.82,17.6,0.91,76.81,0.92,35.29,0.93,39.9,0.94,46.1,0.95,54.7,0.09,76.81,0.08,35.29,0.07,39.9,0.06,46.1,0.05,54.7,0.11,6.21,0.15,20.39,0.16,19.3,0.17,33.39,0.18,17.6,0.02,0.02,618.03945,1776163736000
1776163738.016,238.016,0.89,6.21,0.85,20.39,0.84,19.3,0.83,33.39,0.82,17.6,0.91,76.81,0.92,35.29,0.93,39.9,0.94,46.1,0.95,54.7,0.09,76.81,0.08,35.29,0.07,39.9,0.06,46.1,0.05,54.7,0.11,6.21,0.15,20.39,0.16,19.3,0.17,33.39,0.18,17.6,0.02,0.02,617.961229,1776163737000
1776163738.913,238.913,0.89,6.21,0.85,20.39,0.84,19.3,0.83,33.39,0.82,17.6,0.91,76.81,0.92,35.29,0.93,39.9,0.94,46.1,0.95,54.7,0.09,76.81,0.08,35.29,0.07,39.9,0.06,46.1,0.05,54.7,0.11,6.21,0.15,20.39,0.16,19.3,0.17,33.39,0.18,17.6,0.02,0.02,618.038048,1776163738000
1776163739.886,239.886,0.89,6.21,0.85,20.39,0.84,19.3,0.83,33.39,0.82,17.6,0.91,76.81,0.92,35.29,0.93,39.9,0.94,46.1,0.95,54.7,0.09,76.81,0.08,35.29,0.07,39.9,0.06,46.1,0.05,54.7,0.11,6.21,0.15,20.39,0.16,19.3,0.17,33.39,0.18,17.6,0.02,0.02,618.041322,1776163739000
1776163740.814,240.814,0.89,6.21,0.85,20.39,0.84,19.3,0.83,33.39,0.82,17.6,0.91,76.81,0.92,35.29,0.93,39.9,0.94,46.1,0.95,54.7,0.09,76.81,0.08,35.29,0.07,39.9,0.06,46.1,0.05,54.7,0.11,6.21,0.15,20.39,0.16,19.3,0.17,33.39,0.18,17.6,0.02,0.02,618.043445,1776163740000
1776163742.282,242.282,0.89,6.21,0.85,20.39,0.84,19.3,0.83,33.39,0.82,17.6,0.91,76.81,0.92,35.29,0.93,39.9,0.94,46.1,0.95,54.7,0.09,76.81,0.08,35.29,0.07,39.9,0.06,46.1,0.05,54.7,0.11,6.21,0.15,20.39,0.16,19.3,0.17,33.39,0.18,17.6,0.02,0.02,618.068808,1776163741000
1776163742.925,242.925,0.89,23.21,0.88,24.6,0.87,23.0,0.86,21.6,0.85,20.39,0.91,20.71,0.93,71.0,0.94,46.1,0.95,54.7,0.96,67.7,0.09,76.81,0.08,35.29,0.07,39.9,0.06,46.1,0.05,54.7,0.11,6.21,0.15,20.39,0.16,19.3,0.17,33.39,0.18,17.6,0.02,0.02,618.068808,1776163741000
1776163743.27,243.27,0.89,23.21,0.88,24.6,0.87,23.0,0.86,21.6,0.85,20.39,0.91,20.71,0.93,71.0,0.94,46.1,0.95,54.7,0.96,67.7,0.09,20.71,0.07,71.0,0.06,46.1,0.05,54.7,0.04,67.7,0.11,23.21,0.12,24.6,0.13,23.0,0.14,21.6,0.15,20.39,0.02,0.02,618.068678,1776163742000
1776163744.31,244.31,0.89,23.21,0.88,24.6,0.87,23.0,0.86,21.6,0.85,20.39,0.91,20.71,0.93,71.0,0.94,46.1,0.95,54.7,0.96,67.7,0.09,20.71,0.07,71.0,0.06,46.1,0.05,54.7,0.04,67.7,0.11,23.21,0.12,24.6,0.13,23.0,0.14,21.6,0.15,20.39,0.02,0.02,618.03154,1776163743000
1776163745.194,245.194,0.89,23.21,0.88,24.6,0.87,23.0,0.86,21.6,0.85,20.39,0.91,20.71,0.93,71.0,0.94,46.1,0.95,54.7,0.96,67.7,0.09,20.71,0.07,71.0,0.06,46.1,0.05,54.7,0.04,67.7,0.11,23.21,0.12,24.6,0.13,23.0,0.14,21.6,0.15,20.39,0.02,0.02,618.01646,1776163744000
1776163745.721,245.721,0.9,28.9,0.89,49.81,0.88,24.6,0.87,23.0,0.86,21.6,0.93,71.0,0.95,54.7,0.96,67.7,0.97,89.3,0.98,137.69,0.09,0.83,0.07,71.0,0.05,54.7,0.04,67.7,0.03,89.3,0.1,28.9,0.11,49.81,0.12,24.6,0.13,23.0,0.14,21.6,0.03,0.01,618.01646,1776163744000
1776163746.709,246.709,0.9,28.9,0.89,49.81,0.88,24.6,0.87,23.0,0.86,21.6,0.93,71.0,0.95,54.7,0.96,67.7,0.97,89.3,0.98,137.69,0.07,71.0,0.05,54.7,0.04,67.7,0.03,89.3,0.02,137.69,0.1,28.9,0.11,49.81,0.12,24.6,0.13,23.0,0.14,21.6,0.03,0.03,618.04197,1776163745000
1776163747.154,247.154,0.9,28.9,0.89,49.81,0.88,24.6,0.87,23.0,0.86,21.6,0.93,71.0,0.95,54.7,0.96,67.7,0.97,89.3,0.98,137.69,0.07,71.0,0.05,54.7,0.04,67.7,0.03,89.3,0.02,137.69,0.1,28.9,0.11,49.81,0.12,24.6,0.13,23.0,0.14,21.6,0.03,0.03,618.03007,1776163746000
1776163748.247,248.247,0.9,28.9,0.89,49.81,0.88,24.6,0.87,23.0,0.86,21.6,0.93,71.0,0.95,54.7,0.96,67.7,0.97,89.3,0.98,137.69,0.07,71.0,0.05,54.7,0.04,67.7,0.03,89.3,0.02,137.69,0.1,28.9,0.11,49.81,0.12,24.6,0.13,23.0,0.14,21.6,0.03,0.03,618.02619,1776163747000
1776163749.226,249.226,0.9,28.9,0.89,49.81,0.88,24.6,0.87,23.0,0.86,21.6,0.93,71.0,0.95,54.7,0.96,67.7,0.97,89.3,0.98,137.69,0.07,71.0,0.05,54.7,0.04,67.7,0.03,89.3,0.02,137.69,0.1,28.9,0.11,49.81,0.12,24.6,0.13,23.0,0.14,21.6,0.03,0.03,617.96697,1776163748000
1776163750.353,250.353,0.9,28.9,0.89,49.81,0.88,24.6,0.87,23.0,0.86,21.6,0.93,71.0,0.95,54.7,0.96,67.7,0.97,89.3,0.98,137.69,0.07,71.0,0.05,54.7,0.04,67.7,0.03,89.3,0.02,137.69,0.1,28.9,0.11,49.81,0.12,24.6,0.13,23.0,0.14,21.6,0.03,0.03,617.961383,1776163749000
1776163751.35,251.35,0.9,28.9,0.89,49.81,0.88,24.6,0.87,23.0,0.86,21.6,0.93,71.0,0.95,54.7,0.96,67.7,0.97,89.3,0.98,137.69,0.07,71.0,0.05,54.7,0.04,67.7,0.03,89.3,0.02,137.69,0.1,28.9,0.11,49.81,0.12,24.6,0.13,23.0,0.14,21.6,0.03,0.03,617.961383,1776163750000
1776163752.045,252.045,0.9,28.9,0.89,49.81,0.88,24.6,0.87,23.0,0.86,21.6,0.93,71.0,0.95,54.7,0.96,67.7,0.97,89.3,0.98,137.69,0.07,71.0,0.05,54.7,0.04,67.7,0.03,89.3,0.02,137.69,0.1,28.9,0.11,49.81,0.12,24.6,0.13,23.0,0.14,21.6,0.03,0.03,617.961383,1776163751000
1776163753.179,253.179,0.9,28.9,0.89,49.81,0.88,24.6,0.87,23.0,0.86,21.6,0.93,71.0,0.95,54.7,0.96,67.7,0.97,89.3,0.98,137.69,0.07,71.0,0.05,54.7,0.04,67.7,0.03,89.3,0.02,137.69,0.1,28.9,0.11,49.81,0.12,24.6,0.13,23.0,0.14,21.6,0.03,0.03,617.961383,1776163752000
1776163754.267,254.267,0.9,28.9,0.89,49.81,0.88,24.6,0.87,23.0,0.86,21.6,0.93,71.0,0.95,54.7,0.96,67.7,0.97,89.3,0.98,137.69,0.07,71.0,0.05,54.7,0.04,67.7,0.03,89.3,0.02,137.69,0.1,28.9,0.11,49.81,0.12,24.6,0.13,23.0,0.14,21.6,0.03,0.03,617.961383,1776163753000
1776163755.384,255.384,0.9,28.9,0.89,49.81,0.88,24.6,0.87,23.0,0.86,21.6,0.93,71.0,0.95,54.7,0.96,67.7,0.97,89.3,0.98,137.69,0.07,71.0,0.05,54.7,0.04,67.7,0.03,89.3,0.02,137.69,0.1,28.9,0.11,49.81,0.12,24.6,0.13,23.0,0.14,21.6,0.03,0.03,617.99538,1776163754000
1776163755.928,255.928,0.9,28.9,0.89,49.81,0.88,24.6,0.87,23.0,0.86,21.6,0.93,71.0,0.95,54.7,0.96,67.7,0.97,89.3,0.98,137.69,0.07,71.0,0.05,54.7,0.04,67.7,0.03,89.3,0.02,137.69,0.1,28.9,0.11,49.81,0.12,24.6,0.13,23.0,0.14,21.6,0.03,0.03,617.99756,1776163755000
1776163757.046,257.046,0.9,28.9,0.89,49.81,0.88,24.6,0.87,23.0,0.86,21.6,0.93,71.0,0.95,54.7,0.96,67.7,0.97,89.3,0.98,137.69,0.07,71.0,0.05,54.7,0.04,67.7,0.03,89.3,0.02,137.69,0.1,28.9,0.11,49.81,0.12,24.6,0.13,23.0,0.14,21.6,0.03,0.03,617.99345,1776163756000
1776163758.073,258.073,0.9,28.9,0.89,49.81,0.88,24.6,0.87,23.0,0.86,21.6,0.93,71.0,0.95,54.7,0.96,67.7,0.97,89.3,0.98,137.69,0.07,71.0,0.05,54.7,0.04,67.7,0.03,89.3,0.02,137.69,0.1,28.9,0.11,49.81,0.12,24.6,0.13,23.0,0.14,21.6,0.03,0.03,617.98287,1776163757000
1776163759.099,259.099,0.9,28.9,0.89,49.81,0.88,24.6,0.87,23.0,0.86,21.6,0.93,71.0,0.95,54.7,0.96,67.7,0.97,89.3,0.98,137.69,0.07,71.0,0.05,54.7,0.04,67.7,0.03,89.3,0.02,137.69,0.1,28.9,0.11,49.81,0.12,24.6,0.13,23.0,0.14,21.6,0.03,0.03,618.04338,1776163758000
1776163761.803,261.803,0.9,28.9,0.89,49.81,0.88,24.6,0.87,23.0,0.86,21.6,0.93,71.0,0.95,54.7,0.96,67.7,0.97,89.3,0.98,137.69,0.07,71.0,0.05,54.7,0.04,67.7,0.03,89.3,0.02,137.69,0.1,28.9,0.11,49.81,0.12,24.6,0.13,23.0,0.14,21.6,0.03,0.03,618.026209,1776163760000
1776163762.278,262.278,0.9,28.9,0.89,49.81,0.88,24.6,0.87,23.0,0.86,21.6,0.93,71.0,0.95,54.7,0.96,67.7,0.97,89.3,0.98,137.69,0.07,71.0,0.05,54.7,0.04,67.7,0.03,89.3,0.02,137.69,0.1,28.9,0.11,49.81,0.12,24.6,0.13,23.0,0.14,21.6,0.03,0.03,618.02064,1776163761000
1776163763.28,263.28,0.9,28.9,0.89,49.81,0.88,24.6,0.87,23.0,0.86,21.6,0.93,71.0,0.95,54.7,0.96,67.7,0.97,89.3,0.98,137.69,0.07,71.0,0.05,54.7,0.04,67.7,0.03,89.3,0.02,137.69,0.1,28.9,0.11,49.81,0.12,24.6,0.13,23.0,0.14,21.6,0.03,0.03,618.01547,1776163762000
1776163764.246,264.246,0.9,28.9,0.89,49.81,0.88,24.6,0.87,23.0,0.86,21.6,0.93,71.0,0.95,54.7,0.96,67.7,0.97,89.3,0.98,137.69,0.07,71.0,0.05,54.7,0.04,67.7,0.03,89.3,0.02,137.69,0.1,28.9,0.11,49.81,0.12,24.6,0.13,23.0,0.14,21.6,0.03,0.03,618.01044,1776163763000
1776163765.16,265.16,0.9,28.9,0.89,49.81,0.88,24.6,0.87,23.0,0.86,21.6,0.93,71.0,0.95,54.7,0.96,67.7,0.97,89.3,0.98,137.69,0.07,71.0,0.05,54.7,0.04,67.7,0.03,89.3,0.02,137.69,0.1,28.9,0.11,49.81,0.12,24.6,0.13,23.0,0.14,21.6,0.03,0.03,618.00815,1776163764000
1776163766.218,266.218,0.9,28.9,0.89,49.81,0.88,24.6,0.87,23.0,0.86,21.6,0.93,71.0,0.95,54.7,0.96,67.7,0.97,89.3,0.98,137.69,0.07,71.0,0.05,54.7,0.04,67.7,0.03,89.3,0.02,137.69,0.1,28.9,0.11,49.81,0.12,24.6,0.13,23.0,0.14,21.6,0.03,0.03,618.00452,1776163765000
1776163767.156,267.156,0.9,28.9,0.89,49.81,0.88,24.6,0.87,23.0,0.86,21.6,0.93,71.0,0.95,54.7,0.96,67.7,0.97,89.3,0.98,137.69,0.07,71.0,0.05,54.7,0.04,67.7,0.03,89.3,0.02,137.69,0.1,28.9,0.11,49.81,0.12,24.6,0.13,23.0,0.14,21.6,0.03,0.03,618.0036,1776163766000
1776163768.087,268.087,0.9,28.9,0.89,49.81,0.88,24.6,0.87,23.0,0.86,21.6,0.93,71.0,0.95,54.7,0.96,67.7,0.97,89.3,0.98,137.69,0.07,71.0,0.05,54.7,0.04,67.7,0.03,89.3,0.02,137.69,0.1,28.9,0.11,49.81,0.12,24.6,0.13,23.0,0.14,21.6,0.03,0.03,618.01533,1776163767000
1776163769.09,269.09,0.9,28.9,0.89,49.81,0.88,24.6,0.87,23.0,0.86,21.6,0.93,71.0,0.95,54.7,0.96,67.7,0.97,89.3,0.98,137.69,0.07,71.0,0.05,54.7,0.04,67.7,0.03,89.3,0.02,137.69,0.1,28.9,0.11,49.81,0.12,24.6,0.13,23.0,0.14,21.6,0.03,0.03,618.03308,1776163768000
1776163770.033,270.033,0.9,28.9,0.89,49.81,0.88,24.6,0.87,23.0,0.86,21.6,0.93,71.0,0.95,54.7,0.96,67.7,0.97,89.3,0.98,137.69,0.07,71.0,0.05,54.7,0.04,67.7,0.03,89.3,0.02,137.69,0.1,28.9,0.11,49.81,0.12,24.6,0.13,23.0,0.14,21.6,0.03,0.03,618.038329,1776163769000
1776163771.047,271.047,0.9,28.9,0.89,49.81,0.88,24.6,0.87,23.0,0.86,21.6,0.93,71.0,0.95,54.7,0.96,67.7,0.97,89.3,0.98,137.69,0.07,71.0,0.05,54.7,0.04,67.7,0.03,89.3,0.02,137.69,0.1,28.9,0.11,49.81,0.12,24.6,0.13,23.0,0.14,21.6,0.03,0.03,618.04887,1776163770000
1776163772.038,272.038,0.9,28.9,0.89,49.81,0.88,24.6,0.87,23.0,0.86,21.6,0.93,71.0,0.95,54.7,0.96,67.7,0.97,89.3,0.98,137.69,0.07,71.0,0.05,54.7,0.04,67.7,0.03,89.3,0.02,137.69,0.1,28.9,0.11,49.81,0.12,24.6,0.13,23.0,0.14,21.6,0.03,0.03,618.04381,1776163771000
1776163773.027,273.027,0.9,28.9,0.89,49.81,0.88,24.6,0.87,23.0,0.86,21.6,0.93,71.0,0.95,54.7,0.96,67.7,0.97,89.3,0.98,137.69,0.07,71.0,0.05,54.7,0.04,67.7,0.03,89.3,0.02,137.69,0.1,28.9,0.11,49.81,0.12,24.6,0.13,23.0,0.14,21.6,0.03,0.03,618.044237,1776163772000
1776163774.608,274.608,0.9,28.9,0.89,49.81,0.88,24.6,0.87,23.0,0.86,21.6,0.93,71.0,0.95,54.7,0.96,67.7,0.97,89.3,0.98,137.69,0.07,71.0,0.05,54.7,0.04,67.7,0.03,89.3,0.02,137.69,0.1,28.9,0.11,49.81,0.12,24.6,0.13,23.0,0.14,21.6,0.03,0.03,618.040058,1776163773000
1776163775.231,275.231,0.9,28.9,0.89,49.81,0.88,24.6,0.87,23.0,0.86,21.6,0.93,71.0,0.95,54.7,0.96,67.7,0.97,89.3,0.98,137.69,0.07,71.0,0.05,54.7,0.04,67.7,0.03,89.3,0.02,137.69,0.1,28.9,0.11,49.81,0.12,24.6,0.13,23.0,0.14,21.6,0.03,0.03,618.03992,1776163774000
1776163776.332,276.332,0.9,28.9,0.89,49.81,0.88,24.6,0.87,23.0,0.86,21.6,0.93,71.0,0.95,54.7,0.96,67.7,0.97,89.3,0.98,137.69,0.07,71.0,0.05,54.7,0.04,67.7,0.03,89.3,0.02,137.69,0.1,28.9,0.11,49.81,0.12,24.6,0.13,23.0,0.14,21.6,0.03,0.03,618.06506,1776163775000
1776163777.262,277.262,0.9,28.9,0.89,49.81,0.88,24.6,0.87,23.0,0.86,21.6,0.93,71.0,0.95,54.7,0.96,67.7,0.97,89.3,0.98,137.69,0.07,71.0,0.05,54.7,0.04,67.7,0.03,89.3,0.02,137.69,0.1,28.9,0.11,49.81,0.12,24.6,0.13,23.0,0.14,21.6,0.03,0.03,618.07839,1776163776000
1776163778.132,278.132,0.9,28.9,0.89,49.81,0.88,24.6,0.87,23.0,0.86,21.6,0.93,71.0,0.95,54.7,0.96,67.7,0.97,89.3,0.98,137.69,0.07,71.0,0.05,54.7,0.04,67.7,0.03,89.3,0.02,137.69,0.1,28.9,0.11,49.81,0.12,24.6,0.13,23.0,0.14,21.6,0.03,0.03,618.020467,1776163777000
1776163778.937,278.937,0.95,11.21,0.91,50.0,0.89,17.0,0.81,50.0,0.78,10.0,0.99,461.0,,,,,,,,,0.07,71.0,0.05,54.7,0.04,67.7,0.03,89.3,0.02,137.69,0.1,28.9,0.11,49.81,0.12,24.6,0.13,23.0,0.14,21.6,0.04,0.03,618.020467,1776163777000
1776163779.178,279.178,0.95,11.21,0.91,50.0,0.89,17.0,0.81,50.0,0.78,10.0,0.99,461.0,,,,,,,,,0.01,461.0,,,,,,,,,0.05,11.21,0.09,50.0,0.11,17.0,0.19,50.0,0.22,10.0,0.04,0.04,618.035431,1776163778000
1776163780.148,280.148,0.95,11.21,0.91,50.0,0.89,17.0,0.81,50.0,0.78,10.0,0.99,461.0,,,,,,,,,0.01,461.0,,,,,,,,,0.05,11.21,0.09,50.0,0.11,17.0,0.19,50.0,0.22,10.0,0.04,0.04,618.035698,1776163779000
1776163781.158,281.158,0.95,11.21,0.91,50.0,0.89,17.0,0.81,50.0,0.78,10.0,0.99,461.0,,,,,,,,,0.01,461.0,,,,,,,,,0.05,11.21,0.09,50.0,0.11,17.0,0.19,50.0,0.22,10.0,0.04,0.04,618.035672,1776163780000
1776163782.178,282.178,0.95,11.21,0.91,50.0,0.89,17.0,0.81,50.0,0.78,10.0,0.99,461.0,,,,,,,,,0.01,461.0,,,,,,,,,0.05,11.21,0.09,50.0,0.11,17.0,0.19,50.0,0.22,10.0,0.04,0.04,618.028994,1776163781000
1776163783.078,283.078,0.95,11.21,0.91,50.0,0.89,17.0,0.81,50.0,0.78,10.0,0.99,461.0,,,,,,,,,0.01,461.0,,,,,,,,,0.05,11.21,0.09,50.0,0.11,17.0,0.19,50.0,0.22,10.0,0.04,0.04,618.029483,1776163782000
1776163784.97,284.97,0.95,11.21,0.91,50.0,0.89,17.0,0.81,50.0,0.78,10.0,0.99,461.0,,,,,,,,,0.01,461.0,,,,,,,,,0.05,11.21,0.09,50.0,0.11,17.0,0.19,50.0,0.22,10.0,0.04,0.04,618.057611,1776163783000
1776163785.624,285.624,0.95,11.21,0.91,50.0,0.89,17.0,0.81,50.0,0.78,10.0,0.99,461.0,,,,,,,,,0.01,461.0,,,,,,,,,0.05,11.21,0.09,50.0,0.11,17.0,0.19,50.0,0.22,10.0,0.04,0.04,618.04678,1776163784000
1776163786.086,286.086,0.95,6.21,0.91,50.0,0.88,5.0,0.81,50.0,0.8,10.0,0.99,355.94,,,,,,,,,0.01,355.94,,,,,,,,,0.05,6.21,0.09,50.0,0.12,5.0,0.19,50.0,0.2,10.0,0.04,0.04,618.04579,1776163785000
1776163787.099,287.099,0.95,6.21,0.91,50.0,0.88,5.0,0.81,50.0,0.8,10.0,0.99,355.94,,,,,,,,,0.01,355.94,,,,,,,,,0.05,6.21,0.09,50.0,0.12,5.0,0.19,50.0,0.2,10.0,0.04,0.04,618.043065,1776163786000
1776163788.814,288.814,0.95,6.21,0.91,50.0,0.88,5.0,0.81,50.0,0.8,10.0,0.99,355.94,,,,,,,,,0.01,355.94,,,,,,,,,0.05,6.21,0.09,50.0,0.12,5.0,0.19,50.0,0.2,10.0,0.04,0.04,618.041304,1776163787000
1776163789.427,289.427,0.95,6.21,0.91,50.0,0.88,5.0,0.81,50.0,0.8,10.0,0.99,355.94,,,,,,,,,0.01,355.94,,,,,,,,,0.05,6.21,0.09,50.0,0.12,5.0,0.19,50.0,0.2,10.0,0.04,0.04,618.041353,1776163788000
1776163790.084,290.084,0.95,6.21,0.91,50.0,0.88,5.0,0.81,50.0,0.8,10.0,0.99,355.94,,,,,,,,,0.01,355.94,,,,,,,,,0.05,6.21,0.09,50.0,0.12,5.0,0.19,50.0,0.2,10.0,0.04,0.04,618.03637,1776163789000
1776163791.433,291.433,0.95,6.21,0.91,50.0,0.89,5.0,0.82,10.0,0.81,50.0,0.99,170.88,,,,,,,,,0.01,355.94,,,,,,,,,0.05,6.21,0.09,50.0,0.12,5.0,0.19,50.0,0.2,10.0,0.04,0.04,618.03637,1776163789000
1776163791.764,291.764,0.95,6.21,0.91,50.0,0.89,5.0,0.82,10.0,0.81,50.0,0.99,170.88,,,,,,,,,0.01,170.88,,,,,,,,,0.05,6.21,0.09,50.0,0.11,5.0,0.18,10.0,0.19,50.0,0.04,0.04,618.05799,1776163790000
1776163792.272,292.272,0.95,6.21,0.91,50.0,0.89,5.0,0.82,10.0,0.81,50.0,0.99,170.88,,,,,,,,,0.01,170.88,,,,,,,,,0.05,6.21,0.09,50.0,0.11,5.0,0.18,10.0,0.19,50.0,0.04,0.04,618.05817,1776163791000
1776163793.207,293.207,0.95,6.21,0.91,50.0,0.89,5.0,0.84,10.0,0.81,50.0,0.99,150.67,,,,,,,,,0.01,170.88,,,,,,,,,0.05,6.21,0.09,50.0,0.11,5.0,0.18,10.0,0.19,50.0,0.04,0.04,618.05817,1776163791000
1776163793.786,293.786,0.95,6.21,0.91,50.0,0.89,5.0,0.84,10.0,0.81,50.0,0.99,150.67,,,,,,,,,0.01,150.67,,,,,,,,,0.05,6.21,0.09,50.0,0.11,5.0,0.16,10.0,0.19,50.0,0.04,0.04,618.046191,1776163792000
1776163794.558,294.558,0.95,6.21,0.91,50.0,0.89,5.0,0.84,10.0,0.81,50.0,0.99,150.67,,,,,,,,,0.01,150.67,,,,,,,,,0.05,6.21,0.09,50.0,0.11,5.0,0.16,10.0,0.19,50.0,0.04,0.04,618.04742,1776163793000
1776163795.225,295.225,0.95,6.21,0.91,50.0,0.89,5.0,0.84,10.0,0.81,50.0,0.99,150.67,,,,,,,,,0.01,150.67,,,,,,,,,0.05,6.21,0.09,50.0,0.11,5.0,0.16,10.0,0.19,50.0,0.04,0.04,618.04742,1776163794000
1776163795.906,295.906,0.95,6.21,0.91,50.0,0.89,5.0,0.88,10.0,0.81,50.0,0.99,148.67,,,,,,,,,0.01,150.67,,,,,,,,,0.05,6.21,0.09,50.0,0.11,5.0,0.16,10.0,0.19,50.0,0.04,0.04,618.04742,1776163794000
1776163796.566,296.566,0.95,6.21,0.91,50.0,0.9,10.0,0.89,5.0,0.81,50.0,0.99,66.67,,,,,,,,,0.01,148.67,,,,,,,,,0.05,6.21,0.09,50.0,0.11,5.0,0.12,10.0,0.19,50.0,0.04,0.04,618.04742,1776163794000
1776163796.954,296.954,0.95,6.21,0.91,60.0,0.89,5.0,0.81,50.0,0.72,6.94,0.99,63.67,,,,,,,,,0.01,66.67,,,,,,,,,0.05,6.21,0.09,50.0,0.1,10.0,0.11,5.0,0.19,50.0,0.04,0.04,618.04675,1776163795000
1776163797.344,297.344,0.95,6.21,0.91,50.0,0.89,5.0,0.81,50.0,0.72,6.94,0.99,37.39,,,,,,,,,0.01,58.61,,,,,,,,,0.05,6.21,0.08,10.0,0.09,50.0,0.11,5.0,0.19,50.0,0.04,0.04,618.04675,1776163795000
1776163798.198,298.198,0.95,6.21,0.93,10.0,0.91,50.0,0.89,5.0,0.81,50.0,,,,,,,,,,,,,,,,,,,,,0.05,6.21,0.07,10.0,0.09,50.0,0.11,5.0,0.19,50.0,,,618.04606,1776163797000
1776163799.427,299.427,0.95,6.21,0.93,10.0,0.91,50.0,0.89,5.0,0.81,50.0,,,,,,,,,,,,,,,,,,,,,0.05,6.21,0.07,10.0,0.09,50.0,0.11,5.0,0.19,50.0,,,618.049093,1776163798000
1776163800.18,300.18,0.95,6.21,0.93,10.0,0.91,50.0,0.89,5.0,0.81,50.0,,,,,,,,,,,,,,,,,,,,,0.05,6.21,0.07,10.0,0.09,50.0,0.11,5.0,0.19,50.0,,,618.05513,1776163799000

# RESULT,winner=Up,slug=bnb-updown-5m-1776163500,ticks=308
