timestamp,elapsed_sec,up_bid_p1,up_bid_s1,up_bid_p2,up_bid_s2,up_ask_p1,up_ask_s1,up_ask_p2,up_ask_s2,down_bid_p1,down_bid_s1,down_bid_p2,down_bid_s2,down_ask_p1,down_ask_s1,down_ask_p2,down_ask_s2,up_spread,down_spread,bnb_price,bnb_oracle_ts
1776199200.004,0.004,0.49,10.0,0.48,5.0,0.51,10.0,0.52,5.0,0.49,10.0,0.48,5.0,0.51,10.0,0.52,5.0,0.02,0.02,613.866,1776199198000
1776199200.332,0.332,0.41,37.0,0.4,33.0,0.59,37.0,0.6,33.0,0.49,10.0,0.48,5.0,0.51,10.0,0.52,5.0,0.18,0.02,613.866,1776199198000
1776199200.559,0.559,0.41,37.0,0.4,33.0,0.59,37.0,0.6,33.0,0.41,37.0,0.4,33.0,0.59,37.0,0.6,33.0,0.18,0.18,613.866,1776199199000
1776199201.236,1.236,0.41,37.0,0.4,33.0,0.59,37.0,0.6,33.0,0.41,37.0,0.4,33.0,0.59,37.0,0.6,33.0,0.18,0.18,613.876,1776199200000
1776199202.679,2.679,0.41,37.0,0.4,33.0,0.59,37.0,0.6,33.0,0.41,37.0,0.4,33.0,0.59,37.0,0.6,33.0,0.18,0.18,613.867,1776199201000
1776199203.341,3.341,0.41,37.0,0.4,33.0,0.59,37.0,0.6,33.0,0.41,37.0,0.4,33.0,0.59,37.0,0.6,33.0,0.18,0.18,613.862,1776199202000
1776199203.993,3.993,0.41,37.0,0.4,33.0,0.59,37.0,0.6,33.0,0.41,37.0,0.4,33.0,0.59,37.0,0.6,33.0,0.18,0.18,613.862,1776199203000
1776199205.37,5.37,0.41,37.0,0.4,33.0,0.59,37.0,0.6,33.0,0.41,37.0,0.4,33.0,0.59,37.0,0.6,33.0,0.18,0.18,613.864,1776199204000
1776199205.983,5.983,0.41,37.0,0.4,33.0,0.59,37.0,0.6,33.0,0.41,37.0,0.4,33.0,0.59,37.0,0.6,33.0,0.18,0.18,613.864,1776199205000
1776199207.317,7.317,0.41,37.0,0.4,33.0,0.59,37.0,0.6,33.0,0.41,37.0,0.4,33.0,0.59,37.0,0.6,33.0,0.18,0.18,613.875,1776199206000
1776199208.521,8.521,0.46,2.5,0.44,5.0,0.55,10.0,0.61,50.0,0.41,37.0,0.4,33.0,0.59,37.0,0.6,33.0,0.09,0.18,613.875,1776199206000
1776199209.326,9.326,0.46,2.5,0.44,5.0,0.55,10.0,0.61,50.0,0.45,10.0,0.39,50.0,0.54,2.5,0.56,5.0,0.09,0.09,613.877,1776199208000
1776199210.002,10.002,0.45,5.0,0.44,5.0,0.55,6.5,0.61,50.0,0.45,10.0,0.39,50.0,0.54,2.5,0.56,5.0,0.1,0.09,613.877,1776199208000
1776199210.477,10.477,0.45,5.0,0.44,5.0,0.55,6.5,0.61,50.0,0.45,6.5,0.39,50.0,0.55,5.0,0.56,5.0,0.1,0.1,613.869,1776199209000
1776199211.074,11.074,0.45,5.0,0.44,5.0,0.55,6.5,0.61,50.0,0.45,6.5,0.39,50.0,0.55,5.0,0.56,5.0,0.1,0.1,613.869,1776199210000
1776199212.214,12.214,0.45,5.0,0.44,5.0,0.55,6.5,0.61,50.0,0.45,6.5,0.39,50.0,0.55,5.0,0.56,5.0,0.1,0.1,613.865,1776199211000
1776199213.489,13.489,0.45,5.0,0.44,5.0,0.55,6.5,0.61,50.0,0.45,6.5,0.39,50.0,0.55,5.0,0.56,5.0,0.1,0.1,613.865,1776199212000
1776199214.096,14.096,0.45,5.0,0.44,5.0,0.55,6.5,0.61,50.0,0.45,6.5,0.39,50.0,0.55,5.0,0.56,5.0,0.1,0.1,613.865,1776199213000
1776199215.253,15.253,0.45,5.0,0.44,5.0,0.55,6.5,0.61,50.0,0.45,6.5,0.39,50.0,0.55,5.0,0.56,5.0,0.1,0.1,613.866,1776199214000
1776199216.949,16.949,0.45,5.0,0.44,5.0,0.55,6.5,0.61,50.0,0.45,6.5,0.39,50.0,0.55,5.0,0.56,5.0,0.1,0.1,613.867,1776199215000
1776199217.594,17.594,0.45,5.0,0.44,5.0,0.55,6.5,0.61,50.0,0.45,6.5,0.39,50.0,0.55,5.0,0.56,5.0,0.1,0.1,613.855,1776199216000
1776199218.814,18.814,0.45,5.0,0.44,5.0,0.55,6.5,0.61,50.0,0.45,6.5,0.39,50.0,0.55,5.0,0.56,5.0,0.1,0.1,613.855,1776199217000
1776199219.563,19.563,0.45,5.0,0.44,5.0,0.55,6.5,0.61,50.0,0.45,6.5,0.39,50.0,0.55,5.0,0.56,5.0,0.1,0.1,613.873,1776199218000
1776199220.337,20.337,0.45,5.0,0.44,5.0,0.55,6.5,0.61,50.0,0.45,6.5,0.39,50.0,0.55,5.0,0.56,5.0,0.1,0.1,613.873,1776199219000
1776199221.662,21.662,0.45,5.0,0.44,5.0,0.55,6.5,0.61,50.0,0.45,6.5,0.39,50.0,0.55,5.0,0.56,5.0,0.1,0.1,613.873,1776199220000
1776199222.227,22.227,0.45,5.0,0.44,5.0,0.55,6.5,0.61,50.0,0.45,6.5,0.39,50.0,0.55,5.0,0.56,5.0,0.1,0.1,613.873,1776199221000
1776199223.401,23.401,0.45,5.0,0.44,5.0,0.55,6.5,0.61,50.0,0.45,6.5,0.39,50.0,0.55,5.0,0.56,5.0,0.1,0.1,613.868,1776199222000
1776199224.188,24.188,0.45,5.0,0.44,5.0,0.55,6.5,0.61,50.0,0.45,6.5,0.39,50.0,0.55,5.0,0.56,5.0,0.1,0.1,613.868,1776199223000
1776199225.534,25.534,0.45,5.0,0.44,5.0,0.55,6.5,0.61,50.0,0.45,6.5,0.39,50.0,0.55,5.0,0.56,5.0,0.1,0.1,613.879,1776199224000
1776199226.15,26.15,0.45,5.0,0.44,5.0,0.55,6.5,0.61,50.0,0.45,6.5,0.39,50.0,0.55,5.0,0.56,5.0,0.1,0.1,613.879,1776199225000
1776199227.39,27.39,0.45,5.0,0.44,5.0,0.55,6.5,0.61,50.0,0.45,6.5,0.39,50.0,0.55,5.0,0.56,5.0,0.1,0.1,613.874,1776199226000
1776199228.009,28.009,0.45,5.0,0.44,5.0,0.55,6.5,0.61,50.0,0.45,6.5,0.39,50.0,0.55,5.0,0.56,5.0,0.1,0.1,613.874,1776199227000
1776199229.289,29.289,0.45,5.0,0.44,5.0,0.55,6.5,0.61,50.0,0.45,6.5,0.39,50.0,0.55,5.0,0.56,5.0,0.1,0.1,613.868,1776199228000
1776199230.532,30.532,0.45,5.0,0.44,5.0,0.55,6.5,0.61,50.0,0.45,6.5,0.39,50.0,0.55,5.0,0.56,5.0,0.1,0.1,613.868,1776199229000
1776199231.103,31.103,0.45,5.0,0.44,5.0,0.55,6.5,0.61,50.0,0.45,6.5,0.39,50.0,0.55,5.0,0.56,5.0,0.1,0.1,613.868,1776199230000
1776199232.308,32.308,0.45,5.0,0.44,5.0,0.55,6.5,0.61,50.0,0.45,6.5,0.39,50.0,0.55,5.0,0.56,5.0,0.1,0.1,613.872,1776199231000
1776199232.952,32.952,0.45,5.0,0.44,5.0,0.55,6.5,0.61,50.0,0.45,6.5,0.39,50.0,0.55,5.0,0.56,5.0,0.1,0.1,613.872,1776199232000
1776199234.053,34.053,0.45,5.0,0.44,5.0,0.55,6.5,0.61,50.0,0.45,6.5,0.39,50.0,0.55,5.0,0.56,5.0,0.1,0.1,613.873,1776199233000
1776199235.593,35.593,0.45,5.0,0.44,5.0,0.55,6.5,0.61,50.0,0.45,6.5,0.39,50.0,0.55,5.0,0.56,5.0,0.1,0.1,613.91,1776199234000
1776199236.22,36.22,0.45,5.0,0.44,5.0,0.55,6.5,0.61,50.0,0.45,6.5,0.39,50.0,0.55,5.0,0.56,5.0,0.1,0.1,613.922195,1776199235000
1776199237.622,37.622,0.45,5.0,0.44,5.0,0.55,6.5,0.61,50.0,0.45,6.5,0.39,50.0,0.55,5.0,0.56,5.0,0.1,0.1,613.927,1776199236000
1776199238.262,38.262,0.45,5.0,0.44,5.0,0.55,6.5,0.61,50.0,0.45,6.5,0.39,50.0,0.55,5.0,0.56,5.0,0.1,0.1,613.936,1776199237000
1776199239.862,39.862,0.45,5.0,0.44,5.0,0.55,6.5,0.61,50.0,0.45,6.5,0.39,50.0,0.55,5.0,0.56,5.0,0.1,0.1,613.93,1776199238000
1776199240.58,40.58,0.45,5.0,0.44,5.0,0.55,6.5,0.61,50.0,0.45,6.5,0.39,50.0,0.55,5.0,0.56,5.0,0.1,0.1,613.93,1776199239000
1776199241.32,41.32,0.45,5.0,0.44,5.0,0.55,6.5,0.61,50.0,0.45,6.5,0.39,50.0,0.55,5.0,0.56,5.0,0.1,0.1,613.895,1776199240000
1776199242.844,42.844,0.45,5.0,0.44,5.0,0.55,6.5,0.61,50.0,0.45,6.5,0.39,50.0,0.55,5.0,0.56,5.0,0.1,0.1,613.856,1776199241000
1776199243.526,43.526,0.45,5.0,0.44,5.0,0.55,6.5,0.61,50.0,0.45,6.5,0.39,50.0,0.55,5.0,0.56,5.0,0.1,0.1,613.856,1776199242000
1776199244.163,44.163,0.45,5.0,0.44,5.0,0.55,6.5,0.61,50.0,0.45,6.5,0.39,50.0,0.55,5.0,0.56,5.0,0.1,0.1,613.854,1776199243000
1776199245.566,45.566,0.45,5.0,0.44,5.0,0.55,6.5,0.61,50.0,0.45,6.5,0.39,50.0,0.55,5.0,0.56,5.0,0.1,0.1,613.851182,1776199244000
1776199246.244,46.244,0.45,5.0,0.44,5.0,0.55,6.5,0.61,50.0,0.45,6.5,0.39,50.0,0.55,5.0,0.56,5.0,0.1,0.1,613.851572,1776199245000
1776199246.524,46.524,0.53,4.41,0.47,5.0,0.56,10.0,0.58,5.0,0.45,6.5,0.39,50.0,0.55,5.0,0.56,5.0,0.03,0.1,613.851572,1776199245000
1776199247.704,47.704,0.53,4.41,0.47,5.0,0.56,10.0,0.58,5.0,0.44,10.0,0.42,5.0,0.47,4.41,0.53,5.0,0.03,0.03,613.831,1776199246000
1776199248.452,48.452,0.53,4.41,0.47,5.0,0.56,10.0,0.58,5.0,0.44,10.0,0.42,5.0,0.47,4.41,0.53,5.0,0.03,0.03,613.813199,1776199247000
1776199249.277,49.277,0.53,4.41,0.47,5.0,0.56,10.0,0.58,5.0,0.44,10.0,0.42,5.0,0.47,4.41,0.53,5.0,0.03,0.03,613.812,1776199248000
1776199250.972,50.972,0.53,4.41,0.47,5.0,0.56,10.0,0.58,5.0,0.44,10.0,0.42,5.0,0.47,4.41,0.53,5.0,0.03,0.03,613.81,1776199249000
1776199251.755,51.755,0.53,4.41,0.47,5.0,0.56,10.0,0.58,5.0,0.44,10.0,0.42,5.0,0.47,4.41,0.53,5.0,0.03,0.03,613.816,1776199250000
1776199253.126,53.126,0.53,4.41,0.47,5.0,0.56,10.0,0.58,5.0,0.44,10.0,0.42,5.0,0.47,4.41,0.53,5.0,0.03,0.03,613.814,1776199252000
1776199254.266,54.266,0.53,4.41,0.47,5.0,0.56,10.0,0.58,5.0,0.44,10.0,0.42,5.0,0.47,4.41,0.53,5.0,0.03,0.03,613.819,1776199253000
1776199255.388,55.388,0.53,4.41,0.47,5.0,0.56,10.0,0.58,5.0,0.44,10.0,0.42,5.0,0.47,4.41,0.53,5.0,0.03,0.03,613.815,1776199254000
1776199255.97,55.97,0.53,4.41,0.47,5.0,0.56,10.0,0.58,5.0,0.44,10.0,0.42,5.0,0.47,4.41,0.53,5.0,0.03,0.03,613.815,1776199255000
1776199257.203,57.203,0.53,4.41,0.47,5.0,0.56,10.0,0.58,5.0,0.44,10.0,0.42,5.0,0.47,4.41,0.53,5.0,0.03,0.03,613.824,1776199256000
1776199258.291,58.291,0.53,4.41,0.47,5.0,0.56,10.0,0.58,5.0,0.44,10.0,0.42,5.0,0.47,4.41,0.53,5.0,0.03,0.03,613.825,1776199257000
1776199258.865,58.865,0.53,4.41,0.47,5.0,0.56,10.0,0.58,5.0,0.44,10.0,0.42,5.0,0.47,4.41,0.53,5.0,0.03,0.03,613.825,1776199258000
1776199259.956,59.956,0.53,4.41,0.47,5.0,0.56,10.0,0.58,5.0,0.44,10.0,0.42,5.0,0.47,4.41,0.53,5.0,0.03,0.03,613.822,1776199259000
1776199261.077,61.077,0.53,4.41,0.47,5.0,0.56,10.0,0.58,5.0,0.44,10.0,0.42,5.0,0.47,4.41,0.53,5.0,0.03,0.03,613.821,1776199260000
1776199262.135,62.135,0.53,4.41,0.47,5.0,0.56,10.0,0.58,5.0,0.44,10.0,0.42,5.0,0.47,4.41,0.53,5.0,0.03,0.03,613.812,1776199261000
1776199263.369,63.369,0.53,4.41,0.47,5.0,0.56,10.0,0.58,5.0,0.44,10.0,0.42,5.0,0.47,4.41,0.53,5.0,0.03,0.03,613.81,1776199262000
1776199263.859,63.859,0.53,4.41,0.47,5.0,0.56,10.0,0.58,5.0,0.44,10.0,0.42,5.0,0.47,4.41,0.53,5.0,0.03,0.03,613.81,1776199263000
1776199265.11,65.11,0.53,4.41,0.47,5.0,0.56,10.0,0.58,5.0,0.44,10.0,0.42,5.0,0.47,4.41,0.53,5.0,0.03,0.03,613.816,1776199264000
1776199266.355,66.355,0.53,4.41,0.47,5.0,0.56,10.0,0.58,5.0,0.44,10.0,0.42,5.0,0.47,4.41,0.53,5.0,0.03,0.03,613.821,1776199265000
1776199266.628,66.628,0.47,5.0,0.46,5.0,0.56,20.6,0.57,10.6,0.44,10.0,0.42,5.0,0.47,4.41,0.53,5.0,0.09,0.03,613.821,1776199265000
1776199266.85,66.85,0.47,5.0,0.46,5.0,0.56,20.6,0.57,10.6,0.44,20.6,0.43,10.6,0.53,5.0,0.54,5.0,0.09,0.09,613.821,1776199266000
1776199268.577,68.577,0.47,5.0,0.46,5.0,0.56,20.6,0.57,10.6,0.44,20.6,0.43,10.6,0.53,5.0,0.54,5.0,0.09,0.09,613.822,1776199267000
1776199269.062,69.062,0.47,5.0,0.46,5.0,0.56,20.6,0.57,10.6,0.44,20.6,0.43,10.6,0.53,5.0,0.54,5.0,0.09,0.09,613.822,1776199268000
1776199270.199,70.199,0.47,5.0,0.46,5.0,0.56,20.6,0.57,10.6,0.44,20.6,0.43,10.6,0.53,5.0,0.54,5.0,0.09,0.09,613.813,1776199269000
1776199270.503,70.503,0.46,5.0,0.42,5.0,0.5,10.4,0.51,10.4,0.44,20.6,0.43,10.6,0.53,5.0,0.54,5.0,0.04,0.09,613.813,1776199269000
1776199271.354,71.354,0.46,5.0,0.42,5.0,0.5,10.4,0.51,10.4,0.5,10.4,0.49,10.4,0.54,5.0,0.58,5.0,0.04,0.04,613.813,1776199270000
1776199271.926,71.926,0.46,5.0,0.42,5.0,0.5,10.4,0.51,10.4,0.5,10.4,0.49,10.4,0.54,5.0,0.58,5.0,0.04,0.04,613.815,1776199271000
1776199272.865,72.865,0.46,5.0,0.42,5.0,0.5,10.4,0.51,10.4,0.5,10.4,0.49,10.4,0.54,5.0,0.58,5.0,0.04,0.04,613.815,1776199272000
1776199273.916,73.916,0.46,5.0,0.42,5.0,0.5,10.4,0.51,10.4,0.5,10.4,0.49,10.4,0.54,5.0,0.58,5.0,0.04,0.04,613.806,1776199273000
1776199275.003,75.003,0.46,5.0,0.42,5.0,0.5,10.4,0.51,10.4,0.5,10.4,0.49,10.4,0.54,5.0,0.58,5.0,0.04,0.04,613.785,1776199274000
1776199276.053,76.053,0.46,5.0,0.42,5.0,0.5,10.4,0.51,10.4,0.5,10.4,0.49,10.4,0.54,5.0,0.58,5.0,0.04,0.04,613.785,1776199275000
1776199277.147,77.147,0.46,5.0,0.42,5.0,0.5,10.4,0.51,10.4,0.5,10.4,0.49,10.4,0.54,5.0,0.58,5.0,0.04,0.04,613.775144,1776199276000
1776199277.682,77.682,0.44,10.0,0.43,5.0,0.45,2.5,0.46,10.5,0.5,10.4,0.49,10.4,0.54,5.0,0.58,5.0,0.01,0.04,613.775144,1776199276000
1776199278.306,78.306,0.44,10.0,0.43,5.0,0.45,2.5,0.46,10.5,0.55,2.5,0.54,10.5,0.56,10.0,0.57,5.0,0.01,0.01,613.77517,1776199277000
1776199278.768,78.768,0.44,10.0,0.43,5.0,0.48,4.98,0.49,10.4,0.55,2.5,0.54,10.5,0.56,10.0,0.57,5.0,0.04,0.01,613.77517,1776199277000
1776199279.261,79.261,0.44,10.0,0.43,5.0,0.48,4.98,0.49,10.4,0.52,4.98,0.51,10.4,0.56,10.0,0.57,5.0,0.04,0.04,613.77517,1776199278000
1776199280.368,80.368,0.44,10.0,0.43,5.0,0.48,4.98,0.49,10.4,0.52,4.98,0.51,10.4,0.56,10.0,0.57,5.0,0.04,0.04,613.7752,1776199279000
1776199280.88,80.88,0.44,10.0,0.43,5.0,0.48,4.98,0.49,10.4,0.52,4.98,0.51,10.4,0.56,10.0,0.57,5.0,0.04,0.04,613.7752,1776199280000
1776199282.584,82.584,0.44,10.0,0.43,5.0,0.48,4.98,0.49,10.4,0.52,4.98,0.51,10.4,0.56,10.0,0.57,5.0,0.04,0.04,613.775172,1776199281000
1776199283.284,83.284,0.44,10.0,0.43,5.0,0.48,4.98,0.49,10.4,0.52,4.98,0.51,10.4,0.56,10.0,0.57,5.0,0.04,0.04,613.777396,1776199282000
1776199284.366,84.366,0.44,10.0,0.43,5.0,0.48,4.98,0.49,10.4,0.52,4.98,0.51,10.4,0.56,10.0,0.57,5.0,0.04,0.04,613.777373,1776199283000
1776199284.973,84.973,0.44,10.0,0.43,5.0,0.48,4.98,0.49,10.4,0.52,4.98,0.51,10.4,0.56,10.0,0.57,5.0,0.04,0.04,613.777396,1776199284000
1776199286.161,86.161,0.44,10.0,0.43,5.0,0.48,4.98,0.49,10.4,0.52,4.98,0.51,10.4,0.56,10.0,0.57,5.0,0.04,0.04,613.776148,1776199285000
1776199287.28,87.28,0.44,10.0,0.43,5.0,0.48,4.98,0.49,10.4,0.52,4.98,0.51,10.4,0.56,10.0,0.57,5.0,0.04,0.04,613.775999,1776199286000
1776199288.477,88.477,0.44,10.0,0.43,5.0,0.48,4.98,0.49,10.4,0.52,4.98,0.51,10.4,0.56,10.0,0.57,5.0,0.04,0.04,613.777,1776199287000
1776199288.943,88.943,0.44,10.0,0.43,5.0,0.48,4.98,0.49,10.4,0.52,4.98,0.51,10.4,0.56,10.0,0.57,5.0,0.04,0.04,613.777,1776199288000
1776199289.951,89.951,0.43,2.0,0.39,5.0,0.46,10.5,0.48,4.98,0.52,4.98,0.51,10.4,0.56,10.0,0.57,5.0,0.03,0.04,613.777,1776199288000
1776199291.222,91.222,0.43,2.0,0.39,5.0,0.46,10.5,0.48,4.98,0.54,10.5,0.52,4.98,0.57,2.0,0.61,5.0,0.03,0.03,613.777,1776199290000
1776199292.296,92.296,0.44,9.19,0.43,5.0,0.48,4.98,0.49,10.4,0.52,4.98,0.51,10.4,0.56,9.19,0.57,5.0,0.04,0.04,613.777,1776199291000
1776199292.914,92.914,0.44,9.19,0.43,5.0,0.48,4.98,0.49,10.4,0.52,4.98,0.51,10.4,0.56,9.19,0.57,5.0,0.04,0.04,613.777,1776199292000
1776199294.054,94.054,0.44,9.19,0.43,5.0,0.48,4.98,0.49,10.4,0.52,4.98,0.51,10.4,0.56,9.19,0.57,5.0,0.04,0.04,613.778,1776199293000
1776199295.049,95.049,0.44,9.19,0.43,5.0,0.48,4.98,0.49,10.4,0.52,4.98,0.51,10.4,0.56,9.19,0.57,5.0,0.04,0.04,613.779,1776199294000
1776199296.181,96.181,0.44,9.19,0.43,5.0,0.48,4.98,0.49,10.4,0.52,4.98,0.51,10.4,0.56,9.19,0.57,5.0,0.04,0.04,613.779,1776199295000
1776199296.508,96.508,0.44,3.88,0.21,50.0,0.47,10.4,0.48,28.98,0.52,4.98,0.51,10.4,0.56,9.19,0.57,5.0,0.03,0.04,613.779,1776199295000
1776199297.129,97.129,0.21,48.99,0.16,19.3,0.47,10.4,0.48,28.98,0.53,10.4,0.52,28.98,0.79,48.99,0.84,19.3,0.26,0.26,613.779,1776199296000
1776199298.156,98.156,0.21,48.99,0.16,19.3,0.47,10.4,0.48,28.98,0.53,10.4,0.52,28.98,0.79,48.99,0.84,19.3,0.26,0.26,613.779,1776199297000
1776199299.169,99.169,0.26,10.0,0.21,48.99,0.38,5.0,0.4,5.0,0.53,10.4,0.52,28.98,0.79,48.99,0.84,19.3,0.12,0.26,613.779,1776199297000
1776199300.211,100.211,0.26,10.0,0.21,48.99,0.38,5.0,0.4,5.0,0.62,5.0,0.6,5.0,0.74,10.0,0.79,48.99,0.12,0.12,613.664,1776199299000
1776199301.418,101.418,0.26,10.0,0.21,48.99,0.38,5.0,0.4,5.0,0.62,5.0,0.6,5.0,0.74,10.0,0.79,48.99,0.12,0.12,613.675,1776199300000
1776199302.443,102.443,0.26,10.0,0.21,48.99,0.38,5.0,0.4,5.0,0.62,5.0,0.6,5.0,0.74,10.0,0.79,48.99,0.12,0.12,613.691,1776199301000
1776199302.922,102.922,0.26,10.0,0.21,48.99,0.38,5.0,0.4,5.0,0.62,5.0,0.6,5.0,0.74,10.0,0.79,48.99,0.12,0.12,613.691,1776199302000
1776199303.932,103.932,0.26,10.0,0.21,48.99,0.38,5.0,0.4,5.0,0.62,5.0,0.6,5.0,0.74,10.0,0.79,48.99,0.12,0.12,613.684,1776199303000
1776199304.944,104.944,0.31,3.25,0.3,10.0,0.35,31.4,0.36,21.3,0.65,31.4,0.64,21.3,0.69,3.25,0.7,10.0,0.04,0.04,613.651,1776199304000
1776199305.238,105.238,0.3,10.0,0.21,5.0,0.33,30.8,0.34,11.6,0.65,31.4,0.64,21.3,0.69,3.25,0.7,10.0,0.03,0.04,613.651,1776199304000
1776199305.756,105.756,0.31,4.92,0.3,10.0,0.32,11.9,0.33,11.8,0.67,30.8,0.66,11.6,0.7,10.0,0.79,5.0,0.01,0.03,613.651,1776199304000
1776199305.991,105.991,0.31,4.92,0.3,10.0,0.32,11.9,0.33,11.8,0.68,11.9,0.67,11.8,0.69,4.92,0.7,10.0,0.01,0.01,613.651,1776199305000
1776199307.059,107.059,0.31,4.92,0.3,10.0,0.32,11.9,0.33,11.8,0.68,11.9,0.67,11.8,0.69,4.92,0.7,10.0,0.01,0.01,613.62,1776199306000
1776199307.318,107.318,0.3,7.78,0.21,5.0,0.32,11.9,0.33,11.8,0.68,11.9,0.67,11.8,0.69,4.92,0.7,10.0,0.02,0.01,613.62,1776199306000
1776199308.112,108.112,0.3,7.78,0.21,5.0,0.32,11.9,0.33,11.8,0.68,11.9,0.67,11.8,0.7,7.78,0.79,5.0,0.02,0.02,613.62,1776199307000
1776199308.441,108.441,0.3,7.78,0.18,5.0,0.31,79.07,0.32,11.9,0.68,11.9,0.67,11.8,0.7,7.78,0.79,5.0,0.01,0.02,613.62,1776199307000
1776199309.221,109.221,0.3,7.78,0.18,5.0,0.31,79.07,0.32,11.9,0.69,79.07,0.68,11.9,0.7,7.78,0.82,5.0,0.01,0.01,613.595,1776199308000
1776199310.733,110.733,0.3,7.78,0.18,5.0,0.31,79.07,0.32,11.9,0.69,79.07,0.68,11.9,0.7,7.78,0.82,5.0,0.01,0.01,613.592,1776199309000
1776199311.333,111.333,0.3,7.78,0.18,5.0,0.31,79.07,0.32,11.9,0.69,79.07,0.68,11.9,0.7,7.78,0.82,5.0,0.01,0.01,613.586,1776199310000
1776199311.931,111.931,0.3,7.78,0.18,5.0,0.31,79.07,0.32,11.9,0.69,79.07,0.68,11.9,0.7,7.78,0.82,5.0,0.01,0.01,613.586,1776199311000
1776199312.992,112.992,0.3,7.78,0.18,5.0,0.31,79.07,0.32,11.9,0.69,79.07,0.68,11.9,0.7,7.78,0.82,5.0,0.01,0.01,613.566,1776199312000
1776199314.064,114.064,0.19,10.0,0.18,5.0,0.31,79.07,0.32,11.9,0.69,79.07,0.68,11.9,0.81,10.0,0.82,5.0,0.12,0.12,613.585,1776199313000
1776199315.288,115.288,0.19,10.0,0.18,5.0,0.31,79.07,0.32,11.9,0.69,79.07,0.68,11.9,0.81,10.0,0.82,5.0,0.12,0.12,613.587,1776199314000
1776199316.262,116.262,0.19,10.0,0.18,5.0,0.31,79.07,0.32,11.9,0.69,79.07,0.68,11.9,0.81,10.0,0.82,5.0,0.12,0.12,613.589,1776199315000
1776199317.373,117.373,0.19,10.0,0.18,5.0,0.31,79.07,0.32,11.9,0.69,79.07,0.68,11.9,0.81,10.0,0.82,5.0,0.12,0.12,613.587,1776199316000
1776199318.405,118.405,0.19,10.0,0.18,5.0,0.31,79.07,0.32,11.9,0.69,79.07,0.68,11.9,0.81,10.0,0.82,5.0,0.12,0.12,613.572,1776199317000
1776199318.921,118.921,0.16,5.13,0.15,5.0,0.22,15.2,0.23,14.7,0.78,15.2,0.77,14.7,0.84,5.13,0.85,5.0,0.06,0.06,613.572,1776199318000
1776199319.943,119.943,0.16,5.13,0.15,5.0,0.22,15.2,0.23,14.7,0.78,15.2,0.77,14.7,0.84,5.13,0.85,5.0,0.06,0.06,613.545,1776199319000
1776199320.967,120.967,0.16,5.13,0.15,5.0,0.22,15.2,0.23,14.7,0.78,15.2,0.77,14.7,0.84,5.13,0.85,5.0,0.06,0.06,613.55,1776199320000
1776199321.58,121.58,0.16,0.13,0.13,5.0,0.18,17.6,0.19,16.89,0.78,15.2,0.77,14.7,0.84,5.13,0.85,5.0,0.02,0.06,613.55,1776199320000
1776199322.033,122.033,0.16,0.13,0.13,5.0,0.18,17.6,0.19,16.89,0.82,17.6,0.81,16.89,0.84,0.13,0.87,5.0,0.02,0.02,613.542,1776199321000
1776199323.034,123.034,0.16,0.13,0.13,5.0,0.18,17.6,0.19,16.89,0.82,17.6,0.81,16.89,0.84,0.13,0.87,5.0,0.02,0.02,613.546,1776199322000
1776199324.732,124.732,0.16,0.13,0.13,5.0,0.18,17.6,0.19,16.89,0.82,17.6,0.81,16.89,0.84,0.13,0.87,5.0,0.02,0.02,613.499,1776199323000
1776199326.131,126.131,0.16,0.13,0.13,5.0,0.18,17.6,0.19,16.89,0.82,17.6,0.81,16.89,0.84,0.13,0.87,5.0,0.02,0.02,613.487,1776199324000
1776199326.853,126.853,0.16,0.13,0.13,5.0,0.18,17.6,0.19,16.89,0.82,17.6,0.81,16.89,0.84,0.13,0.87,5.0,0.02,0.02,613.501,1776199325000
1776199327.736,127.736,0.16,0.13,0.13,5.0,0.18,17.6,0.19,16.89,0.82,17.6,0.81,16.89,0.84,0.13,0.87,5.0,0.02,0.02,613.517,1776199326000
1776199328.45,128.45,0.16,0.13,0.13,5.0,0.18,17.6,0.19,16.89,0.82,17.6,0.81,16.89,0.84,0.13,0.87,5.0,0.02,0.02,613.519,1776199327000
1776199329.158,129.158,0.16,0.13,0.13,5.0,0.18,17.6,0.19,16.89,0.82,17.6,0.81,16.89,0.84,0.13,0.87,5.0,0.02,0.02,613.523,1776199328000
1776199330.81,130.81,0.16,0.13,0.13,5.0,0.18,17.6,0.19,16.89,0.82,17.6,0.81,16.89,0.84,0.13,0.87,5.0,0.02,0.02,613.519,1776199329000
1776199331.452,131.452,0.16,0.13,0.13,5.0,0.18,17.6,0.19,16.89,0.82,17.6,0.81,16.89,0.84,0.13,0.87,5.0,0.02,0.02,613.516,1776199330000
1776199332.213,132.213,0.16,0.13,0.13,5.0,0.18,17.6,0.19,16.89,0.82,17.6,0.81,16.89,0.84,0.13,0.87,5.0,0.02,0.02,613.525,1776199331000
1776199333.543,133.543,0.16,0.13,0.13,5.0,0.18,17.6,0.19,16.89,0.82,17.6,0.81,16.89,0.84,0.13,0.87,5.0,0.02,0.02,613.518,1776199332000
1776199334.249,134.249,0.16,0.13,0.13,5.0,0.18,17.6,0.19,16.89,0.82,17.6,0.81,16.89,0.84,0.13,0.87,5.0,0.02,0.02,613.518,1776199333000
1776199335.671,135.671,0.16,0.13,0.13,5.0,0.18,17.6,0.19,16.89,0.82,17.6,0.81,16.89,0.84,0.13,0.87,5.0,0.02,0.02,613.516,1776199334000
1776199336.301,136.301,0.16,0.13,0.13,5.0,0.18,17.6,0.19,16.89,0.82,17.6,0.81,16.89,0.84,0.13,0.87,5.0,0.02,0.02,613.517,1776199335000
1776199337.013,137.013,0.16,0.13,0.13,5.0,0.18,17.6,0.19,16.89,0.82,17.6,0.81,16.89,0.84,0.13,0.87,5.0,0.02,0.02,613.517,1776199336000
1776199338.244,138.244,0.24,5.0,0.21,106.0,0.42,5.0,0.49,5.0,0.82,17.6,0.81,16.89,0.84,0.13,0.87,5.0,0.18,0.02,613.517,1776199336000
1776199338.508,138.508,0.24,5.0,0.21,106.0,0.42,5.0,0.49,5.0,0.58,5.0,0.51,5.0,0.76,5.0,0.79,106.0,0.18,0.18,613.65473,1776199337000
1776199339.328,139.328,0.24,5.0,0.21,106.0,0.42,5.0,0.49,5.0,0.58,5.0,0.51,5.0,0.76,5.0,0.79,106.0,0.18,0.18,613.693,1776199338000
1776199339.682,139.682,0.38,5.0,0.34,10.0,0.61,26.19,0.62,21.0,0.58,5.0,0.51,5.0,0.76,5.0,0.79,106.0,0.23,0.18,613.693,1776199338000
1776199340.146,140.146,0.38,5.0,0.34,10.0,0.61,26.19,0.62,21.0,0.39,26.19,0.38,21.0,0.62,5.0,0.66,10.0,0.23,0.23,613.699192,1776199339000
1776199341.697,141.697,0.38,5.0,0.34,10.0,0.61,26.19,0.62,21.0,0.39,26.19,0.38,21.0,0.62,5.0,0.66,10.0,0.23,0.23,613.798,1776199340000
1776199342.407,142.407,0.38,5.0,0.34,10.0,0.61,26.19,0.62,21.0,0.39,26.19,0.38,21.0,0.62,5.0,0.66,10.0,0.23,0.23,613.796,1776199341000
1776199342.778,142.778,0.41,5.0,0.4,5.0,0.54,2.51,0.55,5.0,0.39,26.19,0.38,21.0,0.62,5.0,0.66,10.0,0.13,0.23,613.796,1776199341000
1776199343.09,143.09,0.41,5.0,0.4,5.0,0.54,2.51,0.55,5.0,0.46,2.51,0.45,5.0,0.59,5.0,0.6,5.0,0.13,0.13,613.796,1776199342000
1776199344.069,144.069,0.41,5.0,0.4,5.0,0.54,2.51,0.55,5.0,0.46,2.51,0.45,5.0,0.59,5.0,0.6,5.0,0.13,0.13,613.82,1776199343000
1776199345.036,145.036,0.41,5.0,0.4,5.0,0.54,2.51,0.55,5.0,0.46,2.51,0.45,5.0,0.59,5.0,0.6,5.0,0.13,0.13,613.822,1776199344000
1776199346.133,146.133,0.41,5.0,0.4,5.0,0.54,2.51,0.55,5.0,0.46,2.51,0.45,5.0,0.59,5.0,0.6,5.0,0.13,0.13,613.823,1776199345000
1776199347.206,147.206,0.41,5.0,0.4,5.0,0.54,2.51,0.55,5.0,0.46,2.51,0.45,5.0,0.59,5.0,0.6,5.0,0.13,0.13,613.839,1776199346000
1776199348.195,148.195,0.41,5.0,0.4,5.0,0.54,2.51,0.55,5.0,0.46,2.51,0.45,5.0,0.59,5.0,0.6,5.0,0.13,0.13,613.841,1776199347000
1776199349.197,149.197,0.41,5.0,0.4,5.0,0.54,2.51,0.55,5.0,0.46,2.51,0.45,5.0,0.59,5.0,0.6,5.0,0.13,0.13,613.884,1776199348000
1776199350.239,150.239,0.41,5.0,0.4,5.0,0.54,2.51,0.55,5.0,0.46,2.51,0.45,5.0,0.59,5.0,0.6,5.0,0.13,0.13,613.872,1776199349000
1776199350.663,150.663,0.47,12.74,0.45,5.0,0.59,5.0,0.6,5.0,0.46,2.51,0.45,5.0,0.59,5.0,0.6,5.0,0.12,0.13,613.872,1776199349000
1776199351.288,151.288,0.47,12.74,0.45,5.0,0.59,5.0,0.6,5.0,0.41,5.0,0.4,5.0,0.53,12.74,0.55,5.0,0.12,0.12,613.869,1776199350000
1776199351.911,151.911,0.65,5.0,0.47,10.0,0.68,7.0,0.71,62.6,0.41,5.0,0.4,5.0,0.53,12.74,0.55,5.0,0.03,0.12,613.869,1776199350000
1776199352.212,152.212,0.47,10.0,0.45,5.0,0.68,7.0,0.71,62.6,0.32,7.0,0.29,62.6,0.35,5.0,0.53,10.0,0.21,0.03,613.869,1776199350000
1776199353.242,153.242,0.47,10.0,0.45,5.0,0.68,7.0,0.71,62.6,0.32,7.0,0.29,62.6,0.53,10.0,0.55,5.0,0.21,0.21,613.925,1776199352000
1776199354.248,154.248,0.47,10.0,0.45,5.0,0.68,7.0,0.71,62.6,0.32,7.0,0.29,62.6,0.53,10.0,0.55,5.0,0.21,0.21,613.921,1776199353000
1776199355.123,155.123,0.63,20.0,0.62,5.0,0.81,50.0,0.82,17.6,0.32,7.0,0.29,62.6,0.53,10.0,0.55,5.0,0.18,0.21,613.921,1776199353000
1776199356.218,156.218,0.63,20.0,0.62,5.0,0.81,50.0,0.82,17.6,0.19,50.0,0.18,17.6,0.37,20.0,0.38,5.0,0.18,0.18,613.9724,1776199355000
1776199357.18,157.18,0.63,20.0,0.62,5.0,0.81,50.0,0.82,17.6,0.19,50.0,0.18,17.6,0.37,20.0,0.38,5.0,0.18,0.18,613.973699,1776199356000
1776199358.468,158.468,0.63,20.0,0.62,5.0,0.81,50.0,0.82,17.6,0.19,50.0,0.18,17.6,0.37,20.0,0.38,5.0,0.18,0.18,614.032,1776199357000
1776199359.072,159.072,0.63,20.0,0.62,5.0,0.81,50.0,0.82,17.6,0.19,50.0,0.18,17.6,0.37,20.0,0.38,5.0,0.18,0.18,614.018,1776199358000
1776199360.244,160.244,0.63,20.0,0.62,5.0,0.81,50.0,0.82,17.6,0.19,50.0,0.18,17.6,0.37,20.0,0.38,5.0,0.18,0.18,614.024,1776199359000
1776199361.452,161.452,0.63,20.0,0.62,5.0,0.81,50.0,0.82,17.6,0.19,50.0,0.18,17.6,0.37,20.0,0.38,5.0,0.18,0.18,614.028,1776199360000
1776199362.025,162.025,0.63,20.0,0.62,5.0,0.81,50.0,0.82,17.6,0.19,50.0,0.18,17.6,0.37,20.0,0.38,5.0,0.18,0.18,614.031,1776199361000
1776199363.233,163.233,0.63,20.0,0.62,5.0,0.81,50.0,0.82,17.6,0.19,50.0,0.18,17.6,0.37,20.0,0.38,5.0,0.18,0.18,614.03,1776199362000
1776199364.439,164.439,0.63,20.0,0.62,5.0,0.81,50.0,0.82,17.6,0.19,50.0,0.18,17.6,0.37,20.0,0.38,5.0,0.18,0.18,614.032,1776199363000
1776199364.998,164.998,0.63,20.0,0.62,5.0,0.81,50.0,0.82,17.6,0.19,50.0,0.18,17.6,0.37,20.0,0.38,5.0,0.18,0.18,614.032,1776199364000
1776199366.148,166.148,0.63,20.0,0.62,5.0,0.81,50.0,0.82,17.6,0.19,50.0,0.18,17.6,0.37,20.0,0.38,5.0,0.18,0.18,614.033,1776199365000
1776199367.361,167.361,0.63,20.0,0.62,5.0,0.81,50.0,0.82,17.6,0.19,50.0,0.18,17.6,0.37,20.0,0.38,5.0,0.18,0.18,614.039,1776199366000
1776199367.858,167.858,0.63,20.0,0.62,5.0,0.81,50.0,0.82,17.6,0.19,50.0,0.18,17.6,0.37,20.0,0.38,5.0,0.18,0.18,614.039,1776199367000
1776199368.976,168.976,0.63,20.0,0.62,5.0,0.81,50.0,0.82,17.6,0.19,50.0,0.18,17.6,0.37,20.0,0.38,5.0,0.18,0.18,614.038,1776199368000
1776199369.963,169.963,0.63,20.0,0.62,5.0,0.81,50.0,0.82,17.6,0.19,50.0,0.18,17.6,0.37,20.0,0.38,5.0,0.18,0.18,614.038,1776199369000
1776199371.236,171.236,0.63,20.0,0.62,5.0,0.81,50.0,0.82,17.6,0.19,50.0,0.18,17.6,0.37,20.0,0.38,5.0,0.18,0.18,614.039,1776199370000
1776199372.257,172.257,0.63,20.0,0.62,5.0,0.81,50.0,0.82,17.6,0.19,50.0,0.18,17.6,0.37,20.0,0.38,5.0,0.18,0.18,614.038,1776199371000
1776199373.33,173.33,0.63,20.0,0.62,5.0,0.81,50.0,0.82,17.6,0.19,50.0,0.18,17.6,0.37,20.0,0.38,5.0,0.18,0.18,614.037,1776199372000
1776199373.942,173.942,0.63,20.0,0.62,5.0,0.81,50.0,0.82,17.6,0.19,50.0,0.18,17.6,0.37,20.0,0.38,5.0,0.18,0.18,614.037,1776199373000
1776199375.005,175.005,0.63,20.0,0.62,5.0,0.81,50.0,0.82,17.6,0.19,50.0,0.18,17.6,0.37,20.0,0.38,5.0,0.18,0.18,614.038,1776199374000
1776199376.013,176.013,0.63,20.0,0.62,5.0,0.81,50.0,0.82,17.6,0.19,50.0,0.18,17.6,0.37,20.0,0.38,5.0,0.18,0.18,614.038,1776199375000
1776199377.116,177.116,0.63,20.0,0.62,5.0,0.81,50.0,0.82,17.6,0.19,50.0,0.18,17.6,0.37,20.0,0.38,5.0,0.18,0.18,614.035,1776199376000
1776199378.322,178.322,0.63,20.0,0.62,5.0,0.81,50.0,0.82,17.6,0.19,50.0,0.18,17.6,0.37,20.0,0.38,5.0,0.18,0.18,614.028,1776199377000
1776199378.893,178.893,0.63,20.0,0.62,5.0,0.81,50.0,0.82,17.6,0.19,50.0,0.18,17.6,0.37,20.0,0.38,5.0,0.18,0.18,614.026,1776199378000
1776199380.067,180.067,0.63,20.0,0.62,5.0,0.81,50.0,0.82,17.6,0.19,50.0,0.18,17.6,0.37,20.0,0.38,5.0,0.18,0.18,614.023,1776199379000
1776199381.081,181.081,0.63,20.0,0.62,5.0,0.81,50.0,0.82,17.6,0.19,50.0,0.18,17.6,0.37,20.0,0.38,5.0,0.18,0.18,614.021,1776199380000
1776199382.089,182.089,0.63,20.0,0.62,5.0,0.81,50.0,0.82,17.6,0.19,50.0,0.18,17.6,0.37,20.0,0.38,5.0,0.18,0.18,613.993,1776199381000
1776199383.227,183.227,0.63,20.0,0.62,5.0,0.81,50.0,0.82,17.6,0.19,50.0,0.18,17.6,0.37,20.0,0.38,5.0,0.18,0.18,613.993,1776199382000
1776199384.266,184.266,0.63,20.0,0.62,5.0,0.81,50.0,0.82,17.6,0.19,50.0,0.18,17.6,0.37,20.0,0.38,5.0,0.18,0.18,613.981,1776199383000
1776199385.44,185.44,0.63,20.0,0.62,5.0,0.81,50.0,0.82,17.6,0.19,50.0,0.18,17.6,0.37,20.0,0.38,5.0,0.18,0.18,613.984,1776199384000
1776199386.433,186.433,0.63,20.0,0.62,5.0,0.81,50.0,0.82,17.6,0.19,50.0,0.18,17.6,0.37,20.0,0.38,5.0,0.18,0.18,613.983,1776199385000
1776199386.999,186.999,0.63,20.0,0.62,5.0,0.81,50.0,0.82,17.6,0.19,50.0,0.18,17.6,0.37,20.0,0.38,5.0,0.18,0.18,613.983,1776199386000
1776199388.082,188.082,0.63,20.0,0.62,5.0,0.81,50.0,0.82,17.6,0.19,50.0,0.18,17.6,0.37,20.0,0.38,5.0,0.18,0.18,613.987,1776199387000
1776199389.252,189.252,0.63,20.0,0.62,5.0,0.81,50.0,0.82,17.6,0.19,50.0,0.18,17.6,0.37,20.0,0.38,5.0,0.18,0.18,613.985,1776199388000
1776199390.269,190.269,0.63,20.0,0.62,5.0,0.81,50.0,0.82,17.6,0.19,50.0,0.18,17.6,0.37,20.0,0.38,5.0,0.18,0.18,613.983,1776199389000
1776199391.393,191.393,0.63,20.0,0.62,5.0,0.81,50.0,0.82,17.6,0.19,50.0,0.18,17.6,0.37,20.0,0.38,5.0,0.18,0.18,613.983,1776199390000
1776199391.909,191.909,0.63,20.0,0.62,5.0,0.81,50.0,0.82,17.6,0.19,50.0,0.18,17.6,0.37,20.0,0.38,5.0,0.18,0.18,613.983,1776199391000
1776199393.002,193.002,0.63,20.0,0.62,5.0,0.81,50.0,0.82,17.6,0.19,50.0,0.18,17.6,0.37,20.0,0.38,5.0,0.18,0.18,613.991,1776199392000
1776199394.013,194.013,0.63,20.0,0.62,5.0,0.81,50.0,0.82,17.6,0.19,50.0,0.18,17.6,0.37,20.0,0.38,5.0,0.18,0.18,613.986,1776199393000
1776199394.353,194.353,0.72,10.0,0.71,10.0,0.84,14.0,0.85,20.39,0.19,50.0,0.18,17.6,0.37,20.0,0.38,5.0,0.12,0.18,613.986,1776199393000
1776199395.047,195.047,0.72,10.0,0.71,10.0,0.84,14.0,0.85,20.39,0.16,14.0,0.15,20.39,0.28,10.0,0.29,10.0,0.12,0.12,613.988,1776199394000
1776199396.001,196.001,0.72,10.0,0.71,10.0,0.84,14.0,0.85,20.39,0.16,14.0,0.15,20.39,0.28,10.0,0.29,10.0,0.12,0.12,613.986,1776199395000
1776199397.107,197.107,0.72,10.0,0.71,10.0,0.84,14.0,0.85,20.39,0.16,14.0,0.15,20.39,0.28,10.0,0.29,10.0,0.12,0.12,613.987,1776199396000
1776199397.969,197.969,0.72,10.0,0.71,10.0,0.84,14.0,0.85,20.39,0.16,14.0,0.15,20.39,0.28,10.0,0.29,10.0,0.12,0.12,613.998,1776199397000
1776199399.08,199.08,0.72,10.0,0.71,10.0,0.84,14.0,0.85,20.39,0.16,14.0,0.15,20.39,0.28,10.0,0.29,10.0,0.12,0.12,613.998,1776199398000
1776199400.404,200.404,0.72,10.0,0.71,10.0,0.84,14.0,0.85,20.39,0.16,14.0,0.15,20.39,0.28,10.0,0.29,10.0,0.12,0.12,614.001,1776199399000
1776199401.281,201.281,0.72,10.0,0.71,10.0,0.84,14.0,0.85,20.39,0.16,14.0,0.15,20.39,0.28,10.0,0.29,10.0,0.12,0.12,614.018,1776199400000
1776199402.287,202.287,0.72,10.0,0.71,10.0,0.84,14.0,0.85,20.39,0.16,14.0,0.15,20.39,0.28,10.0,0.29,10.0,0.12,0.12,614.018,1776199401000
1776199403.251,203.251,0.72,10.0,0.71,10.0,0.84,14.0,0.85,20.39,0.16,14.0,0.15,20.39,0.28,10.0,0.29,10.0,0.12,0.12,614.018,1776199402000
1776199404.243,204.243,0.72,10.0,0.71,10.0,0.84,14.0,0.85,20.39,0.16,14.0,0.15,20.39,0.28,10.0,0.29,10.0,0.12,0.12,614.024,1776199403000
1776199406.024,206.024,0.72,10.0,0.71,10.0,0.84,14.0,0.85,20.39,0.16,14.0,0.15,20.39,0.28,10.0,0.29,10.0,0.12,0.12,614.037,1776199404000
1776199406.682,206.682,0.72,10.0,0.71,10.0,0.84,14.0,0.85,20.39,0.16,14.0,0.15,20.39,0.28,10.0,0.29,10.0,0.12,0.12,614.038,1776199405000
1776199407.36,207.36,0.72,10.0,0.71,10.0,0.84,14.0,0.85,20.39,0.16,14.0,0.15,20.39,0.28,10.0,0.29,10.0,0.12,0.12,614.043,1776199406000
1776199408.557,208.557,0.72,10.0,0.71,10.0,0.84,14.0,0.85,20.39,0.16,14.0,0.15,20.39,0.28,10.0,0.29,10.0,0.12,0.12,614.043,1776199407000
1776199409.471,209.471,0.72,10.0,0.71,10.0,0.84,14.0,0.85,20.39,0.16,14.0,0.15,20.39,0.28,10.0,0.29,10.0,0.12,0.12,614.041,1776199408000
1776199410.112,210.112,0.72,10.0,0.71,10.0,0.84,14.0,0.85,20.39,0.16,14.0,0.15,20.39,0.28,10.0,0.29,10.0,0.12,0.12,614.041,1776199409000
1776199411.431,211.431,0.72,10.0,0.71,10.0,0.84,14.0,0.85,20.39,0.16,14.0,0.15,20.39,0.28,10.0,0.29,10.0,0.12,0.12,614.023,1776199410000
1776199412.091,212.091,0.72,10.0,0.71,10.0,0.84,14.0,0.85,20.39,0.16,14.0,0.15,20.39,0.28,10.0,0.29,10.0,0.12,0.12,614.023,1776199411000
1776199413.605,213.605,0.72,10.0,0.71,10.0,0.84,14.0,0.85,20.39,0.16,14.0,0.15,20.39,0.28,10.0,0.29,10.0,0.12,0.12,614.026,1776199412000
1776199414.569,214.569,0.72,10.0,0.71,10.0,0.84,14.0,0.85,20.39,0.16,14.0,0.15,20.39,0.28,10.0,0.29,10.0,0.12,0.12,614.026,1776199413000
1776199415.192,215.192,0.72,10.0,0.71,10.0,0.84,14.0,0.85,20.39,0.16,14.0,0.15,20.39,0.28,10.0,0.29,10.0,0.12,0.12,614.03,1776199414000
1776199416.615,216.615,0.72,10.0,0.71,10.0,0.84,14.0,0.85,20.39,0.16,14.0,0.15,20.39,0.28,10.0,0.29,10.0,0.12,0.12,614.027,1776199415000
1776199417.259,217.259,0.72,10.0,0.71,10.0,0.84,14.0,0.85,20.39,0.16,14.0,0.15,20.39,0.28,10.0,0.29,10.0,0.12,0.12,614.027,1776199416000
1776199418.14,218.14,0.72,10.0,0.71,10.0,0.84,14.0,0.85,20.39,0.16,14.0,0.15,20.39,0.28,10.0,0.29,10.0,0.12,0.12,614.025,1776199417000
1776199420.123,220.123,0.72,10.0,0.71,10.0,0.84,14.0,0.85,20.39,0.16,14.0,0.15,20.39,0.28,10.0,0.29,10.0,0.12,0.12,614.074,1776199418000
1776199421.424,221.424,0.72,10.0,0.71,10.0,0.84,14.0,0.85,20.39,0.16,14.0,0.15,20.39,0.28,10.0,0.29,10.0,0.12,0.12,614.029,1776199420000
1776199422.186,222.186,0.72,10.0,0.71,10.0,0.84,14.0,0.85,20.39,0.16,14.0,0.15,20.39,0.28,10.0,0.29,10.0,0.12,0.12,614.039,1776199421000
1776199423.654,223.654,0.72,10.0,0.71,10.0,0.84,14.0,0.85,20.39,0.16,14.0,0.15,20.39,0.28,10.0,0.29,10.0,0.12,0.12,614.04,1776199422000
1776199424.312,224.312,0.72,10.0,0.71,10.0,0.84,14.0,0.85,20.39,0.16,14.0,0.15,20.39,0.28,10.0,0.29,10.0,0.12,0.12,614.04,1776199423000
1776199425.009,225.009,0.72,10.0,0.71,10.0,0.84,14.0,0.85,20.39,0.16,14.0,0.15,20.39,0.28,10.0,0.29,10.0,0.12,0.12,614.04,1776199424000
1776199426.238,226.238,0.72,10.0,0.71,10.0,0.84,14.0,0.85,20.39,0.16,14.0,0.15,20.39,0.28,10.0,0.29,10.0,0.12,0.12,614.042,1776199425000
1776199427.63,227.63,0.72,10.0,0.71,10.0,0.84,14.0,0.85,20.39,0.16,14.0,0.15,20.39,0.28,10.0,0.29,10.0,0.12,0.12,614.046,1776199426000
1776199428.25,228.25,0.72,10.0,0.71,10.0,0.84,14.0,0.85,20.39,0.16,14.0,0.15,20.39,0.28,10.0,0.29,10.0,0.12,0.12,614.046,1776199427000
1776199429.488,229.488,0.72,10.0,0.71,10.0,0.84,14.0,0.85,20.39,0.16,14.0,0.15,20.39,0.28,10.0,0.29,10.0,0.12,0.12,614.042,1776199428000
1776199430.248,230.248,0.72,10.0,0.71,10.0,0.84,14.0,0.85,20.39,0.16,14.0,0.15,20.39,0.28,10.0,0.29,10.0,0.12,0.12,614.042,1776199429000
1776199431.526,231.526,0.72,10.0,0.71,10.0,0.84,14.0,0.85,20.39,0.16,14.0,0.15,20.39,0.28,10.0,0.29,10.0,0.12,0.12,614.044,1776199430000
1776199432.239,232.239,0.72,10.0,0.71,10.0,0.84,14.0,0.85,20.39,0.16,14.0,0.15,20.39,0.28,10.0,0.29,10.0,0.12,0.12,614.05,1776199431000
1776199433.645,233.645,0.72,10.0,0.71,10.0,0.84,14.0,0.85,20.39,0.16,14.0,0.15,20.39,0.28,10.0,0.29,10.0,0.12,0.12,614.043,1776199432000
1776199434.317,234.317,0.72,10.0,0.71,10.0,0.84,14.0,0.85,20.39,0.16,14.0,0.15,20.39,0.28,10.0,0.29,10.0,0.12,0.12,614.045,1776199433000
1776199435.059,235.059,0.72,10.0,0.71,10.0,0.84,14.0,0.85,20.39,0.16,14.0,0.15,20.39,0.28,10.0,0.29,10.0,0.12,0.12,614.045,1776199434000
1776199436.401,236.401,0.72,10.0,0.71,10.0,0.84,14.0,0.85,20.39,0.16,14.0,0.15,20.39,0.28,10.0,0.29,10.0,0.12,0.12,614.039,1776199435000
1776199437.079,237.079,0.72,10.0,0.71,10.0,0.84,14.0,0.85,20.39,0.16,14.0,0.15,20.39,0.28,10.0,0.29,10.0,0.12,0.12,614.039,1776199436000
1776199438.795,238.795,0.72,10.0,0.71,10.0,0.84,14.0,0.85,20.39,0.16,14.0,0.15,20.39,0.28,10.0,0.29,10.0,0.12,0.12,614.055,1776199437000
1776199439.335,239.335,0.72,10.0,0.71,10.0,0.84,14.0,0.85,20.39,0.16,14.0,0.15,20.39,0.28,10.0,0.29,10.0,0.12,0.12,614.053,1776199438000
1776199440.456,240.456,0.72,10.0,0.71,10.0,0.84,14.0,0.85,20.39,0.16,14.0,0.15,20.39,0.28,10.0,0.29,10.0,0.12,0.12,614.146,1776199439000
1776199440.949,240.949,0.72,10.0,0.71,10.0,0.84,14.0,0.85,20.39,0.16,14.0,0.15,20.39,0.28,10.0,0.29,10.0,0.12,0.12,614.1368,1776199440000
1776199442.104,242.104,0.72,10.0,0.71,10.0,0.84,14.0,0.85,20.39,0.16,14.0,0.15,20.39,0.28,10.0,0.29,10.0,0.12,0.12,614.107,1776199441000
1776199443.225,243.225,0.72,10.0,0.71,10.0,0.84,14.0,0.85,20.39,0.16,14.0,0.15,20.39,0.28,10.0,0.29,10.0,0.12,0.12,614.13,1776199442000
1776199444.236,244.236,0.72,10.0,0.71,10.0,0.84,14.0,0.85,20.39,0.16,14.0,0.15,20.39,0.28,10.0,0.29,10.0,0.12,0.12,614.13,1776199443000
1776199445.376,245.376,0.72,10.0,0.71,10.0,0.84,14.0,0.85,20.39,0.16,14.0,0.15,20.39,0.28,10.0,0.29,10.0,0.12,0.12,614.122,1776199444000
1776199445.976,245.976,0.94,56.1,0.93,39.9,0.98,142.69,0.99,5667.6,0.16,14.0,0.15,20.39,0.28,10.0,0.29,10.0,0.04,0.12,614.122,1776199444000
1776199446.329,246.329,0.94,56.1,0.93,39.9,0.98,142.69,0.99,5667.6,0.02,142.69,0.01,5667.6,0.06,56.1,0.07,39.9,0.04,0.04,614.113,1776199445000
1776199446.917,246.917,0.94,56.1,0.93,39.9,0.98,142.69,0.99,5667.6,0.02,142.69,0.01,5667.6,0.06,56.1,0.07,39.9,0.04,0.04,614.113,1776199446000
1776199448.016,248.016,0.94,56.1,0.93,39.9,0.98,142.69,0.99,5667.6,0.02,142.69,0.01,5667.6,0.06,56.1,0.07,39.9,0.04,0.04,614.117,1776199447000
1776199449.068,249.068,0.95,64.7,0.94,46.1,0.98,136.69,0.99,5667.6,0.02,142.69,0.01,5667.6,0.06,56.1,0.07,39.9,0.03,0.04,614.117,1776199447000
1776199450.067,250.067,0.95,64.7,0.94,46.1,0.98,136.69,0.99,5667.6,0.02,136.69,0.01,5667.6,0.05,64.7,0.06,46.1,0.03,0.03,614.12,1776199449000
1776199451.071,251.071,0.95,64.7,0.94,46.1,0.98,136.69,0.99,5667.6,0.02,136.69,0.01,5667.6,0.05,64.7,0.06,46.1,0.03,0.03,614.12,1776199450000
1776199452.78,252.78,0.95,64.7,0.94,46.1,0.98,136.69,0.99,5667.6,0.02,136.69,0.01,5667.6,0.05,64.7,0.06,46.1,0.03,0.03,614.110325,1776199451000
1776199453.641,253.641,0.95,64.7,0.94,46.1,0.98,136.69,0.99,5667.6,0.02,136.69,0.01,5667.6,0.05,64.7,0.06,46.1,0.03,0.03,614.112728,1776199452000
1776199454.43,254.43,0.95,64.7,0.94,46.1,0.98,136.69,0.99,5667.6,0.02,136.69,0.01,5667.6,0.05,64.7,0.06,46.1,0.03,0.03,614.114484,1776199453000
1776199455.09,255.09,0.95,64.7,0.94,46.1,0.98,136.69,0.99,5667.6,0.02,136.69,0.01,5667.6,0.05,64.7,0.06,46.1,0.03,0.03,614.114428,1776199454000
1776199456.501,256.501,0.97,10.0,0.96,67.7,0.99,5671.6,,,0.02,136.69,0.01,5667.6,0.05,64.7,0.06,46.1,0.02,0.03,614.114428,1776199454000
1776199456.957,256.957,0.97,10.0,0.96,67.7,0.99,5666.6,,,0.01,5671.6,,,0.03,10.0,0.04,67.7,0.02,0.02,614.141025,1776199455000
1776199458.646,258.646,0.97,10.0,0.96,67.7,0.99,5666.6,,,0.01,5666.6,,,0.03,10.0,0.04,67.7,0.02,0.02,614.142923,1776199457000
1776199459.587,259.587,0.97,10.0,0.96,67.7,0.99,5666.6,,,0.01,5666.6,,,0.03,10.0,0.04,67.7,0.02,0.02,614.142923,1776199458000
1776199460.315,260.315,0.97,10.0,0.96,67.7,0.99,5666.6,,,0.01,5666.6,,,0.03,10.0,0.04,67.7,0.02,0.02,614.142923,1776199459000
1776199461.055,261.055,0.97,10.0,0.96,67.7,0.99,5666.6,,,0.01,5666.6,,,0.03,10.0,0.04,67.7,0.02,0.02,614.142698,1776199460000
1776199462.363,262.363,0.97,10.0,0.96,67.7,0.99,5666.6,,,0.01,5666.6,,,0.03,10.0,0.04,67.7,0.02,0.02,614.13786,1776199461000
1776199462.677,262.677,0.97,15.0,0.96,67.7,0.99,5593.73,,,0.01,5666.6,,,0.03,10.0,0.04,67.7,0.02,0.02,614.13786,1776199461000
1776199463.143,263.143,0.97,15.0,0.96,67.7,0.99,5593.73,,,0.01,5593.73,,,0.03,15.0,0.04,67.7,0.02,0.02,614.122914,1776199462000
1776199464.347,264.347,0.97,15.0,0.96,67.7,0.99,5592.71,,,0.01,5593.73,,,0.03,15.0,0.04,67.7,0.02,0.02,614.122914,1776199462000
1776199465.14,265.14,0.97,15.0,0.96,67.7,0.99,5592.71,,,0.01,5592.71,,,0.03,15.0,0.04,67.7,0.02,0.02,614.120819,1776199464000
1776199466.429,266.429,0.97,15.0,0.96,67.7,0.99,5592.71,,,0.01,5592.71,,,0.03,15.0,0.04,67.7,0.02,0.02,614.12128,1776199465000
1776199467.105,267.105,0.97,15.0,0.96,67.7,0.99,5592.71,,,0.01,5592.71,,,0.03,15.0,0.04,67.7,0.02,0.02,614.12128,1776199466000
1776199468.598,268.598,0.97,15.0,0.96,67.7,0.99,5592.71,,,0.01,5592.71,,,0.03,15.0,0.04,67.7,0.02,0.02,614.128601,1776199467000
1776199469.207,269.207,0.97,15.0,0.96,67.7,0.99,5592.71,,,0.01,5592.71,,,0.03,15.0,0.04,67.7,0.02,0.02,614.123303,1776199468000
1776199470.797,270.797,0.97,15.0,0.96,67.7,0.99,5592.71,,,0.01,5592.71,,,0.03,15.0,0.04,67.7,0.02,0.02,614.123143,1776199469000
1776199471.369,271.369,0.97,15.0,0.96,67.7,0.99,5592.71,,,0.01,5592.71,,,0.03,15.0,0.04,67.7,0.02,0.02,614.124163,1776199470000
1776199472.331,272.331,0.97,15.0,0.96,67.7,0.99,5592.71,,,0.01,5592.71,,,0.03,15.0,0.04,67.7,0.02,0.02,614.122445,1776199471000
1776199473.38,273.38,0.97,15.0,0.96,67.7,0.99,5592.71,,,0.01,5592.71,,,0.03,15.0,0.04,67.7,0.02,0.02,614.122445,1776199472000
1776199473.988,273.988,0.97,15.0,0.96,67.7,0.99,5592.71,,,0.01,5592.71,,,0.03,15.0,0.04,67.7,0.02,0.02,614.122447,1776199473000
1776199474.689,274.689,0.98,137.69,0.97,94.3,0.99,5315.11,,,0.01,5592.71,,,0.03,15.0,0.04,67.7,0.01,0.02,614.122447,1776199473000
1776199475.046,275.046,0.98,137.69,0.97,94.3,0.99,5315.11,,,0.01,5315.11,,,0.02,137.69,0.03,94.3,0.01,0.01,614.122947,1776199474000
1776199475.991,275.991,0.98,137.69,0.97,94.3,0.99,5315.11,,,0.01,5315.11,,,0.02,137.69,0.03,94.3,0.01,0.01,614.12443,1776199475000
1776199477.085,277.085,0.98,137.69,0.97,94.3,0.99,5315.11,,,0.01,5315.11,,,0.02,137.69,0.03,94.3,0.01,0.01,614.12443,1776199476000
1776199478.112,278.112,0.98,137.69,0.97,94.3,0.99,5315.11,,,0.01,5315.11,,,0.02,137.69,0.03,94.3,0.01,0.01,614.124597,1776199477000
1776199479.178,279.178,0.98,137.69,0.97,94.3,0.99,5315.11,,,0.01,5315.11,,,0.02,137.69,0.03,94.3,0.01,0.01,614.124599,1776199478000
1776199480.157,280.157,0.98,137.69,0.97,94.3,0.99,5315.11,,,0.01,5315.11,,,0.02,137.69,0.03,94.3,0.01,0.01,614.12379,1776199479000
1776199481.179,281.179,0.98,137.69,0.97,94.3,0.99,5315.11,,,0.01,5315.11,,,0.02,137.69,0.03,94.3,0.01,0.01,614.123779,1776199480000
1776199482.239,282.239,0.98,137.69,0.97,94.3,0.99,5315.11,,,0.01,5315.11,,,0.02,137.69,0.03,94.3,0.01,0.01,614.123779,1776199481000
1776199483.241,283.241,0.98,137.69,0.97,94.3,0.99,5315.11,,,0.01,5315.11,,,0.02,137.69,0.03,94.3,0.01,0.01,614.123768,1776199482000
1776199484.354,284.354,0.98,137.69,0.97,94.3,0.99,5315.11,,,0.01,5315.11,,,0.02,137.69,0.03,94.3,0.01,0.01,614.123769,1776199483000
1776199485.825,285.825,0.98,137.69,0.97,94.3,0.99,5315.11,,,0.01,5315.11,,,0.02,137.69,0.03,94.3,0.01,0.01,614.123845,1776199484000
1776199486.41,286.41,0.98,137.69,0.97,94.3,0.99,5315.11,,,0.01,5315.11,,,0.02,137.69,0.03,94.3,0.01,0.01,614.123871,1776199485000
1776199487.025,287.025,0.98,137.69,0.97,94.3,0.99,5315.11,,,0.01,5315.11,,,0.02,137.69,0.03,94.3,0.01,0.01,614.123871,1776199486000
1776199487.769,287.769,0.98,5.0,0.97,5.0,0.99,98.11,,,0.01,5315.11,,,0.02,137.69,0.03,94.3,0.01,0.01,614.123871,1776199486000
1776199488.141,288.141,0.98,5.0,0.97,5.0,0.99,86.11,,,0.01,86.11,,,0.02,5.0,0.03,5.0,0.01,0.01,614.124678,1776199487000
1776199489.286,289.286,0.98,5.0,0.97,5.0,0.99,86.11,,,0.01,86.11,,,0.02,5.0,0.03,5.0,0.01,0.01,614.125685,1776199488000
1776199490.312,290.312,0.98,5.0,0.97,5.0,0.99,86.11,,,0.01,86.11,,,0.02,5.0,0.03,5.0,0.01,0.01,614.125685,1776199489000
1776199491.355,291.355,0.98,5.0,0.97,5.0,0.99,86.11,,,0.01,86.11,,,0.02,5.0,0.03,5.0,0.01,0.01,614.12553,1776199490000
1776199491.766,291.766,0.98,5.0,0.97,5.0,0.99,70.52,,,0.01,86.11,,,0.02,5.0,0.03,5.0,0.01,0.01,614.12553,1776199490000
1776199492.515,292.515,0.98,5.0,0.97,5.0,0.99,70.52,,,0.01,70.52,,,0.02,5.0,0.03,5.0,0.01,0.01,614.125526,1776199491000
1776199493.14,293.14,0.98,5.0,0.97,5.0,0.99,70.52,,,0.01,70.52,,,0.02,5.0,0.03,5.0,0.01,0.01,614.125526,1776199492000
1776199494.001,294.001,0.98,11.0,0.97,5.0,0.99,50.31,,,0.01,70.52,,,0.02,5.0,0.03,5.0,0.01,0.01,614.125526,1776199492000
1776199494.369,294.369,0.98,11.0,0.97,5.0,0.99,50.31,,,0.01,50.31,,,0.02,11.0,0.03,5.0,0.01,0.01,614.124979,1776199493000
1776199494.832,294.832,0.98,11.0,0.97,5.0,0.99,45.26,,,0.01,50.31,,,0.02,11.0,0.03,5.0,0.01,0.01,614.124979,1776199493000
1776199495.471,295.471,0.98,11.0,0.97,5.0,0.99,42.26,,,0.01,45.26,,,0.02,11.0,0.03,5.0,0.01,0.01,614.124979,1776199493000
1776199496.101,296.101,0.98,11.0,0.97,5.0,0.99,42.26,,,0.01,42.26,,,0.02,11.0,0.03,5.0,0.01,0.01,614.124947,1776199495000
1776199496.598,296.598,0.98,11.0,0.97,5.0,0.99,6.76,,,0.01,42.26,,,0.02,11.0,0.03,5.0,0.01,0.01,614.124947,1776199495000
1776199497.253,297.253,0.98,11.0,0.97,5.0,0.99,3.76,,,0.01,6.76,,,0.02,11.0,0.03,5.0,0.01,0.01,614.124947,1776199495000
1776199498.428,298.428,0.98,11.0,0.97,5.0,,,,,,,,,0.02,11.0,0.03,5.0,,,614.129722,1776199497000
1776199499.005,299.005,0.98,11.0,0.97,5.0,,,,,,,,,0.02,11.0,0.03,5.0,,,614.129867,1776199498000
1776199500.138,300.138,0.98,11.0,0.97,5.0,,,,,,,,,0.02,11.0,0.03,5.0,,,614.133,1776199499000

# RESULT,winner=Up,slug=bnb-updown-5m-1776199200,ticks=327
