timestamp,elapsed_sec,up_bid_p1,up_bid_s1,up_bid_p2,up_bid_s2,up_bid_p3,up_bid_s3,up_bid_p4,up_bid_s4,up_bid_p5,up_bid_s5,up_ask_p1,up_ask_s1,up_ask_p2,up_ask_s2,up_ask_p3,up_ask_s3,up_ask_p4,up_ask_s4,up_ask_p5,up_ask_s5,down_bid_p1,down_bid_s1,down_bid_p2,down_bid_s2,down_bid_p3,down_bid_s3,down_bid_p4,down_bid_s4,down_bid_p5,down_bid_s5,down_ask_p1,down_ask_s1,down_ask_p2,down_ask_s2,down_ask_p3,down_ask_s3,down_ask_p4,down_ask_s4,down_ask_p5,down_ask_s5,up_spread,down_spread,bnb_price,bnb_oracle_ts
1776169801.094,1.094,0.41,13.0,0.4,8.0,0.39,8.0,0.38,8.0,0.37,189.0,0.59,13.0,0.6,8.0,0.61,8.0,0.62,8.0,0.63,189.0,0.41,13.0,0.4,8.0,0.39,8.0,0.38,8.0,0.37,189.0,0.59,13.0,0.6,8.0,0.61,8.0,0.62,8.0,0.63,189.0,0.18,0.18,616.08112,1776169800000
1776169802.225,2.225,0.41,13.0,0.4,8.0,0.39,8.0,0.38,8.0,0.37,189.0,0.59,13.0,0.6,8.0,0.61,8.0,0.62,8.0,0.63,189.0,0.41,13.0,0.4,8.0,0.39,8.0,0.38,8.0,0.37,189.0,0.59,13.0,0.6,8.0,0.61,8.0,0.62,8.0,0.63,189.0,0.18,0.18,616.001649,1776169801000
1776169803.211,3.211,0.41,13.0,0.4,8.0,0.39,8.0,0.38,8.0,0.37,189.0,0.59,13.0,0.6,8.0,0.61,8.0,0.62,8.0,0.63,189.0,0.41,13.0,0.4,8.0,0.39,8.0,0.38,8.0,0.37,189.0,0.59,13.0,0.6,8.0,0.61,8.0,0.62,8.0,0.63,189.0,0.18,0.18,616.001692,1776169802000
1776169804.322,4.322,0.41,13.0,0.4,8.0,0.39,8.0,0.38,8.0,0.37,189.0,0.59,13.0,0.6,8.0,0.61,8.0,0.62,8.0,0.63,189.0,0.41,13.0,0.4,8.0,0.39,8.0,0.38,8.0,0.37,189.0,0.59,13.0,0.6,8.0,0.61,8.0,0.62,8.0,0.63,189.0,0.18,0.18,616.142,1776169803000
1776169805.408,5.408,0.41,13.0,0.4,8.0,0.39,8.0,0.38,8.0,0.37,189.0,0.59,13.0,0.6,8.0,0.61,8.0,0.62,8.0,0.63,189.0,0.41,13.0,0.4,8.0,0.39,8.0,0.38,8.0,0.37,189.0,0.59,13.0,0.6,8.0,0.61,8.0,0.62,8.0,0.63,189.0,0.18,0.18,616.27293,1776169804000
1776169806.227,6.227,0.41,13.0,0.4,8.0,0.39,8.0,0.38,8.0,0.37,189.0,0.59,13.0,0.6,8.0,0.61,8.0,0.62,8.0,0.63,189.0,0.41,13.0,0.4,8.0,0.39,8.0,0.38,8.0,0.37,189.0,0.59,13.0,0.6,8.0,0.61,8.0,0.62,8.0,0.63,189.0,0.18,0.18,616.27293,1776169805000
1776169807.106,7.106,0.71,5.0,0.67,5.0,0.66,5.0,0.65,5.0,0.64,5.0,0.72,10.0,0.75,600.0,0.78,22.0,0.79,750.0,0.81,50.0,0.41,13.0,0.4,8.0,0.39,8.0,0.38,8.0,0.37,189.0,0.59,13.0,0.6,8.0,0.61,8.0,0.62,8.0,0.63,189.0,0.01,0.18,616.27293,1776169805000
1776169808.399,8.399,0.67,5.0,0.66,5.0,0.65,5.0,0.64,5.0,0.63,5.0,0.72,10.0,0.75,600.0,0.78,22.0,0.79,750.0,0.81,50.0,0.28,10.0,0.25,600.0,0.22,22.0,0.21,750.0,0.19,50.0,0.33,5.0,0.34,5.0,0.35,5.0,0.36,5.0,0.37,5.0,0.05,0.05,616.32036,1776169807000
1776169808.781,8.781,0.51,50.0,0.41,50.0,0.31,50.0,0.25,600.0,0.21,800.0,0.74,10.0,0.75,600.0,0.79,750.0,0.81,50.0,0.83,900.0,0.28,10.0,0.25,600.0,0.22,22.0,0.21,750.0,0.19,50.0,0.33,5.0,0.34,5.0,0.35,5.0,0.36,5.0,0.37,5.0,0.23,0.05,616.32036,1776169807000
1776169809.332,9.332,0.51,50.0,0.41,50.0,0.31,50.0,0.25,600.0,0.21,800.0,0.74,10.0,0.75,600.0,0.79,750.0,0.81,50.0,0.83,900.0,0.26,10.0,0.25,600.0,0.21,750.0,0.19,50.0,0.17,900.0,0.49,50.0,0.59,50.0,0.69,50.0,0.75,600.0,0.79,800.0,0.23,0.23,616.27299,1776169808000
1776169811.03,11.03,0.51,50.0,0.41,50.0,0.31,50.0,0.25,600.0,0.21,800.0,0.74,10.0,0.75,600.0,0.79,750.0,0.81,50.0,0.83,900.0,0.26,10.0,0.25,600.0,0.21,750.0,0.19,50.0,0.17,900.0,0.49,50.0,0.59,50.0,0.69,50.0,0.75,600.0,0.79,800.0,0.23,0.23,616.26213,1776169809000
1776169811.621,11.621,0.51,50.0,0.41,50.0,0.31,50.0,0.25,600.0,0.21,800.0,0.74,10.0,0.75,600.0,0.79,750.0,0.81,50.0,0.83,900.0,0.26,10.0,0.25,600.0,0.21,750.0,0.19,50.0,0.17,900.0,0.49,50.0,0.59,50.0,0.69,50.0,0.75,600.0,0.79,800.0,0.23,0.23,616.234878,1776169810000
1776169812.176,12.176,0.51,50.0,0.41,50.0,0.31,50.0,0.25,600.0,0.21,800.0,0.74,10.0,0.75,600.0,0.79,750.0,0.81,50.0,0.83,900.0,0.26,10.0,0.25,600.0,0.21,750.0,0.19,50.0,0.17,900.0,0.49,50.0,0.59,50.0,0.69,50.0,0.75,600.0,0.79,800.0,0.23,0.23,616.20643,1776169811000
1776169813.245,13.245,0.51,50.0,0.41,50.0,0.31,50.0,0.25,600.0,0.21,800.0,0.74,10.0,0.75,600.0,0.79,750.0,0.81,50.0,0.83,900.0,0.26,10.0,0.25,600.0,0.21,750.0,0.19,50.0,0.17,900.0,0.49,50.0,0.59,50.0,0.69,50.0,0.75,600.0,0.79,800.0,0.23,0.23,616.178796,1776169812000
1776169814.426,14.426,0.51,50.0,0.41,50.0,0.31,50.0,0.25,600.0,0.21,800.0,0.74,10.0,0.75,600.0,0.79,750.0,0.81,50.0,0.83,900.0,0.26,10.0,0.25,600.0,0.21,750.0,0.19,50.0,0.17,900.0,0.49,50.0,0.59,50.0,0.69,50.0,0.75,600.0,0.79,800.0,0.23,0.23,616.129205,1776169813000
1776169814.795,14.795,0.48,9.0,0.45,5.0,0.44,5.0,0.43,5.0,0.42,5.0,0.57,26.43,0.58,10.0,0.6,5.0,0.62,5.0,0.69,5.0,0.26,10.0,0.25,600.0,0.21,750.0,0.19,50.0,0.17,900.0,0.49,50.0,0.59,50.0,0.69,50.0,0.75,600.0,0.79,800.0,0.09,0.23,616.129205,1776169813000
1776169815.141,15.141,0.48,9.0,0.45,5.0,0.44,5.0,0.43,5.0,0.42,5.0,0.57,26.43,0.58,10.0,0.6,5.0,0.62,5.0,0.69,5.0,0.43,26.43,0.42,10.0,0.4,5.0,0.38,5.0,0.31,5.0,0.52,9.0,0.55,5.0,0.56,5.0,0.57,5.0,0.58,5.0,0.09,0.09,616.070061,1776169814000
1776169816.436,16.436,0.48,9.0,0.45,5.0,0.44,5.0,0.43,5.0,0.42,5.0,0.57,26.43,0.58,10.0,0.6,5.0,0.62,5.0,0.69,5.0,0.43,26.43,0.42,10.0,0.4,5.0,0.38,5.0,0.31,5.0,0.52,9.0,0.55,5.0,0.56,5.0,0.57,5.0,0.58,5.0,0.09,0.09,615.998068,1776169815000
1776169816.649,16.649,0.3,5.0,0.29,5.0,0.28,5.0,0.27,5.0,0.26,5.0,0.42,15.0,0.43,13.0,0.51,50.0,0.54,5.0,0.55,10.68,0.43,26.43,0.42,10.0,0.4,5.0,0.38,5.0,0.31,5.0,0.52,9.0,0.55,5.0,0.56,5.0,0.57,5.0,0.58,5.0,0.12,0.09,615.998068,1776169815000
1776169817.023,17.023,0.3,5.0,0.29,5.0,0.28,5.0,0.27,5.0,0.26,5.0,0.42,15.0,0.43,13.0,0.51,50.0,0.54,5.0,0.55,10.68,0.58,15.0,0.57,13.0,0.49,50.0,0.46,5.0,0.45,10.68,0.7,5.0,0.71,5.0,0.72,5.0,0.73,5.0,0.74,5.0,0.12,0.12,615.982085,1776169816000
1776169818.394,18.394,0.3,5.0,0.29,5.0,0.28,5.0,0.27,5.0,0.26,5.0,0.42,15.0,0.43,13.0,0.51,50.0,0.54,5.0,0.55,10.68,0.58,15.0,0.57,13.0,0.49,50.0,0.46,5.0,0.45,10.68,0.7,5.0,0.71,5.0,0.72,5.0,0.73,5.0,0.74,5.0,0.12,0.12,615.831035,1776169817000
1776169819.077,19.077,0.3,5.0,0.29,5.0,0.28,5.0,0.27,5.0,0.26,5.0,0.42,15.0,0.43,13.0,0.51,50.0,0.54,5.0,0.55,10.68,0.58,15.0,0.57,13.0,0.49,50.0,0.46,5.0,0.45,10.68,0.7,5.0,0.71,5.0,0.72,5.0,0.73,5.0,0.74,5.0,0.12,0.12,615.827115,1776169818000
1776169820.292,20.292,0.3,5.0,0.29,5.0,0.28,5.0,0.27,5.0,0.26,5.0,0.42,15.0,0.43,13.0,0.51,50.0,0.54,5.0,0.55,10.68,0.58,15.0,0.57,13.0,0.49,50.0,0.46,5.0,0.45,10.68,0.7,5.0,0.71,5.0,0.72,5.0,0.73,5.0,0.74,5.0,0.12,0.12,615.78248,1776169819000
1776169821.629,21.629,0.3,5.0,0.29,5.0,0.28,5.0,0.27,5.0,0.26,5.0,0.42,15.0,0.43,13.0,0.51,50.0,0.54,5.0,0.55,10.68,0.58,15.0,0.57,13.0,0.49,50.0,0.46,5.0,0.45,10.68,0.7,5.0,0.71,5.0,0.72,5.0,0.73,5.0,0.74,5.0,0.12,0.12,615.73927,1776169820000
1776169822.205,22.205,0.3,5.0,0.29,5.0,0.28,5.0,0.27,5.0,0.26,5.0,0.42,15.0,0.43,13.0,0.51,50.0,0.54,5.0,0.55,10.68,0.58,15.0,0.57,13.0,0.49,50.0,0.46,5.0,0.45,10.68,0.7,5.0,0.71,5.0,0.72,5.0,0.73,5.0,0.74,5.0,0.12,0.12,615.75255,1776169821000
1776169823.441,23.441,0.3,5.0,0.29,5.0,0.28,5.0,0.27,5.0,0.26,5.0,0.42,15.0,0.43,13.0,0.51,50.0,0.54,5.0,0.55,10.68,0.58,15.0,0.57,13.0,0.49,50.0,0.46,5.0,0.45,10.68,0.7,5.0,0.71,5.0,0.72,5.0,0.73,5.0,0.74,5.0,0.12,0.12,615.74671,1776169822000
1776169823.985,23.985,0.3,5.0,0.29,5.0,0.28,5.0,0.27,5.0,0.26,5.0,0.42,15.0,0.43,13.0,0.51,50.0,0.54,5.0,0.55,10.68,0.58,15.0,0.57,13.0,0.49,50.0,0.46,5.0,0.45,10.68,0.7,5.0,0.71,5.0,0.72,5.0,0.73,5.0,0.74,5.0,0.12,0.12,615.76041,1776169823000
1776169825.261,25.261,0.3,5.0,0.29,5.0,0.28,5.0,0.27,5.0,0.26,5.0,0.42,15.0,0.43,13.0,0.51,50.0,0.54,5.0,0.55,10.68,0.58,15.0,0.57,13.0,0.49,50.0,0.46,5.0,0.45,10.68,0.7,5.0,0.71,5.0,0.72,5.0,0.73,5.0,0.74,5.0,0.12,0.12,615.70105,1776169824000
1776169827.111,27.111,0.3,5.0,0.29,5.0,0.28,5.0,0.27,5.0,0.26,5.0,0.42,15.0,0.43,13.0,0.51,50.0,0.54,5.0,0.55,10.68,0.58,15.0,0.57,13.0,0.49,50.0,0.46,5.0,0.45,10.68,0.7,5.0,0.71,5.0,0.72,5.0,0.73,5.0,0.74,5.0,0.12,0.12,615.74071,1776169826000
1776169827.837,27.837,0.34,9.0,0.22,10.0,0.21,50.0,0.2,30.0,0.19,10.0,0.35,5.0,0.41,13.0,0.42,10.0,0.43,5.0,0.44,5.0,0.58,15.0,0.57,13.0,0.49,50.0,0.46,5.0,0.45,10.68,0.7,5.0,0.71,5.0,0.72,5.0,0.73,5.0,0.74,5.0,0.01,0.12,615.74071,1776169826000
1776169828.109,28.109,0.34,9.0,0.22,10.0,0.21,50.0,0.2,30.0,0.19,10.0,0.35,5.0,0.41,13.0,0.42,10.0,0.43,5.0,0.44,5.0,0.65,5.0,0.59,13.0,0.58,10.0,0.57,5.0,0.56,5.0,0.66,9.0,0.78,10.0,0.79,50.0,0.8,30.0,0.81,10.0,0.01,0.01,615.74638,1776169827000
1776169829.28,29.28,0.34,9.0,0.22,10.0,0.21,50.0,0.2,30.0,0.19,10.0,0.35,5.0,0.41,13.0,0.42,10.0,0.43,5.0,0.44,5.0,0.65,5.0,0.59,13.0,0.58,10.0,0.57,5.0,0.56,5.0,0.66,9.0,0.78,10.0,0.79,50.0,0.8,30.0,0.81,10.0,0.01,0.01,615.75371,1776169828000
1776169830.845,30.845,0.34,9.0,0.22,10.0,0.21,50.0,0.2,30.0,0.19,10.0,0.35,5.0,0.41,13.0,0.42,10.0,0.43,5.0,0.44,5.0,0.65,5.0,0.59,13.0,0.58,10.0,0.57,5.0,0.56,5.0,0.66,9.0,0.78,10.0,0.79,50.0,0.8,30.0,0.81,10.0,0.01,0.01,615.716627,1776169829000
1776169831.611,31.611,0.34,9.0,0.22,10.0,0.21,50.0,0.2,30.0,0.19,10.0,0.35,5.0,0.41,13.0,0.42,10.0,0.43,5.0,0.44,5.0,0.65,5.0,0.59,13.0,0.58,10.0,0.57,5.0,0.56,5.0,0.66,9.0,0.78,10.0,0.79,50.0,0.8,30.0,0.81,10.0,0.01,0.01,615.710012,1776169830000
1776169831.967,31.967,0.34,9.0,0.22,10.0,0.21,50.0,0.2,30.0,0.19,10.0,0.35,5.0,0.41,13.0,0.42,10.0,0.43,5.0,0.44,5.0,0.65,5.0,0.59,13.0,0.58,10.0,0.57,5.0,0.56,5.0,0.66,9.0,0.78,10.0,0.79,50.0,0.8,30.0,0.81,10.0,0.01,0.01,615.76152,1776169831000
1776169833.097,33.097,0.34,9.0,0.22,10.0,0.21,50.0,0.2,30.0,0.19,10.0,0.35,5.0,0.41,13.0,0.42,10.0,0.43,5.0,0.44,5.0,0.65,5.0,0.59,13.0,0.58,10.0,0.57,5.0,0.56,5.0,0.66,9.0,0.78,10.0,0.79,50.0,0.8,30.0,0.81,10.0,0.01,0.01,615.758308,1776169832000
1776169834.149,34.149,0.34,9.0,0.22,10.0,0.21,50.0,0.2,30.0,0.19,10.0,0.35,5.0,0.41,13.0,0.42,10.0,0.43,5.0,0.44,5.0,0.65,5.0,0.59,13.0,0.58,10.0,0.57,5.0,0.56,5.0,0.66,9.0,0.78,10.0,0.79,50.0,0.8,30.0,0.81,10.0,0.01,0.01,615.78652,1776169833000
1776169835.181,35.181,0.34,9.0,0.22,10.0,0.21,50.0,0.2,30.0,0.19,10.0,0.35,5.0,0.41,13.0,0.42,10.0,0.43,5.0,0.44,5.0,0.65,5.0,0.59,13.0,0.58,10.0,0.57,5.0,0.56,5.0,0.66,9.0,0.78,10.0,0.79,50.0,0.8,30.0,0.81,10.0,0.01,0.01,615.78877,1776169834000
1776169836.254,36.254,0.34,9.0,0.22,10.0,0.21,50.0,0.2,30.0,0.19,10.0,0.35,5.0,0.41,13.0,0.42,10.0,0.43,5.0,0.44,5.0,0.65,5.0,0.59,13.0,0.58,10.0,0.57,5.0,0.56,5.0,0.66,9.0,0.78,10.0,0.79,50.0,0.8,30.0,0.81,10.0,0.01,0.01,615.7793,1776169835000
1776169837.28,37.28,0.34,9.0,0.22,10.0,0.21,50.0,0.2,30.0,0.19,10.0,0.35,5.0,0.41,13.0,0.42,10.0,0.43,5.0,0.44,5.0,0.65,5.0,0.59,13.0,0.58,10.0,0.57,5.0,0.56,5.0,0.66,9.0,0.78,10.0,0.79,50.0,0.8,30.0,0.81,10.0,0.01,0.01,615.7728,1776169836000
1776169837.955,37.955,0.34,9.0,0.22,10.0,0.21,50.0,0.2,30.0,0.19,10.0,0.35,5.0,0.41,13.0,0.42,10.0,0.43,5.0,0.44,5.0,0.65,5.0,0.59,13.0,0.58,10.0,0.57,5.0,0.56,5.0,0.66,9.0,0.78,10.0,0.79,50.0,0.8,30.0,0.81,10.0,0.01,0.01,615.80871,1776169837000
1776169838.846,38.846,0.34,3.92,0.33,10.0,0.22,5.0,0.21,50.0,0.2,5.0,0.35,21.0,0.37,12.0,0.42,10.0,0.43,5.0,0.44,5.0,0.65,5.0,0.59,13.0,0.58,10.0,0.57,5.0,0.56,5.0,0.66,9.0,0.78,10.0,0.79,50.0,0.8,30.0,0.81,10.0,0.01,0.01,615.80871,1776169837000
1776169839.291,39.291,0.34,3.92,0.33,10.0,0.22,5.0,0.21,50.0,0.2,5.0,0.35,21.0,0.37,12.0,0.42,10.0,0.43,5.0,0.44,5.0,0.65,21.0,0.63,12.0,0.58,10.0,0.57,5.0,0.56,5.0,0.66,3.92,0.67,10.0,0.78,5.0,0.79,50.0,0.8,5.0,0.01,0.01,615.801799,1776169838000
1776169840.433,40.433,0.34,3.92,0.33,10.0,0.22,5.0,0.21,50.0,0.2,5.0,0.35,21.0,0.37,12.0,0.42,10.0,0.43,5.0,0.44,5.0,0.65,21.0,0.63,12.0,0.58,10.0,0.57,5.0,0.56,5.0,0.66,3.92,0.67,10.0,0.78,5.0,0.79,50.0,0.8,5.0,0.01,0.01,615.776356,1776169839000
1776169840.93,40.93,0.34,3.92,0.33,10.0,0.22,5.0,0.21,50.0,0.2,5.0,0.35,21.0,0.37,12.0,0.42,10.0,0.43,5.0,0.44,5.0,0.65,21.0,0.63,12.0,0.58,10.0,0.57,5.0,0.56,5.0,0.66,3.92,0.67,10.0,0.78,5.0,0.79,50.0,0.8,5.0,0.01,0.01,615.74653,1776169840000
1776169842.402,42.402,0.34,3.92,0.33,10.0,0.22,5.0,0.21,50.0,0.2,5.0,0.35,21.0,0.37,12.0,0.42,10.0,0.43,5.0,0.44,5.0,0.65,21.0,0.63,12.0,0.58,10.0,0.57,5.0,0.56,5.0,0.66,3.92,0.67,10.0,0.78,5.0,0.79,50.0,0.8,5.0,0.01,0.01,615.860678,1776169841000
1776169842.879,42.879,0.34,3.92,0.33,10.0,0.22,5.0,0.21,50.0,0.2,5.0,0.35,21.0,0.37,12.0,0.42,10.0,0.43,5.0,0.44,5.0,0.65,21.0,0.63,12.0,0.58,10.0,0.57,5.0,0.56,5.0,0.66,3.92,0.67,10.0,0.78,5.0,0.79,50.0,0.8,5.0,0.01,0.01,615.860678,1776169842000
1776169843.966,43.966,0.34,3.92,0.33,10.0,0.22,5.0,0.21,50.0,0.2,5.0,0.35,21.0,0.37,12.0,0.42,10.0,0.43,5.0,0.44,5.0,0.65,21.0,0.63,12.0,0.58,10.0,0.57,5.0,0.56,5.0,0.66,3.92,0.67,10.0,0.78,5.0,0.79,50.0,0.8,5.0,0.01,0.01,615.868825,1776169843000
1776169844.955,44.955,0.34,3.92,0.33,10.0,0.22,5.0,0.21,50.0,0.2,5.0,0.35,21.0,0.37,12.0,0.42,10.0,0.43,5.0,0.44,5.0,0.65,21.0,0.63,12.0,0.58,10.0,0.57,5.0,0.56,5.0,0.66,3.92,0.67,10.0,0.78,5.0,0.79,50.0,0.8,5.0,0.01,0.01,615.864603,1776169844000
1776169845.336,45.336,0.35,10.0,0.34,3.92,0.31,50.0,0.23,5.0,0.21,50.0,0.38,5.0,0.41,8.0,0.42,5.0,0.43,5.0,0.44,5.0,0.65,21.0,0.63,12.0,0.58,10.0,0.57,5.0,0.56,5.0,0.66,3.92,0.67,10.0,0.78,5.0,0.79,50.0,0.8,5.0,0.03,0.01,615.864603,1776169844000
1776169845.986,45.986,0.35,10.0,0.34,3.92,0.31,50.0,0.23,5.0,0.21,50.0,0.38,5.0,0.41,8.0,0.42,5.0,0.43,5.0,0.44,5.0,0.62,5.0,0.59,8.0,0.58,5.0,0.57,5.0,0.56,5.0,0.65,10.0,0.66,3.92,0.69,50.0,0.77,5.0,0.79,50.0,0.03,0.03,615.86412,1776169845000
1776169847.016,47.016,0.35,10.0,0.34,3.92,0.31,50.0,0.23,5.0,0.21,50.0,0.38,5.0,0.41,8.0,0.42,5.0,0.43,5.0,0.44,5.0,0.62,5.0,0.59,8.0,0.58,5.0,0.57,5.0,0.56,5.0,0.65,10.0,0.66,3.92,0.69,50.0,0.77,5.0,0.79,50.0,0.03,0.03,615.815349,1776169846000
1776169847.987,47.987,0.35,10.0,0.34,3.92,0.31,50.0,0.23,5.0,0.21,50.0,0.38,5.0,0.41,8.0,0.42,5.0,0.43,5.0,0.44,5.0,0.62,5.0,0.59,8.0,0.58,5.0,0.57,5.0,0.56,5.0,0.65,10.0,0.66,3.92,0.69,50.0,0.77,5.0,0.79,50.0,0.03,0.03,615.7784,1776169847000
1776169848.854,48.854,0.35,10.0,0.34,3.92,0.31,50.0,0.23,5.0,0.21,50.0,0.38,5.0,0.41,8.0,0.42,5.0,0.43,5.0,0.44,5.0,0.62,5.0,0.59,8.0,0.58,5.0,0.57,5.0,0.56,5.0,0.65,10.0,0.66,3.92,0.69,50.0,0.77,5.0,0.79,50.0,0.03,0.03,615.77409,1776169848000
1776169849.86,49.86,0.35,10.0,0.34,3.92,0.31,50.0,0.29,5.0,0.24,20.0,0.36,5.86,0.4,5.0,0.42,10.0,0.45,9.0,0.47,5.0,0.64,5.86,0.6,5.0,0.58,10.0,0.55,9.0,0.53,5.0,0.65,10.0,0.66,3.92,0.69,50.0,0.71,5.0,0.76,20.0,0.01,0.01,615.77831,1776169849000
1776169850.745,50.745,0.31,32.92,0.29,5.0,0.24,20.0,0.23,5.0,0.22,5.0,0.4,5.0,0.42,10.0,0.45,9.0,0.47,5.0,0.48,5.0,0.64,5.86,0.6,5.0,0.58,10.0,0.55,9.0,0.53,5.0,0.65,10.0,0.66,3.92,0.69,50.0,0.71,5.0,0.76,20.0,0.09,0.01,615.77831,1776169849000
1776169851.252,51.252,0.31,32.92,0.29,5.0,0.24,20.0,0.23,5.0,0.22,5.0,0.4,5.0,0.42,10.0,0.45,9.0,0.47,5.0,0.48,5.0,0.6,5.0,0.58,10.0,0.55,9.0,0.53,5.0,0.52,5.0,0.69,32.92,0.71,5.0,0.76,20.0,0.77,5.0,0.78,5.0,0.09,0.09,615.79575,1776169850000
1776169852.271,52.271,0.31,32.92,0.29,5.0,0.24,20.0,0.23,5.0,0.22,5.0,0.4,5.0,0.42,10.0,0.45,9.0,0.47,5.0,0.48,5.0,0.6,5.0,0.58,10.0,0.55,9.0,0.53,5.0,0.52,5.0,0.69,32.92,0.71,5.0,0.76,20.0,0.77,5.0,0.78,5.0,0.09,0.09,615.79173,1776169851000
1776169853.23,53.23,0.31,32.92,0.29,5.0,0.24,20.0,0.23,5.0,0.22,5.0,0.4,5.0,0.42,10.0,0.45,9.0,0.47,5.0,0.48,5.0,0.6,5.0,0.58,10.0,0.55,9.0,0.53,5.0,0.52,5.0,0.69,32.92,0.71,5.0,0.76,20.0,0.77,5.0,0.78,5.0,0.09,0.09,615.79103,1776169852000
1776169854.185,54.185,0.31,32.92,0.29,5.0,0.24,20.0,0.23,5.0,0.22,5.0,0.4,5.0,0.42,10.0,0.45,9.0,0.47,5.0,0.48,5.0,0.6,5.0,0.58,10.0,0.55,9.0,0.53,5.0,0.52,5.0,0.69,32.92,0.71,5.0,0.76,20.0,0.77,5.0,0.78,5.0,0.09,0.09,615.82484,1776169853000
1776169855.185,55.185,0.31,32.92,0.29,5.0,0.24,20.0,0.23,5.0,0.22,5.0,0.4,5.0,0.42,10.0,0.45,9.0,0.47,5.0,0.48,5.0,0.6,5.0,0.58,10.0,0.55,9.0,0.53,5.0,0.52,5.0,0.69,32.92,0.71,5.0,0.76,20.0,0.77,5.0,0.78,5.0,0.09,0.09,615.824617,1776169854000
1776169856.241,56.241,0.31,32.92,0.29,5.0,0.24,20.0,0.23,5.0,0.22,5.0,0.4,5.0,0.42,10.0,0.45,9.0,0.47,5.0,0.48,5.0,0.6,5.0,0.58,10.0,0.55,9.0,0.53,5.0,0.52,5.0,0.69,32.92,0.71,5.0,0.76,20.0,0.77,5.0,0.78,5.0,0.09,0.09,615.82989,1776169855000
1776169857.349,57.349,0.31,32.92,0.29,5.0,0.24,20.0,0.23,5.0,0.22,5.0,0.4,5.0,0.42,10.0,0.45,9.0,0.47,5.0,0.48,5.0,0.6,5.0,0.58,10.0,0.55,9.0,0.53,5.0,0.52,5.0,0.69,32.92,0.71,5.0,0.76,20.0,0.77,5.0,0.78,5.0,0.09,0.09,615.82989,1776169856000
1776169858.342,58.342,0.31,32.92,0.29,5.0,0.24,20.0,0.23,5.0,0.22,5.0,0.4,5.0,0.42,10.0,0.45,9.0,0.47,5.0,0.48,5.0,0.6,5.0,0.58,10.0,0.55,9.0,0.53,5.0,0.52,5.0,0.69,32.92,0.71,5.0,0.76,20.0,0.77,5.0,0.78,5.0,0.09,0.09,615.81244,1776169857000
1776169859.278,59.278,0.31,32.92,0.29,5.0,0.24,20.0,0.23,5.0,0.22,5.0,0.4,5.0,0.42,10.0,0.45,9.0,0.47,5.0,0.48,5.0,0.6,5.0,0.58,10.0,0.55,9.0,0.53,5.0,0.52,5.0,0.69,32.92,0.71,5.0,0.76,20.0,0.77,5.0,0.78,5.0,0.09,0.09,615.81726,1776169858000
1776169860.218,60.218,0.31,32.92,0.29,5.0,0.24,20.0,0.23,5.0,0.22,5.0,0.4,5.0,0.42,10.0,0.45,9.0,0.47,5.0,0.48,5.0,0.6,5.0,0.58,10.0,0.55,9.0,0.53,5.0,0.52,5.0,0.69,32.92,0.71,5.0,0.76,20.0,0.77,5.0,0.78,5.0,0.09,0.09,615.79323,1776169859000
1776169861.303,61.303,0.31,32.92,0.29,5.0,0.24,20.0,0.23,5.0,0.22,5.0,0.4,5.0,0.42,10.0,0.45,9.0,0.47,5.0,0.48,5.0,0.6,5.0,0.58,10.0,0.55,9.0,0.53,5.0,0.52,5.0,0.69,32.92,0.71,5.0,0.76,20.0,0.77,5.0,0.78,5.0,0.09,0.09,615.79664,1776169860000
1776169862.291,62.291,0.31,32.92,0.29,5.0,0.24,20.0,0.23,5.0,0.22,5.0,0.4,5.0,0.42,10.0,0.45,9.0,0.47,5.0,0.48,5.0,0.6,5.0,0.58,10.0,0.55,9.0,0.53,5.0,0.52,5.0,0.69,32.92,0.71,5.0,0.76,20.0,0.77,5.0,0.78,5.0,0.09,0.09,615.758693,1776169861000
1776169862.58,62.58,0.2,3.75,0.18,17.6,0.17,47.39,0.16,19.3,0.15,20.39,0.21,5.0,0.23,5.0,0.24,13.0,0.29,5.0,0.38,8.0,0.6,5.0,0.58,10.0,0.55,9.0,0.53,5.0,0.52,5.0,0.69,32.92,0.71,5.0,0.76,20.0,0.77,5.0,0.78,5.0,0.01,0.09,615.758693,1776169861000
1776169863.215,63.215,0.2,3.75,0.18,17.6,0.17,47.39,0.16,19.3,0.15,20.39,0.21,5.0,0.23,5.0,0.24,13.0,0.29,5.0,0.38,8.0,0.79,5.0,0.77,5.0,0.76,13.0,0.71,5.0,0.62,8.0,0.8,3.75,0.82,17.6,0.83,47.39,0.84,19.3,0.85,20.39,0.01,0.01,615.745778,1776169862000
1776169864.246,64.246,0.21,45.0,0.2,3.75,0.18,17.6,0.17,18.39,0.16,19.3,0.23,5.0,0.26,5.0,0.27,5.0,0.28,5.0,0.29,5.0,0.77,5.0,0.74,5.0,0.73,5.0,0.72,5.0,0.71,5.0,0.79,45.0,0.8,3.75,0.82,17.6,0.83,18.39,0.84,19.3,0.02,0.02,615.61468,1776169863000
1776169865.303,65.303,0.21,45.0,0.2,3.75,0.18,17.6,0.17,18.39,0.16,19.3,0.23,5.0,0.26,5.0,0.27,5.0,0.28,5.0,0.29,5.0,0.77,5.0,0.74,5.0,0.73,5.0,0.72,5.0,0.71,5.0,0.79,45.0,0.8,3.75,0.82,17.6,0.83,18.39,0.84,19.3,0.02,0.02,615.5922,1776169864000
1776169866.329,66.329,0.21,45.0,0.2,3.75,0.18,17.6,0.17,18.39,0.16,19.3,0.23,5.0,0.26,5.0,0.27,5.0,0.28,5.0,0.29,5.0,0.77,5.0,0.74,5.0,0.73,5.0,0.72,5.0,0.71,5.0,0.79,45.0,0.8,3.75,0.82,17.6,0.83,18.39,0.84,19.3,0.02,0.02,615.607202,1776169865000
1776169867.334,67.334,0.21,45.0,0.2,3.75,0.18,17.6,0.17,18.39,0.16,19.3,0.23,5.0,0.26,5.0,0.27,5.0,0.28,5.0,0.29,5.0,0.77,5.0,0.74,5.0,0.73,5.0,0.72,5.0,0.71,5.0,0.79,45.0,0.8,3.75,0.82,17.6,0.83,18.39,0.84,19.3,0.02,0.02,615.52435,1776169866000
1776169868.223,68.223,0.21,45.0,0.2,3.75,0.18,17.6,0.17,18.39,0.16,19.3,0.23,5.0,0.26,5.0,0.27,5.0,0.28,5.0,0.29,5.0,0.77,5.0,0.74,5.0,0.73,5.0,0.72,5.0,0.71,5.0,0.79,45.0,0.8,3.75,0.82,17.6,0.83,18.39,0.84,19.3,0.02,0.02,615.47706,1776169867000
1776169868.619,68.619,0.14,21.6,0.13,23.0,0.12,24.6,0.11,26.6,0.1,28.9,0.21,38.0,0.22,5.0,0.23,5.0,0.27,16.0,0.31,50.0,0.77,5.0,0.74,5.0,0.73,5.0,0.72,5.0,0.71,5.0,0.79,45.0,0.8,3.75,0.82,17.6,0.83,18.39,0.84,19.3,0.07,0.02,615.47706,1776169867000
1776169869.234,69.234,0.14,21.6,0.13,23.0,0.12,24.6,0.11,26.6,0.1,28.9,0.21,38.0,0.22,5.0,0.23,5.0,0.27,16.0,0.31,50.0,0.79,38.0,0.78,5.0,0.77,5.0,0.73,16.0,0.69,50.0,0.86,21.6,0.87,23.0,0.88,24.6,0.89,26.6,0.9,28.9,0.07,0.07,615.48339,1776169868000
1776169870.144,70.144,0.14,21.6,0.13,23.0,0.12,24.6,0.11,26.6,0.1,28.9,0.21,38.0,0.22,5.0,0.23,5.0,0.27,16.0,0.31,50.0,0.79,38.0,0.78,5.0,0.77,5.0,0.73,16.0,0.69,50.0,0.86,21.6,0.87,23.0,0.88,24.6,0.89,26.6,0.9,28.9,0.07,0.07,615.467778,1776169869000
1776169871.105,71.105,0.14,21.6,0.13,23.0,0.12,24.6,0.11,26.6,0.1,28.9,0.21,38.0,0.22,5.0,0.23,5.0,0.27,16.0,0.31,50.0,0.79,38.0,0.78,5.0,0.77,5.0,0.73,16.0,0.69,50.0,0.86,21.6,0.87,23.0,0.88,24.6,0.89,26.6,0.9,28.9,0.07,0.07,615.40035,1776169870000
1776169872.095,72.095,0.14,21.6,0.13,23.0,0.12,24.6,0.11,26.6,0.1,28.9,0.21,38.0,0.22,5.0,0.23,5.0,0.27,16.0,0.31,50.0,0.79,38.0,0.78,5.0,0.77,5.0,0.73,16.0,0.69,50.0,0.86,21.6,0.87,23.0,0.88,24.6,0.89,26.6,0.9,28.9,0.07,0.07,615.39545,1776169871000
1776169873.13,73.13,0.14,21.6,0.13,23.0,0.12,24.6,0.11,26.6,0.1,28.9,0.21,38.0,0.22,5.0,0.23,5.0,0.27,16.0,0.31,50.0,0.79,38.0,0.78,5.0,0.77,5.0,0.73,16.0,0.69,50.0,0.86,21.6,0.87,23.0,0.88,24.6,0.89,26.6,0.9,28.9,0.07,0.07,615.387307,1776169872000
1776169874.146,74.146,0.14,21.6,0.13,23.0,0.12,24.6,0.11,26.6,0.1,28.9,0.21,38.0,0.22,5.0,0.23,5.0,0.27,16.0,0.31,50.0,0.79,38.0,0.78,5.0,0.77,5.0,0.73,16.0,0.69,50.0,0.86,21.6,0.87,23.0,0.88,24.6,0.89,26.6,0.9,28.9,0.07,0.07,615.408635,1776169873000
1776169875.136,75.136,0.14,21.6,0.13,23.0,0.12,24.6,0.11,26.6,0.1,28.9,0.21,38.0,0.22,5.0,0.23,5.0,0.27,16.0,0.31,50.0,0.79,38.0,0.78,5.0,0.77,5.0,0.73,16.0,0.69,50.0,0.86,21.6,0.87,23.0,0.88,24.6,0.89,26.6,0.9,28.9,0.07,0.07,615.47677,1776169874000
1776169876.145,76.145,0.14,21.6,0.13,23.0,0.12,24.6,0.11,26.6,0.1,28.9,0.21,38.0,0.22,5.0,0.23,5.0,0.27,16.0,0.31,50.0,0.79,38.0,0.78,5.0,0.77,5.0,0.73,16.0,0.69,50.0,0.86,21.6,0.87,23.0,0.88,24.6,0.89,26.6,0.9,28.9,0.07,0.07,615.46161,1776169875000
1776169877.141,77.141,0.14,21.6,0.13,23.0,0.12,24.6,0.11,26.6,0.1,28.9,0.21,38.0,0.22,5.0,0.23,5.0,0.27,16.0,0.31,50.0,0.79,38.0,0.78,5.0,0.77,5.0,0.73,16.0,0.69,50.0,0.86,21.6,0.87,23.0,0.88,24.6,0.89,26.6,0.9,28.9,0.07,0.07,615.51626,1776169876000
1776169878.122,78.122,0.14,21.6,0.13,23.0,0.12,24.6,0.11,26.6,0.1,28.9,0.21,38.0,0.22,5.0,0.23,5.0,0.27,16.0,0.31,50.0,0.79,38.0,0.78,5.0,0.77,5.0,0.73,16.0,0.69,50.0,0.86,21.6,0.87,23.0,0.88,24.6,0.89,26.6,0.9,28.9,0.07,0.07,615.50554,1776169877000
1776169879.143,79.143,0.14,21.6,0.13,23.0,0.12,24.6,0.11,26.6,0.1,28.9,0.21,38.0,0.22,5.0,0.23,5.0,0.27,16.0,0.31,50.0,0.79,38.0,0.78,5.0,0.77,5.0,0.73,16.0,0.69,50.0,0.86,21.6,0.87,23.0,0.88,24.6,0.89,26.6,0.9,28.9,0.07,0.07,615.45185,1776169878000
1776169880.168,80.168,0.14,21.6,0.13,23.0,0.12,24.6,0.11,26.6,0.1,28.9,0.21,38.0,0.22,5.0,0.23,5.0,0.27,16.0,0.31,50.0,0.79,38.0,0.78,5.0,0.77,5.0,0.73,16.0,0.69,50.0,0.86,21.6,0.87,23.0,0.88,24.6,0.89,26.6,0.9,28.9,0.07,0.07,615.4516,1776169879000
1776169881.163,81.163,0.14,21.6,0.13,23.0,0.12,24.6,0.11,26.6,0.1,28.9,0.21,38.0,0.22,5.0,0.23,5.0,0.27,16.0,0.31,50.0,0.79,38.0,0.78,5.0,0.77,5.0,0.73,16.0,0.69,50.0,0.86,21.6,0.87,23.0,0.88,24.6,0.89,26.6,0.9,28.9,0.07,0.07,615.46397,1776169880000
1776169882.244,82.244,0.14,21.6,0.13,23.0,0.12,24.6,0.11,26.6,0.1,28.9,0.21,38.0,0.22,5.0,0.23,5.0,0.27,16.0,0.31,50.0,0.79,38.0,0.78,5.0,0.77,5.0,0.73,16.0,0.69,50.0,0.86,21.6,0.87,23.0,0.88,24.6,0.89,26.6,0.9,28.9,0.07,0.07,615.50361,1776169881000
1776169883.186,83.186,0.14,21.6,0.13,23.0,0.12,24.6,0.11,26.6,0.1,28.9,0.21,38.0,0.22,5.0,0.23,5.0,0.27,16.0,0.31,50.0,0.79,38.0,0.78,5.0,0.77,5.0,0.73,16.0,0.69,50.0,0.86,21.6,0.87,23.0,0.88,24.6,0.89,26.6,0.9,28.9,0.07,0.07,615.538708,1776169882000
1776169884.277,84.277,0.14,21.6,0.13,23.0,0.12,24.6,0.11,26.6,0.1,28.9,0.21,38.0,0.22,5.0,0.23,5.0,0.27,16.0,0.31,50.0,0.79,38.0,0.78,5.0,0.77,5.0,0.73,16.0,0.69,50.0,0.86,21.6,0.87,23.0,0.88,24.6,0.89,26.6,0.9,28.9,0.07,0.07,615.559,1776169883000
1776169885.212,85.212,0.14,21.6,0.13,23.0,0.12,24.6,0.11,26.6,0.1,28.9,0.21,38.0,0.22,5.0,0.23,5.0,0.27,16.0,0.31,50.0,0.79,38.0,0.78,5.0,0.77,5.0,0.73,16.0,0.69,50.0,0.86,21.6,0.87,23.0,0.88,24.6,0.89,26.6,0.9,28.9,0.07,0.07,615.55931,1776169884000
1776169886.204,86.204,0.14,21.6,0.13,23.0,0.12,24.6,0.11,26.6,0.1,28.9,0.21,38.0,0.22,5.0,0.23,5.0,0.27,16.0,0.31,50.0,0.79,38.0,0.78,5.0,0.77,5.0,0.73,16.0,0.69,50.0,0.86,21.6,0.87,23.0,0.88,24.6,0.89,26.6,0.9,28.9,0.07,0.07,615.57304,1776169885000
1776169887.278,87.278,0.14,21.6,0.13,23.0,0.12,24.6,0.11,26.6,0.1,28.9,0.21,38.0,0.22,5.0,0.23,5.0,0.27,16.0,0.31,50.0,0.79,38.0,0.78,5.0,0.77,5.0,0.73,16.0,0.69,50.0,0.86,21.6,0.87,23.0,0.88,24.6,0.89,26.6,0.9,28.9,0.07,0.07,615.59145,1776169886000
1776169888.184,88.184,0.14,21.6,0.13,23.0,0.12,24.6,0.11,26.6,0.1,28.9,0.21,38.0,0.22,5.0,0.23,5.0,0.27,16.0,0.31,50.0,0.79,38.0,0.78,5.0,0.77,5.0,0.73,16.0,0.69,50.0,0.86,21.6,0.87,23.0,0.88,24.6,0.89,26.6,0.9,28.9,0.07,0.07,615.59207,1776169887000
1776169889.266,89.266,0.14,21.6,0.13,23.0,0.12,24.6,0.11,26.6,0.1,28.9,0.21,38.0,0.22,5.0,0.23,5.0,0.27,16.0,0.31,50.0,0.79,38.0,0.78,5.0,0.77,5.0,0.73,16.0,0.69,50.0,0.86,21.6,0.87,23.0,0.88,24.6,0.89,26.6,0.9,28.9,0.07,0.07,615.582095,1776169888000
1776169890.193,90.193,0.14,21.6,0.13,23.0,0.12,24.6,0.11,26.6,0.1,28.9,0.21,38.0,0.22,5.0,0.23,5.0,0.27,16.0,0.31,50.0,0.79,38.0,0.78,5.0,0.77,5.0,0.73,16.0,0.69,50.0,0.86,21.6,0.87,23.0,0.88,24.6,0.89,26.6,0.9,28.9,0.07,0.07,615.598418,1776169889000
1776169891.23,91.23,0.14,21.6,0.13,23.0,0.12,24.6,0.11,26.6,0.1,28.9,0.21,38.0,0.22,5.0,0.23,5.0,0.27,16.0,0.31,50.0,0.79,38.0,0.78,5.0,0.77,5.0,0.73,16.0,0.69,50.0,0.86,21.6,0.87,23.0,0.88,24.6,0.89,26.6,0.9,28.9,0.07,0.07,615.5352,1776169890000
1776169892.187,92.187,0.14,21.6,0.13,23.0,0.12,24.6,0.11,26.6,0.1,28.9,0.21,38.0,0.22,5.0,0.23,5.0,0.27,16.0,0.31,50.0,0.79,38.0,0.78,5.0,0.77,5.0,0.73,16.0,0.69,50.0,0.86,21.6,0.87,23.0,0.88,24.6,0.89,26.6,0.9,28.9,0.07,0.07,615.54372,1776169891000
1776169892.411,92.411,0.17,3.02,0.16,19.3,0.15,20.39,0.14,21.6,0.13,66.0,0.19,18.0,0.23,5.0,0.24,5.0,0.25,5.0,0.26,5.0,0.79,38.0,0.78,5.0,0.77,5.0,0.73,16.0,0.69,50.0,0.86,21.6,0.87,23.0,0.88,24.6,0.89,26.6,0.9,28.9,0.02,0.07,615.54372,1776169891000
1776169893.13,93.13,0.17,3.02,0.16,19.3,0.15,20.39,0.14,21.6,0.13,66.0,0.19,18.0,0.23,5.0,0.24,5.0,0.25,5.0,0.26,5.0,0.81,18.0,0.77,5.0,0.76,5.0,0.75,5.0,0.74,5.0,0.83,3.02,0.84,19.3,0.85,20.39,0.86,21.6,0.87,66.0,0.02,0.02,615.54235,1776169892000
1776169894.299,94.299,0.17,3.02,0.16,19.3,0.15,20.39,0.14,21.6,0.13,66.0,0.19,18.0,0.23,5.0,0.24,5.0,0.25,5.0,0.26,5.0,0.81,18.0,0.77,5.0,0.76,5.0,0.75,5.0,0.74,5.0,0.83,3.02,0.84,19.3,0.85,20.39,0.86,21.6,0.87,66.0,0.02,0.02,615.558,1776169893000
1776169894.876,94.876,0.17,3.02,0.16,19.3,0.15,20.39,0.14,21.6,0.13,66.0,0.19,18.0,0.23,5.0,0.24,5.0,0.25,5.0,0.26,5.0,0.81,18.0,0.77,5.0,0.76,5.0,0.75,5.0,0.74,5.0,0.83,3.02,0.84,19.3,0.85,20.39,0.86,21.6,0.87,66.0,0.02,0.02,615.55573,1776169894000
1776169896.09,96.09,0.17,3.02,0.16,19.3,0.15,20.39,0.14,21.6,0.13,66.0,0.19,18.0,0.23,5.0,0.24,5.0,0.25,5.0,0.26,5.0,0.81,18.0,0.77,5.0,0.76,5.0,0.75,5.0,0.74,5.0,0.83,3.02,0.84,19.3,0.85,20.39,0.86,21.6,0.87,66.0,0.02,0.02,615.5587,1776169895000
1776169897.194,97.194,0.17,3.02,0.16,19.3,0.15,20.39,0.14,21.6,0.13,66.0,0.19,18.0,0.23,5.0,0.24,5.0,0.25,5.0,0.26,5.0,0.81,18.0,0.77,5.0,0.76,5.0,0.75,5.0,0.74,5.0,0.83,3.02,0.84,19.3,0.85,20.39,0.86,21.6,0.87,66.0,0.02,0.02,615.56736,1776169896000
1776169898.361,98.361,0.17,3.02,0.16,19.3,0.15,20.39,0.14,21.6,0.13,66.0,0.19,18.0,0.23,5.0,0.24,5.0,0.25,5.0,0.26,5.0,0.81,18.0,0.77,5.0,0.76,5.0,0.75,5.0,0.74,5.0,0.83,3.02,0.84,19.3,0.85,20.39,0.86,21.6,0.87,66.0,0.02,0.02,615.56639,1776169897000
1776169898.876,98.876,0.17,3.02,0.16,19.3,0.15,20.39,0.14,21.6,0.13,66.0,0.19,18.0,0.23,5.0,0.24,5.0,0.25,5.0,0.26,5.0,0.81,18.0,0.77,5.0,0.76,5.0,0.75,5.0,0.74,5.0,0.83,3.02,0.84,19.3,0.85,20.39,0.86,21.6,0.87,66.0,0.02,0.02,615.56609,1776169898000
1776169899.169,99.169,0.13,43.0,0.12,24.6,0.11,26.6,0.1,28.9,0.09,31.7,0.16,17.0,0.17,5.0,0.19,5.0,0.21,5.0,0.22,5.0,0.81,18.0,0.77,5.0,0.76,5.0,0.75,5.0,0.74,5.0,0.83,3.02,0.84,19.3,0.85,20.39,0.86,21.6,0.87,66.0,0.03,0.02,615.56609,1776169898000
1776169899.417,99.417,0.13,43.0,0.12,24.6,0.11,26.6,0.1,28.9,0.09,31.7,0.16,3.43,0.17,5.0,0.19,5.0,0.21,5.0,0.22,5.0,0.84,17.0,0.83,5.0,0.81,5.0,0.79,5.0,0.78,5.0,0.87,43.0,0.88,24.6,0.89,26.6,0.9,28.9,0.91,31.7,0.03,0.03,615.56609,1776169898000
1776169900.042,100.042,0.13,43.0,0.12,24.6,0.11,26.6,0.1,28.9,0.09,31.7,0.16,3.43,0.17,5.0,0.19,5.0,0.21,5.0,0.22,5.0,0.84,3.43,0.83,5.0,0.81,5.0,0.79,5.0,0.78,5.0,0.87,43.0,0.88,24.6,0.89,26.6,0.9,28.9,0.91,31.7,0.03,0.03,615.5651,1776169899000
1776169901.176,101.176,0.13,43.0,0.12,24.6,0.11,26.6,0.1,28.9,0.09,31.7,0.16,3.43,0.17,5.0,0.19,5.0,0.21,5.0,0.22,5.0,0.84,3.43,0.83,5.0,0.81,5.0,0.79,5.0,0.78,5.0,0.87,43.0,0.88,24.6,0.89,26.6,0.9,28.9,0.91,31.7,0.03,0.03,615.52499,1776169900000
1776169902.254,102.254,0.13,43.0,0.12,24.6,0.11,26.6,0.1,28.9,0.09,31.7,0.16,3.43,0.17,5.0,0.19,5.0,0.21,5.0,0.22,5.0,0.84,3.43,0.83,5.0,0.81,5.0,0.79,5.0,0.78,5.0,0.87,43.0,0.88,24.6,0.89,26.6,0.9,28.9,0.91,31.7,0.03,0.03,615.52482,1776169901000
1776169903.341,103.341,0.13,43.0,0.12,24.6,0.11,26.6,0.1,28.9,0.09,31.7,0.16,3.43,0.17,5.0,0.19,5.0,0.21,5.0,0.22,5.0,0.84,3.43,0.83,5.0,0.81,5.0,0.79,5.0,0.78,5.0,0.87,43.0,0.88,24.6,0.89,26.6,0.9,28.9,0.91,31.7,0.03,0.03,615.52693,1776169902000
1776169903.996,103.996,0.13,43.0,0.12,24.6,0.11,26.6,0.1,28.9,0.09,31.7,0.16,3.43,0.17,5.0,0.19,5.0,0.21,5.0,0.22,5.0,0.84,3.43,0.83,5.0,0.81,5.0,0.79,5.0,0.78,5.0,0.87,43.0,0.88,24.6,0.89,26.6,0.9,28.9,0.91,31.7,0.03,0.03,615.51757,1776169903000
1776169904.998,104.998,0.13,43.0,0.12,24.6,0.11,26.6,0.1,28.9,0.09,31.7,0.16,3.43,0.17,5.0,0.19,5.0,0.21,5.0,0.22,5.0,0.84,3.43,0.83,5.0,0.81,5.0,0.79,5.0,0.78,5.0,0.87,43.0,0.88,24.6,0.89,26.6,0.9,28.9,0.91,31.7,0.03,0.03,615.517,1776169904000
1776169906.284,106.284,0.13,43.0,0.12,24.6,0.11,26.6,0.1,28.9,0.09,31.7,0.16,3.43,0.17,5.0,0.19,5.0,0.21,5.0,0.22,5.0,0.84,3.43,0.83,5.0,0.81,5.0,0.79,5.0,0.78,5.0,0.87,43.0,0.88,24.6,0.89,26.6,0.9,28.9,0.91,31.7,0.03,0.03,615.523931,1776169905000
1776169907.403,107.403,0.13,43.0,0.1,28.9,0.09,31.7,0.08,35.29,0.07,39.9,0.17,5.0,0.18,5.0,0.19,26.89,0.2,21.3,0.21,20.7,0.84,3.43,0.83,5.0,0.81,5.0,0.79,5.0,0.78,5.0,0.87,43.0,0.88,24.6,0.89,26.6,0.9,28.9,0.91,31.7,0.04,0.03,615.523931,1776169905000
1776169907.993,107.993,0.13,43.0,0.1,28.9,0.09,31.7,0.08,35.29,0.07,39.9,0.17,5.0,0.18,5.0,0.19,26.89,0.2,21.3,0.21,20.7,0.83,5.0,0.82,5.0,0.81,26.89,0.8,21.3,0.79,20.7,0.87,43.0,0.9,28.9,0.91,31.7,0.92,35.29,0.93,39.9,0.04,0.04,615.492921,1776169907000
1776169908.51,108.51,0.13,43.0,0.12,24.6,0.11,26.6,0.1,28.9,0.09,31.7,0.18,5.0,0.19,10.0,0.2,5.0,0.21,20.7,0.22,20.2,0.83,5.0,0.82,5.0,0.81,26.89,0.8,21.3,0.79,20.7,0.87,43.0,0.9,28.9,0.91,31.7,0.92,35.29,0.93,39.9,0.05,0.04,615.492921,1776169907000
1776169910.141,110.141,0.13,43.0,0.12,24.6,0.11,26.6,0.1,28.9,0.09,31.7,0.18,5.0,0.19,10.0,0.2,5.0,0.21,20.7,0.22,20.2,0.82,5.0,0.81,10.0,0.8,5.0,0.79,20.7,0.78,20.2,0.87,43.0,0.88,24.6,0.89,26.6,0.9,28.9,0.91,31.7,0.05,0.05,615.4883,1776169909000
1776169911.384,111.384,0.13,43.0,0.12,24.6,0.11,26.6,0.1,28.9,0.09,31.7,0.18,5.0,0.19,10.0,0.2,5.0,0.21,20.7,0.22,20.2,0.82,5.0,0.81,10.0,0.8,5.0,0.79,20.7,0.78,20.2,0.87,43.0,0.88,24.6,0.89,26.6,0.9,28.9,0.91,31.7,0.05,0.05,615.49905,1776169910000
1776169912.087,112.087,0.13,43.0,0.12,24.6,0.11,26.6,0.1,28.9,0.09,31.7,0.18,5.0,0.19,10.0,0.2,5.0,0.21,20.7,0.22,20.2,0.82,5.0,0.81,10.0,0.8,5.0,0.79,20.7,0.78,20.2,0.87,43.0,0.88,24.6,0.89,26.6,0.9,28.9,0.91,31.7,0.05,0.05,615.47828,1776169911000
1776169913.367,113.367,0.13,43.0,0.12,24.6,0.11,26.6,0.1,28.9,0.09,31.7,0.18,5.0,0.19,10.0,0.2,5.0,0.21,20.7,0.22,20.2,0.82,5.0,0.81,10.0,0.8,5.0,0.79,20.7,0.78,20.2,0.87,43.0,0.88,24.6,0.89,26.6,0.9,28.9,0.91,31.7,0.05,0.05,615.47791,1776169912000
1776169913.893,113.893,0.13,43.0,0.12,24.6,0.11,26.6,0.1,28.9,0.09,31.7,0.18,5.0,0.19,10.0,0.2,5.0,0.21,20.7,0.22,20.2,0.82,5.0,0.81,10.0,0.8,5.0,0.79,20.7,0.78,20.2,0.87,43.0,0.88,24.6,0.89,26.6,0.9,28.9,0.91,31.7,0.05,0.05,615.47806,1776169913000
1776169915.131,115.131,0.13,43.0,0.12,24.6,0.11,26.6,0.1,28.9,0.09,31.7,0.18,5.0,0.19,10.0,0.2,5.0,0.21,20.7,0.22,20.2,0.82,5.0,0.81,10.0,0.8,5.0,0.79,20.7,0.78,20.2,0.87,43.0,0.88,24.6,0.89,26.6,0.9,28.9,0.91,31.7,0.05,0.05,615.47842,1776169914000
1776169916.295,116.295,0.13,43.0,0.12,24.6,0.11,26.6,0.1,28.9,0.09,31.7,0.18,5.0,0.19,10.0,0.2,5.0,0.21,20.7,0.22,20.2,0.82,5.0,0.81,10.0,0.8,5.0,0.79,20.7,0.78,20.2,0.87,43.0,0.88,24.6,0.89,26.6,0.9,28.9,0.91,31.7,0.05,0.05,615.47761,1776169915000
1776169917.02,117.02,0.13,43.0,0.12,24.6,0.11,26.6,0.1,28.9,0.09,31.7,0.18,5.0,0.19,10.0,0.2,5.0,0.21,20.7,0.22,20.2,0.82,5.0,0.81,10.0,0.8,5.0,0.79,20.7,0.78,20.2,0.87,43.0,0.88,24.6,0.89,26.6,0.9,28.9,0.91,31.7,0.05,0.05,615.47784,1776169916000
1776169918.074,118.074,0.13,43.0,0.12,24.6,0.11,26.6,0.1,28.9,0.09,31.7,0.18,5.0,0.19,10.0,0.2,5.0,0.21,20.7,0.22,20.2,0.82,5.0,0.81,10.0,0.8,5.0,0.79,20.7,0.78,20.2,0.87,43.0,0.88,24.6,0.89,26.6,0.9,28.9,0.91,31.7,0.05,0.05,615.44769,1776169917000
1776169919.285,119.285,0.13,43.0,0.12,24.6,0.11,26.6,0.1,28.9,0.09,31.7,0.18,5.0,0.19,10.0,0.2,5.0,0.21,20.7,0.22,20.2,0.82,5.0,0.81,10.0,0.8,5.0,0.79,20.7,0.78,20.2,0.87,43.0,0.88,24.6,0.89,26.6,0.9,28.9,0.91,31.7,0.05,0.05,615.4557,1776169918000
1776169920.458,120.458,0.13,43.0,0.12,24.6,0.11,26.6,0.1,28.9,0.09,31.7,0.18,5.0,0.19,10.0,0.2,5.0,0.21,20.7,0.22,20.2,0.82,5.0,0.81,10.0,0.8,5.0,0.79,20.7,0.78,20.2,0.87,43.0,0.88,24.6,0.89,26.6,0.9,28.9,0.91,31.7,0.05,0.05,615.45644,1776169919000
1776169920.976,120.976,0.13,43.0,0.12,24.6,0.11,26.6,0.1,28.9,0.09,31.7,0.18,5.0,0.19,10.0,0.2,5.0,0.21,20.7,0.22,20.2,0.82,5.0,0.81,10.0,0.8,5.0,0.79,20.7,0.78,20.2,0.87,43.0,0.88,24.6,0.89,26.6,0.9,28.9,0.91,31.7,0.05,0.05,615.44547,1776169920000
1776169922.255,122.255,0.13,43.0,0.12,24.6,0.11,26.6,0.1,28.9,0.09,31.7,0.18,5.0,0.19,10.0,0.2,5.0,0.21,20.7,0.22,20.2,0.82,5.0,0.81,10.0,0.8,5.0,0.79,20.7,0.78,20.2,0.87,43.0,0.88,24.6,0.89,26.6,0.9,28.9,0.91,31.7,0.05,0.05,615.4467,1776169921000
1776169923.481,123.481,0.13,43.0,0.12,24.6,0.11,26.6,0.1,28.9,0.09,31.7,0.18,5.0,0.19,10.0,0.2,5.0,0.21,20.7,0.22,20.2,0.82,5.0,0.81,10.0,0.8,5.0,0.79,20.7,0.78,20.2,0.87,43.0,0.88,24.6,0.89,26.6,0.9,28.9,0.91,31.7,0.05,0.05,615.45137,1776169922000
1776169924.087,124.087,0.13,43.0,0.12,24.6,0.11,26.6,0.1,28.9,0.09,31.7,0.18,5.0,0.19,10.0,0.2,5.0,0.21,20.7,0.22,20.2,0.82,5.0,0.81,10.0,0.8,5.0,0.79,20.7,0.78,20.2,0.87,43.0,0.88,24.6,0.89,26.6,0.9,28.9,0.91,31.7,0.05,0.05,615.46836,1776169923000
1776169924.368,124.368,0.13,48.0,0.11,76.6,0.1,33.9,0.09,31.7,0.08,35.29,0.31,10.7,0.32,21.9,0.33,11.8,0.34,11.6,0.35,11.4,0.82,5.0,0.81,10.0,0.8,5.0,0.79,20.7,0.78,20.2,0.87,43.0,0.88,24.6,0.89,26.6,0.9,28.9,0.91,31.7,0.18,0.05,615.46836,1776169923000
1776169925.896,125.896,0.13,48.0,0.11,76.6,0.1,33.9,0.09,31.7,0.08,35.29,0.31,10.7,0.32,21.9,0.33,11.8,0.34,11.6,0.35,11.4,0.69,10.7,0.68,21.9,0.67,11.8,0.66,11.6,0.65,11.4,0.87,48.0,0.89,76.6,0.9,33.9,0.91,31.7,0.92,35.29,0.18,0.18,615.515043,1776169924000
1776169926.521,126.521,0.13,48.0,0.11,76.6,0.1,33.9,0.09,31.7,0.08,35.29,0.31,10.7,0.32,21.9,0.33,11.8,0.34,11.6,0.35,11.4,0.69,10.7,0.68,21.9,0.67,11.8,0.66,11.6,0.65,11.4,0.87,48.0,0.89,76.6,0.9,33.9,0.91,31.7,0.92,35.29,0.18,0.18,615.562,1776169925000
1776169927.187,127.187,0.13,48.0,0.11,76.6,0.1,33.9,0.09,31.7,0.08,35.29,0.31,10.7,0.32,21.9,0.33,11.8,0.34,11.6,0.35,11.4,0.69,10.7,0.68,21.9,0.67,11.8,0.66,11.6,0.65,11.4,0.87,48.0,0.89,76.6,0.9,33.9,0.91,31.7,0.92,35.29,0.18,0.18,615.562,1776169926000
1776169927.447,127.447,0.13,61.62,0.12,24.6,0.11,76.6,0.1,28.9,0.09,36.7,0.27,19.2,0.28,12.9,0.29,18.6,0.3,12.4,0.31,10.7,0.69,10.7,0.68,21.9,0.67,11.8,0.66,11.6,0.65,11.4,0.87,48.0,0.89,76.6,0.9,33.9,0.91,31.7,0.92,35.29,0.14,0.18,615.562,1776169926000
1776169928.414,128.414,0.13,61.62,0.12,24.6,0.11,76.6,0.1,28.9,0.09,36.7,0.27,19.2,0.28,12.9,0.29,18.6,0.3,12.4,0.31,10.7,0.73,19.2,0.72,12.9,0.71,18.6,0.7,12.4,0.69,10.7,0.87,61.62,0.88,24.6,0.89,76.6,0.9,28.9,0.91,36.7,0.14,0.14,615.62149,1776169927000
1776169929.074,129.074,0.13,61.62,0.12,24.6,0.11,76.6,0.1,28.9,0.09,36.7,0.27,19.2,0.28,12.9,0.29,18.6,0.3,12.4,0.31,10.7,0.73,19.2,0.72,12.9,0.71,18.6,0.7,12.4,0.69,10.7,0.87,61.62,0.88,24.6,0.89,76.6,0.9,28.9,0.91,36.7,0.14,0.14,615.62122,1776169928000
1776169930.438,130.438,0.13,61.62,0.12,24.6,0.11,76.6,0.1,28.9,0.09,36.7,0.27,19.2,0.28,12.9,0.29,18.6,0.3,12.4,0.31,10.7,0.73,19.2,0.72,12.9,0.71,18.6,0.7,12.4,0.69,10.7,0.87,61.62,0.88,24.6,0.89,76.6,0.9,28.9,0.91,36.7,0.14,0.14,615.62122,1776169929000
1776169931.042,131.042,0.13,61.62,0.12,24.6,0.11,76.6,0.1,28.9,0.09,36.7,0.27,19.2,0.28,12.9,0.29,18.6,0.3,12.4,0.31,10.7,0.73,19.2,0.72,12.9,0.71,18.6,0.7,12.4,0.69,10.7,0.87,61.62,0.88,24.6,0.89,76.6,0.9,28.9,0.91,36.7,0.14,0.14,615.605642,1776169930000
1776169932.374,132.374,0.13,61.62,0.12,24.6,0.11,76.6,0.1,28.9,0.09,36.7,0.27,19.2,0.28,12.9,0.29,18.6,0.3,12.4,0.31,10.7,0.73,19.2,0.72,12.9,0.71,18.6,0.7,12.4,0.69,10.7,0.87,61.62,0.88,24.6,0.89,76.6,0.9,28.9,0.91,36.7,0.14,0.14,615.633486,1776169931000
1776169932.994,132.994,0.13,61.62,0.12,24.6,0.11,76.6,0.1,28.9,0.09,36.7,0.27,19.2,0.28,12.9,0.29,18.6,0.3,12.4,0.31,10.7,0.73,19.2,0.72,12.9,0.71,18.6,0.7,12.4,0.69,10.7,0.87,61.62,0.88,24.6,0.89,76.6,0.9,28.9,0.91,36.7,0.14,0.14,615.638,1776169932000
1776169934.366,134.366,0.13,61.62,0.12,24.6,0.11,76.6,0.1,28.9,0.09,36.7,0.27,19.2,0.28,12.9,0.29,18.6,0.3,12.4,0.31,10.7,0.73,19.2,0.72,12.9,0.71,18.6,0.7,12.4,0.69,10.7,0.87,61.62,0.88,24.6,0.89,76.6,0.9,28.9,0.91,36.7,0.14,0.14,615.65975,1776169933000
1776169935.58,135.58,0.13,61.62,0.12,24.6,0.11,76.6,0.1,28.9,0.09,36.7,0.27,19.2,0.28,12.9,0.29,18.6,0.3,12.4,0.31,10.7,0.73,19.2,0.72,12.9,0.71,18.6,0.7,12.4,0.69,10.7,0.87,61.62,0.88,24.6,0.89,76.6,0.9,28.9,0.91,36.7,0.14,0.14,615.6522,1776169934000
1776169936.251,136.251,0.13,61.62,0.12,24.6,0.11,76.6,0.1,28.9,0.09,36.7,0.27,19.2,0.28,12.9,0.29,18.6,0.3,12.4,0.31,10.7,0.73,19.2,0.72,12.9,0.71,18.6,0.7,12.4,0.69,10.7,0.87,61.62,0.88,24.6,0.89,76.6,0.9,28.9,0.91,36.7,0.14,0.14,615.646449,1776169935000
1776169937.501,137.501,0.13,61.62,0.12,24.6,0.11,76.6,0.1,28.9,0.09,36.7,0.27,19.2,0.28,12.9,0.29,18.6,0.3,12.4,0.31,10.7,0.73,19.2,0.72,12.9,0.71,18.6,0.7,12.4,0.69,10.7,0.87,61.62,0.88,24.6,0.89,76.6,0.9,28.9,0.91,36.7,0.14,0.14,615.647956,1776169936000
1776169938.267,138.267,0.13,61.62,0.12,24.6,0.11,76.6,0.1,28.9,0.09,36.7,0.27,19.2,0.28,12.9,0.29,18.6,0.3,12.4,0.31,10.7,0.73,19.2,0.72,12.9,0.71,18.6,0.7,12.4,0.69,10.7,0.87,61.62,0.88,24.6,0.89,76.6,0.9,28.9,0.91,36.7,0.14,0.14,615.64741,1776169937000
1776169939.388,139.388,0.13,61.62,0.12,24.6,0.11,76.6,0.1,28.9,0.09,36.7,0.27,19.2,0.28,12.9,0.29,18.6,0.3,12.4,0.31,10.7,0.73,19.2,0.72,12.9,0.71,18.6,0.7,12.4,0.69,10.7,0.87,61.62,0.88,24.6,0.89,76.6,0.9,28.9,0.91,36.7,0.14,0.14,615.683772,1776169938000
1776169940.031,140.031,0.13,61.62,0.12,24.6,0.11,76.6,0.1,28.9,0.09,36.7,0.27,19.2,0.28,12.9,0.29,18.6,0.3,12.4,0.31,10.7,0.73,19.2,0.72,12.9,0.71,18.6,0.7,12.4,0.69,10.7,0.87,61.62,0.88,24.6,0.89,76.6,0.9,28.9,0.91,36.7,0.14,0.14,615.683772,1776169939000
1776169941.492,141.492,0.13,61.62,0.12,24.6,0.11,76.6,0.1,28.9,0.09,36.7,0.27,19.2,0.28,12.9,0.29,18.6,0.3,12.4,0.31,10.7,0.73,19.2,0.72,12.9,0.71,18.6,0.7,12.4,0.69,10.7,0.87,61.62,0.88,24.6,0.89,76.6,0.9,28.9,0.91,36.7,0.14,0.14,615.681737,1776169940000
1776169942.554,142.554,0.13,61.62,0.12,24.6,0.11,76.6,0.1,28.9,0.09,36.7,0.27,19.2,0.28,12.9,0.29,18.6,0.3,12.4,0.31,10.7,0.73,19.2,0.72,12.9,0.71,18.6,0.7,12.4,0.69,10.7,0.87,61.62,0.88,24.6,0.89,76.6,0.9,28.9,0.91,36.7,0.14,0.14,615.688795,1776169941000
1776169943.063,143.063,0.13,61.62,0.12,24.6,0.11,76.6,0.1,28.9,0.09,36.7,0.27,19.2,0.28,12.9,0.29,18.6,0.3,12.4,0.31,10.7,0.73,19.2,0.72,12.9,0.71,18.6,0.7,12.4,0.69,10.7,0.87,61.62,0.88,24.6,0.89,76.6,0.9,28.9,0.91,36.7,0.14,0.14,615.69476,1776169942000
1776169944.045,144.045,0.13,61.62,0.12,24.6,0.11,76.6,0.1,28.9,0.09,36.7,0.27,19.2,0.28,12.9,0.29,18.6,0.3,12.4,0.31,10.7,0.73,19.2,0.72,12.9,0.71,18.6,0.7,12.4,0.69,10.7,0.87,61.62,0.88,24.6,0.89,76.6,0.9,28.9,0.91,36.7,0.14,0.14,615.745078,1776169943000
1776169945.188,145.188,0.13,61.62,0.12,24.6,0.11,76.6,0.1,28.9,0.09,36.7,0.27,19.2,0.28,12.9,0.29,18.6,0.3,12.4,0.31,10.7,0.73,19.2,0.72,12.9,0.71,18.6,0.7,12.4,0.69,10.7,0.87,61.62,0.88,24.6,0.89,76.6,0.9,28.9,0.91,36.7,0.14,0.14,615.71592,1776169944000
1776169946.273,146.273,0.13,61.62,0.12,24.6,0.11,76.6,0.1,28.9,0.09,36.7,0.27,19.2,0.28,12.9,0.29,18.6,0.3,12.4,0.31,10.7,0.73,19.2,0.72,12.9,0.71,18.6,0.7,12.4,0.69,10.7,0.87,61.62,0.88,24.6,0.89,76.6,0.9,28.9,0.91,36.7,0.14,0.14,615.71126,1776169945000
1776169946.908,146.908,0.27,5.0,0.25,5.0,0.21,50.0,0.2,16.2,0.19,16.89,0.32,2.0,0.36,11.3,0.37,11.2,0.38,11.0,0.39,10.9,0.73,19.2,0.72,12.9,0.71,18.6,0.7,12.4,0.69,10.7,0.87,61.62,0.88,24.6,0.89,76.6,0.9,28.9,0.91,36.7,0.05,0.14,615.71126,1776169945000
1776169947.48,147.48,0.27,5.0,0.25,5.0,0.21,50.0,0.2,16.2,0.19,16.89,0.32,2.0,0.36,11.3,0.37,11.2,0.38,11.0,0.39,10.9,0.68,2.0,0.64,11.3,0.63,11.2,0.62,11.0,0.61,10.9,0.73,5.0,0.75,5.0,0.79,50.0,0.8,16.2,0.81,16.89,0.05,0.05,615.70887,1776169946000
1776169948.317,148.317,0.27,5.0,0.25,5.0,0.21,50.0,0.2,16.2,0.19,16.89,0.32,2.0,0.36,11.3,0.37,11.2,0.38,11.0,0.39,10.9,0.68,2.0,0.64,11.3,0.63,11.2,0.62,11.0,0.61,10.9,0.73,5.0,0.75,5.0,0.79,50.0,0.8,16.2,0.81,16.89,0.05,0.05,615.740243,1776169947000
1776169948.98,148.98,0.27,5.0,0.25,5.0,0.21,50.0,0.2,16.2,0.19,16.89,0.32,2.0,0.36,11.3,0.37,11.2,0.38,11.0,0.39,10.9,0.68,2.0,0.64,11.3,0.63,11.2,0.62,11.0,0.61,10.9,0.73,5.0,0.75,5.0,0.79,50.0,0.8,16.2,0.81,16.89,0.05,0.05,615.812,1776169948000
1776169950.212,150.212,0.27,5.0,0.25,5.0,0.21,50.0,0.2,16.2,0.19,16.89,0.32,2.0,0.36,11.3,0.37,11.2,0.38,11.0,0.39,10.9,0.68,2.0,0.64,11.3,0.63,11.2,0.62,11.0,0.61,10.9,0.73,5.0,0.75,5.0,0.79,50.0,0.8,16.2,0.81,16.89,0.05,0.05,615.812,1776169949000
1776169951.231,151.231,0.27,5.0,0.25,5.0,0.21,50.0,0.2,16.2,0.19,16.89,0.32,2.0,0.36,11.3,0.37,11.2,0.38,11.0,0.39,10.9,0.68,2.0,0.64,11.3,0.63,11.2,0.62,11.0,0.61,10.9,0.73,5.0,0.75,5.0,0.79,50.0,0.8,16.2,0.81,16.89,0.05,0.05,615.801,1776169950000
1776169952.265,152.265,0.27,5.0,0.25,5.0,0.21,50.0,0.2,16.2,0.19,16.89,0.32,2.0,0.36,11.3,0.37,11.2,0.38,11.0,0.39,10.9,0.68,2.0,0.64,11.3,0.63,11.2,0.62,11.0,0.61,10.9,0.73,5.0,0.75,5.0,0.79,50.0,0.8,16.2,0.81,16.89,0.05,0.05,615.804,1776169951000
1776169953.284,153.284,0.27,5.0,0.25,5.0,0.21,50.0,0.2,16.2,0.19,16.89,0.32,2.0,0.36,11.3,0.37,11.2,0.38,11.0,0.39,10.9,0.68,2.0,0.64,11.3,0.63,11.2,0.62,11.0,0.61,10.9,0.73,5.0,0.75,5.0,0.79,50.0,0.8,16.2,0.81,16.89,0.05,0.05,615.792,1776169952000
1776169954.392,154.392,0.27,5.0,0.25,5.0,0.21,50.0,0.2,16.2,0.19,16.89,0.32,2.0,0.36,11.3,0.37,11.2,0.38,11.0,0.39,10.9,0.68,2.0,0.64,11.3,0.63,11.2,0.62,11.0,0.61,10.9,0.73,5.0,0.75,5.0,0.79,50.0,0.8,16.2,0.81,16.89,0.05,0.05,615.792,1776169953000
1776169955.02,155.02,0.27,5.0,0.25,5.0,0.21,50.0,0.2,16.2,0.19,16.89,0.32,2.0,0.36,11.3,0.37,11.2,0.38,11.0,0.39,10.9,0.68,2.0,0.64,11.3,0.63,11.2,0.62,11.0,0.61,10.9,0.73,5.0,0.75,5.0,0.79,50.0,0.8,16.2,0.81,16.89,0.05,0.05,615.786,1776169954000
1776169956.199,156.199,0.27,5.0,0.25,5.0,0.21,50.0,0.2,16.2,0.19,16.89,0.32,2.0,0.36,11.3,0.37,11.2,0.38,11.0,0.39,10.9,0.68,2.0,0.64,11.3,0.63,11.2,0.62,11.0,0.61,10.9,0.73,5.0,0.75,5.0,0.79,50.0,0.8,16.2,0.81,16.89,0.05,0.05,615.784,1776169955000
1776169957.047,157.047,0.27,5.0,0.25,5.0,0.21,50.0,0.2,16.2,0.19,16.89,0.32,2.0,0.36,11.3,0.37,11.2,0.38,11.0,0.39,10.9,0.68,2.0,0.64,11.3,0.63,11.2,0.62,11.0,0.61,10.9,0.73,5.0,0.75,5.0,0.79,50.0,0.8,16.2,0.81,16.89,0.05,0.05,615.776,1776169956000
1776169958.152,158.152,0.27,5.0,0.25,5.0,0.21,50.0,0.2,16.2,0.19,16.89,0.32,2.0,0.36,11.3,0.37,11.2,0.38,11.0,0.39,10.9,0.68,2.0,0.64,11.3,0.63,11.2,0.62,11.0,0.61,10.9,0.73,5.0,0.75,5.0,0.79,50.0,0.8,16.2,0.81,16.89,0.05,0.05,615.783,1776169957000
1776169959.279,159.279,0.27,5.0,0.25,5.0,0.21,50.0,0.2,16.2,0.19,16.89,0.32,2.0,0.36,11.3,0.37,11.2,0.38,11.0,0.39,10.9,0.68,2.0,0.64,11.3,0.63,11.2,0.62,11.0,0.61,10.9,0.73,5.0,0.75,5.0,0.79,50.0,0.8,16.2,0.81,16.89,0.05,0.05,615.787,1776169958000
1776169960.248,160.248,0.27,5.0,0.25,5.0,0.21,50.0,0.2,16.2,0.19,16.89,0.32,2.0,0.36,11.3,0.37,11.2,0.38,11.0,0.39,10.9,0.68,2.0,0.64,11.3,0.63,11.2,0.62,11.0,0.61,10.9,0.73,5.0,0.75,5.0,0.79,50.0,0.8,16.2,0.81,16.89,0.05,0.05,615.789,1776169959000
1776169961.396,161.396,0.27,5.0,0.25,5.0,0.21,50.0,0.2,16.2,0.19,16.89,0.32,2.0,0.36,11.3,0.37,11.2,0.38,11.0,0.39,10.9,0.68,2.0,0.64,11.3,0.63,11.2,0.62,11.0,0.61,10.9,0.73,5.0,0.75,5.0,0.79,50.0,0.8,16.2,0.81,16.89,0.05,0.05,615.791,1776169960000
1776169961.998,161.998,0.24,14.3,0.23,14.7,0.22,15.2,0.21,65.7,0.2,16.2,0.35,7.0,0.4,10.8,0.41,10.7,0.42,10.7,0.43,10.6,0.68,2.0,0.64,11.3,0.63,11.2,0.62,11.0,0.61,10.9,0.73,5.0,0.75,5.0,0.79,50.0,0.8,16.2,0.81,16.89,0.11,0.05,615.791,1776169960000
1776169962.381,162.381,0.24,14.3,0.23,14.7,0.22,15.2,0.21,65.7,0.2,16.2,0.35,7.0,0.4,10.8,0.41,10.7,0.42,10.7,0.43,10.6,0.65,7.0,0.6,10.8,0.59,10.7,0.58,10.7,0.57,10.6,0.76,14.3,0.77,14.7,0.78,15.2,0.79,65.7,0.8,16.2,0.11,0.11,615.795,1776169961000
1776169962.923,162.923,0.24,14.3,0.23,14.7,0.22,15.2,0.21,65.7,0.2,16.2,0.35,7.0,0.4,10.8,0.41,10.7,0.42,10.7,0.43,10.6,0.65,7.0,0.6,10.8,0.59,10.7,0.58,10.7,0.57,10.6,0.76,14.3,0.77,14.7,0.78,15.2,0.79,65.7,0.8,16.2,0.11,0.11,615.795,1776169962000
1776169964.026,164.026,0.24,14.3,0.23,14.7,0.22,15.2,0.21,65.7,0.2,16.2,0.35,7.0,0.4,10.8,0.41,10.7,0.42,10.7,0.43,10.6,0.65,7.0,0.6,10.8,0.59,10.7,0.58,10.7,0.57,10.6,0.76,14.3,0.77,14.7,0.78,15.2,0.79,65.7,0.8,16.2,0.11,0.11,615.799,1776169963000
1776169964.598,164.598,0.32,5.0,0.25,13.9,0.24,14.3,0.23,14.7,0.22,15.2,0.34,7.0,0.39,10.9,0.4,10.8,0.41,10.7,0.42,10.7,0.65,7.0,0.6,10.8,0.59,10.7,0.58,10.7,0.57,10.6,0.76,14.3,0.77,14.7,0.78,15.2,0.79,65.7,0.8,16.2,0.02,0.11,615.799,1776169963000
1776169965.126,165.126,0.32,5.0,0.25,13.9,0.24,14.3,0.23,14.7,0.22,15.2,0.34,7.0,0.39,10.9,0.4,10.8,0.41,10.7,0.42,10.7,0.66,7.0,0.61,10.9,0.6,10.8,0.59,10.7,0.58,10.7,0.68,5.0,0.75,13.9,0.76,14.3,0.77,14.7,0.78,15.2,0.02,0.02,615.822744,1776169964000
1776169966.197,166.197,0.32,5.0,0.25,13.9,0.24,14.3,0.23,14.7,0.22,15.2,0.34,7.0,0.39,10.9,0.4,10.8,0.41,10.7,0.42,10.7,0.66,7.0,0.61,10.9,0.6,10.8,0.59,10.7,0.58,10.7,0.68,5.0,0.75,13.9,0.76,14.3,0.77,14.7,0.78,15.2,0.02,0.02,615.796329,1776169965000
1776169967.252,167.252,0.25,13.9,0.24,14.3,0.23,14.7,0.22,15.2,0.21,65.7,0.33,7.0,0.39,10.9,0.4,10.8,0.41,10.7,0.42,10.7,0.67,7.0,0.61,10.9,0.6,10.8,0.59,10.7,0.58,10.7,0.75,13.9,0.76,14.3,0.77,14.7,0.78,15.2,0.79,65.7,0.08,0.08,615.796282,1776169966000
1776169968.273,168.273,0.25,13.9,0.24,14.3,0.23,14.7,0.22,15.2,0.21,65.7,0.33,7.0,0.39,10.9,0.4,10.8,0.41,10.7,0.42,10.7,0.67,7.0,0.61,10.9,0.6,10.8,0.59,10.7,0.58,10.7,0.75,13.9,0.76,14.3,0.77,14.7,0.78,15.2,0.79,65.7,0.08,0.08,615.796065,1776169967000
1776169969.388,169.388,0.22,15.2,0.21,65.7,0.2,16.2,0.19,16.89,0.18,17.6,0.37,11.2,0.38,11.0,0.39,10.9,0.4,10.8,0.41,10.7,0.63,11.2,0.62,11.0,0.61,10.9,0.6,10.8,0.59,10.7,0.78,15.2,0.79,65.7,0.8,16.2,0.81,16.89,0.82,17.6,0.15,0.15,615.793564,1776169968000
1776169969.853,169.853,0.22,15.2,0.21,65.7,0.2,16.2,0.19,16.89,0.18,17.6,0.37,11.2,0.38,11.0,0.39,10.9,0.4,10.8,0.41,10.7,0.63,11.2,0.62,11.0,0.61,10.9,0.6,10.8,0.59,10.7,0.78,15.2,0.79,65.7,0.8,16.2,0.81,16.89,0.82,17.6,0.15,0.15,615.793564,1776169969000
1776169970.937,170.937,0.22,15.2,0.21,65.7,0.2,16.2,0.19,16.89,0.18,17.6,0.37,11.2,0.38,11.0,0.39,10.9,0.4,10.8,0.41,10.7,0.63,11.2,0.62,11.0,0.61,10.9,0.6,10.8,0.59,10.7,0.78,15.2,0.79,65.7,0.8,16.2,0.81,16.89,0.82,17.6,0.15,0.15,615.7933,1776169970000
1776169972.028,172.028,0.21,71.7,0.2,16.2,0.19,16.89,0.18,17.6,0.17,18.39,0.32,7.0,0.34,11.6,0.35,17.4,0.36,11.3,0.37,11.2,0.63,11.2,0.62,11.0,0.61,10.9,0.6,10.8,0.59,10.7,0.78,15.2,0.79,65.7,0.8,16.2,0.81,16.89,0.82,17.6,0.11,0.15,615.7933,1776169970000
1776169973.264,173.264,0.21,71.7,0.2,16.2,0.19,16.89,0.18,17.6,0.17,18.39,0.32,7.0,0.34,11.6,0.35,17.4,0.36,11.3,0.37,11.2,0.68,7.0,0.66,11.6,0.65,17.4,0.64,11.3,0.63,11.2,0.79,71.7,0.8,16.2,0.81,16.89,0.82,17.6,0.83,18.39,0.11,0.11,615.793308,1776169972000
1776169974.381,174.381,0.21,71.7,0.2,16.2,0.19,16.89,0.18,17.6,0.17,18.39,0.32,7.0,0.34,11.6,0.35,17.4,0.36,11.3,0.37,11.2,0.68,7.0,0.66,11.6,0.65,17.4,0.64,11.3,0.63,11.2,0.79,71.7,0.8,16.2,0.81,16.89,0.82,17.6,0.83,18.39,0.11,0.11,615.792174,1776169973000
1776169974.898,174.898,0.21,71.7,0.2,16.2,0.19,16.89,0.18,17.6,0.17,18.39,0.32,7.0,0.34,11.6,0.35,17.4,0.36,11.3,0.37,11.2,0.68,7.0,0.66,11.6,0.65,17.4,0.64,11.3,0.63,11.2,0.79,71.7,0.8,16.2,0.81,16.89,0.82,17.6,0.83,18.39,0.11,0.11,615.792174,1776169974000
1776169976.013,176.013,0.21,71.7,0.2,16.2,0.19,16.89,0.18,17.6,0.17,18.39,0.32,7.0,0.34,11.6,0.35,17.4,0.36,11.3,0.37,11.2,0.68,7.0,0.66,11.6,0.65,17.4,0.64,11.3,0.63,11.2,0.79,71.7,0.8,16.2,0.81,16.89,0.82,17.6,0.83,18.39,0.11,0.11,615.793,1776169975000
1776169977.076,177.076,0.21,71.7,0.2,16.2,0.19,16.89,0.18,17.6,0.17,18.39,0.32,7.0,0.34,11.6,0.35,17.4,0.36,11.3,0.37,11.2,0.68,7.0,0.66,11.6,0.65,17.4,0.64,11.3,0.63,11.2,0.79,71.7,0.8,16.2,0.81,16.89,0.82,17.6,0.83,18.39,0.11,0.11,615.796,1776169976000
1776169978.144,178.144,0.21,71.7,0.2,16.2,0.19,16.89,0.18,17.6,0.17,18.39,0.32,7.0,0.34,11.6,0.35,17.4,0.36,11.3,0.37,11.2,0.68,7.0,0.66,11.6,0.65,17.4,0.64,11.3,0.63,11.2,0.79,71.7,0.8,16.2,0.81,16.89,0.82,17.6,0.83,18.39,0.11,0.11,615.826,1776169977000
1776169979.213,179.213,0.21,71.7,0.2,16.2,0.19,16.89,0.18,17.6,0.17,18.39,0.32,7.0,0.34,11.6,0.35,17.4,0.36,11.3,0.37,11.2,0.68,7.0,0.66,11.6,0.65,17.4,0.64,11.3,0.63,11.2,0.79,71.7,0.8,16.2,0.81,16.89,0.82,17.6,0.83,18.39,0.11,0.11,615.822,1776169978000
1776169980.252,180.252,0.21,71.7,0.2,16.2,0.19,16.89,0.18,17.6,0.17,18.39,0.32,7.0,0.34,11.6,0.35,17.4,0.36,11.3,0.37,11.2,0.68,7.0,0.66,11.6,0.65,17.4,0.64,11.3,0.63,11.2,0.79,71.7,0.8,16.2,0.81,16.89,0.82,17.6,0.83,18.39,0.11,0.11,615.823,1776169979000
1776169981.33,181.33,0.21,71.7,0.2,16.2,0.19,16.89,0.18,17.6,0.17,18.39,0.32,7.0,0.34,11.6,0.35,17.4,0.36,11.3,0.37,11.2,0.68,7.0,0.66,11.6,0.65,17.4,0.64,11.3,0.63,11.2,0.79,71.7,0.8,16.2,0.81,16.89,0.82,17.6,0.83,18.39,0.11,0.11,615.823,1776169980000
1776169981.88,181.88,0.21,71.7,0.2,16.2,0.19,16.89,0.18,17.6,0.17,18.39,0.32,7.0,0.34,11.6,0.35,17.4,0.36,11.3,0.37,11.2,0.68,7.0,0.66,11.6,0.65,17.4,0.64,11.3,0.63,11.2,0.79,71.7,0.8,16.2,0.81,16.89,0.82,17.6,0.83,18.39,0.11,0.11,615.823,1776169981000
1776169982.917,182.917,0.21,71.7,0.2,16.2,0.19,16.89,0.18,17.6,0.17,18.39,0.32,7.0,0.34,11.6,0.35,17.4,0.36,11.3,0.37,11.2,0.68,7.0,0.66,11.6,0.65,17.4,0.64,11.3,0.63,11.2,0.79,71.7,0.8,16.2,0.81,16.89,0.82,17.6,0.83,18.39,0.11,0.11,615.817,1776169982000
1776169984.054,184.054,0.21,71.7,0.2,16.2,0.19,16.89,0.18,17.6,0.17,18.39,0.32,7.0,0.34,11.6,0.35,17.4,0.36,11.3,0.37,11.2,0.68,7.0,0.66,11.6,0.65,17.4,0.64,11.3,0.63,11.2,0.79,71.7,0.8,16.2,0.81,16.89,0.82,17.6,0.83,18.39,0.11,0.11,615.849,1776169983000
1776169985.104,185.104,0.21,71.7,0.2,16.2,0.19,16.89,0.18,17.6,0.17,18.39,0.32,7.0,0.34,11.6,0.35,17.4,0.36,11.3,0.37,11.2,0.68,7.0,0.66,11.6,0.65,17.4,0.64,11.3,0.63,11.2,0.79,71.7,0.8,16.2,0.81,16.89,0.82,17.6,0.83,18.39,0.11,0.11,615.843,1776169984000
1776169985.651,185.651,0.14,5.0,0.13,28.62,0.12,24.6,0.11,76.6,0.1,28.9,0.3,5.0,0.35,16.4,0.36,11.3,0.37,21.2,0.38,11.0,0.68,7.0,0.66,11.6,0.65,17.4,0.64,11.3,0.63,11.2,0.79,71.7,0.8,16.2,0.81,16.89,0.82,17.6,0.83,18.39,0.16,0.11,615.843,1776169984000
1776169986.075,186.075,0.14,5.0,0.13,28.62,0.12,24.6,0.11,76.6,0.1,28.9,0.3,5.0,0.35,16.4,0.36,11.3,0.37,21.2,0.38,11.0,0.7,5.0,0.65,16.4,0.64,11.3,0.63,21.2,0.62,11.0,0.86,5.0,0.87,28.62,0.88,24.6,0.89,76.6,0.9,28.9,0.16,0.16,615.831403,1776169985000
1776169987.071,187.071,0.14,5.0,0.13,28.62,0.12,24.6,0.11,76.6,0.1,28.9,0.3,5.0,0.35,16.4,0.36,11.3,0.37,21.2,0.38,11.0,0.7,5.0,0.65,16.4,0.64,11.3,0.63,21.2,0.62,11.0,0.86,5.0,0.87,28.62,0.88,24.6,0.89,76.6,0.9,28.9,0.16,0.16,615.785581,1776169986000
1776169988.083,188.083,0.14,5.0,0.13,28.62,0.12,24.6,0.11,76.6,0.1,28.9,0.3,5.0,0.35,16.4,0.36,11.3,0.37,21.2,0.38,11.0,0.7,5.0,0.65,16.4,0.64,11.3,0.63,21.2,0.62,11.0,0.86,5.0,0.87,28.62,0.88,24.6,0.89,76.6,0.9,28.9,0.16,0.16,615.72908,1776169987000
1776169989.0,189.0,0.14,5.0,0.13,28.62,0.12,24.6,0.11,76.6,0.1,28.9,0.3,5.0,0.35,16.4,0.36,11.3,0.37,21.2,0.38,11.0,0.7,5.0,0.65,16.4,0.64,11.3,0.63,21.2,0.62,11.0,0.86,5.0,0.87,28.62,0.88,24.6,0.89,76.6,0.9,28.9,0.16,0.16,615.6992,1776169988000
1776169990.171,190.171,0.14,5.0,0.13,28.62,0.12,24.6,0.11,76.6,0.1,28.9,0.3,5.0,0.35,16.4,0.36,11.3,0.37,21.2,0.38,11.0,0.7,5.0,0.65,16.4,0.64,11.3,0.63,21.2,0.62,11.0,0.86,5.0,0.87,28.62,0.88,24.6,0.89,76.6,0.9,28.9,0.16,0.16,615.68569,1776169989000
1776169990.577,190.577,0.13,28.62,0.11,50.0,0.1,28.9,0.09,31.7,0.08,35.29,0.27,7.43,0.28,12.9,0.29,12.6,0.3,17.4,0.31,12.2,0.7,5.0,0.65,16.4,0.64,11.3,0.63,21.2,0.62,11.0,0.86,5.0,0.87,28.62,0.88,24.6,0.89,76.6,0.9,28.9,0.14,0.16,615.68569,1776169989000
1776169991.086,191.086,0.13,28.62,0.11,50.0,0.1,28.9,0.09,31.7,0.08,35.29,0.27,7.43,0.28,12.9,0.29,12.6,0.3,17.4,0.31,12.2,0.73,7.43,0.72,12.9,0.71,12.6,0.7,17.4,0.69,12.2,0.87,28.62,0.89,50.0,0.9,28.9,0.91,31.7,0.92,35.29,0.14,0.14,615.706,1776169990000
1776169991.381,191.381,0.1,7.52,0.09,31.7,0.08,35.29,0.07,44.9,0.06,51.1,0.24,19.3,0.25,13.9,0.27,7.43,0.28,12.9,0.29,12.6,0.73,7.43,0.72,12.9,0.71,12.6,0.7,17.4,0.69,12.2,0.87,28.62,0.89,50.0,0.9,28.9,0.91,31.7,0.92,35.29,0.14,0.14,615.706,1776169990000
1776169992.067,192.067,0.1,7.52,0.09,31.7,0.08,35.29,0.07,44.9,0.06,51.1,0.24,19.3,0.25,13.9,0.27,7.43,0.28,12.9,0.29,12.6,0.76,19.3,0.75,13.9,0.73,7.43,0.72,12.9,0.71,12.6,0.9,7.52,0.91,31.7,0.92,35.29,0.93,44.9,0.94,51.1,0.14,0.14,615.701068,1776169991000
1776169993.041,193.041,0.1,7.52,0.09,31.7,0.08,35.29,0.07,44.9,0.06,51.1,0.24,19.3,0.25,13.9,0.27,7.43,0.28,12.9,0.29,12.6,0.76,19.3,0.75,13.9,0.73,7.43,0.72,12.9,0.71,12.6,0.9,7.52,0.91,31.7,0.92,35.29,0.93,44.9,0.94,51.1,0.14,0.14,615.67863,1776169992000
1776169993.964,193.964,0.1,7.52,0.09,31.7,0.08,35.29,0.07,44.9,0.06,51.1,0.24,19.3,0.25,13.9,0.27,7.43,0.28,12.9,0.29,12.6,0.76,19.3,0.75,13.9,0.73,7.43,0.72,12.9,0.71,12.6,0.9,7.52,0.91,31.7,0.92,35.29,0.93,44.9,0.94,51.1,0.14,0.14,615.67559,1776169993000
1776169994.928,194.928,0.1,7.52,0.09,31.7,0.08,35.29,0.07,44.9,0.06,51.1,0.24,19.3,0.25,13.9,0.27,7.43,0.28,12.9,0.29,12.6,0.76,19.3,0.75,13.9,0.73,7.43,0.72,12.9,0.71,12.6,0.9,7.52,0.91,31.7,0.92,35.29,0.93,44.9,0.94,51.1,0.14,0.14,615.64222,1776169994000
1776169995.949,195.949,0.1,7.52,0.09,31.7,0.08,35.29,0.07,44.9,0.06,51.1,0.24,19.3,0.25,13.9,0.27,7.43,0.28,12.9,0.29,12.6,0.76,19.3,0.75,13.9,0.73,7.43,0.72,12.9,0.71,12.6,0.9,7.52,0.91,31.7,0.92,35.29,0.93,44.9,0.94,51.1,0.14,0.14,615.63509,1776169995000
1776169996.921,196.921,0.1,7.52,0.09,31.7,0.08,35.29,0.07,44.9,0.06,51.1,0.24,19.3,0.25,13.9,0.27,7.43,0.28,12.9,0.29,12.6,0.76,19.3,0.75,13.9,0.73,7.43,0.72,12.9,0.71,12.6,0.9,7.52,0.91,31.7,0.92,35.29,0.93,44.9,0.94,51.1,0.14,0.14,615.64639,1776169996000
1776169997.904,197.904,0.1,7.52,0.09,31.7,0.08,35.29,0.07,44.9,0.06,51.1,0.24,19.3,0.25,13.9,0.27,7.43,0.28,12.9,0.29,12.6,0.76,19.3,0.75,13.9,0.73,7.43,0.72,12.9,0.71,12.6,0.9,7.52,0.91,31.7,0.92,35.29,0.93,44.9,0.94,51.1,0.14,0.14,615.63859,1776169997000
1776169998.983,198.983,0.1,7.52,0.09,31.7,0.08,35.29,0.07,44.9,0.06,51.1,0.24,19.3,0.25,13.9,0.27,7.43,0.28,12.9,0.29,12.6,0.76,19.3,0.75,13.9,0.73,7.43,0.72,12.9,0.71,12.6,0.9,7.52,0.91,31.7,0.92,35.29,0.93,44.9,0.94,51.1,0.14,0.14,615.63133,1776169998000
1776169999.894,199.894,0.1,7.52,0.09,31.7,0.08,35.29,0.07,44.9,0.06,51.1,0.24,19.3,0.25,13.9,0.27,7.43,0.28,12.9,0.29,12.6,0.76,19.3,0.75,13.9,0.73,7.43,0.72,12.9,0.71,12.6,0.9,7.52,0.91,31.7,0.92,35.29,0.93,44.9,0.94,51.1,0.14,0.14,615.595505,1776169999000
1776170000.893,200.893,0.1,7.52,0.09,31.7,0.08,35.29,0.07,44.9,0.06,51.1,0.24,19.3,0.25,13.9,0.27,7.43,0.28,12.9,0.29,12.6,0.76,19.3,0.75,13.9,0.73,7.43,0.72,12.9,0.71,12.6,0.9,7.52,0.91,31.7,0.92,35.29,0.93,44.9,0.94,51.1,0.14,0.14,615.60649,1776170000000
1776170001.89,201.89,0.1,7.52,0.09,31.7,0.08,35.29,0.07,44.9,0.06,51.1,0.24,19.3,0.25,13.9,0.27,7.43,0.28,12.9,0.29,12.6,0.76,19.3,0.75,13.9,0.73,7.43,0.72,12.9,0.71,12.6,0.9,7.52,0.91,31.7,0.92,35.29,0.93,44.9,0.94,51.1,0.14,0.14,615.686,1776170001000
1776170002.91,202.91,0.1,7.52,0.09,31.7,0.08,35.29,0.07,44.9,0.06,51.1,0.24,19.3,0.25,13.9,0.27,7.43,0.28,12.9,0.29,12.6,0.76,19.3,0.75,13.9,0.73,7.43,0.72,12.9,0.71,12.6,0.9,7.52,0.91,31.7,0.92,35.29,0.93,44.9,0.94,51.1,0.14,0.14,615.705101,1776170002000
1776170003.82,203.82,0.1,7.52,0.09,31.7,0.08,35.29,0.07,44.9,0.06,51.1,0.24,19.3,0.25,13.9,0.27,7.43,0.28,12.9,0.29,12.6,0.76,19.3,0.75,13.9,0.73,7.43,0.72,12.9,0.71,12.6,0.9,7.52,0.91,31.7,0.92,35.29,0.93,44.9,0.94,51.1,0.14,0.14,615.701443,1776170003000
1776170005.364,205.364,0.1,7.52,0.09,31.7,0.08,35.29,0.07,44.9,0.06,51.1,0.24,19.3,0.25,13.9,0.27,7.43,0.28,12.9,0.29,12.6,0.76,19.3,0.75,13.9,0.73,7.43,0.72,12.9,0.71,12.6,0.9,7.52,0.91,31.7,0.92,35.29,0.93,44.9,0.94,51.1,0.14,0.14,615.67658,1776170004000
1776170006.218,206.218,0.1,7.52,0.09,31.7,0.08,35.29,0.07,44.9,0.06,51.1,0.24,19.3,0.25,13.9,0.27,7.43,0.28,12.9,0.29,12.6,0.76,19.3,0.75,13.9,0.73,7.43,0.72,12.9,0.71,12.6,0.9,7.52,0.91,31.7,0.92,35.29,0.93,44.9,0.94,51.1,0.14,0.14,615.67196,1776170005000
1776170007.21,207.21,0.1,7.52,0.09,31.7,0.08,35.29,0.07,44.9,0.06,51.1,0.24,19.3,0.25,13.9,0.27,7.43,0.28,12.9,0.29,12.6,0.76,19.3,0.75,13.9,0.73,7.43,0.72,12.9,0.71,12.6,0.9,7.52,0.91,31.7,0.92,35.29,0.93,44.9,0.94,51.1,0.14,0.14,615.68101,1776170006000
1776170008.174,208.174,0.1,7.52,0.09,31.7,0.08,35.29,0.07,44.9,0.06,51.1,0.24,19.3,0.25,13.9,0.27,7.43,0.28,12.9,0.29,12.6,0.76,19.3,0.75,13.9,0.73,7.43,0.72,12.9,0.71,12.6,0.9,7.52,0.91,31.7,0.92,35.29,0.93,44.9,0.94,51.1,0.14,0.14,615.66965,1776170007000
1776170009.212,209.212,0.1,7.52,0.09,31.7,0.08,35.29,0.07,44.9,0.06,51.1,0.24,19.3,0.25,13.9,0.27,7.43,0.28,12.9,0.29,12.6,0.76,19.3,0.75,13.9,0.73,7.43,0.72,12.9,0.71,12.6,0.9,7.52,0.91,31.7,0.92,35.29,0.93,44.9,0.94,51.1,0.14,0.14,615.66965,1776170008000
1776170010.663,210.663,0.1,7.52,0.09,31.7,0.08,35.29,0.07,44.9,0.06,51.1,0.24,19.3,0.25,13.9,0.27,7.43,0.28,12.9,0.29,12.6,0.76,19.3,0.75,13.9,0.73,7.43,0.72,12.9,0.71,12.6,0.9,7.52,0.91,31.7,0.92,35.29,0.93,44.9,0.94,51.1,0.14,0.14,615.702568,1776170009000
1776170011.069,211.069,0.1,7.52,0.09,31.7,0.08,35.29,0.07,44.9,0.06,51.1,0.24,19.3,0.25,13.9,0.27,7.43,0.28,12.9,0.29,12.6,0.76,19.3,0.75,13.9,0.73,7.43,0.72,12.9,0.71,12.6,0.9,7.52,0.91,31.7,0.92,35.29,0.93,44.9,0.94,51.1,0.14,0.14,615.730584,1776170010000
1776170012.167,212.167,0.1,7.52,0.09,31.7,0.08,35.29,0.07,44.9,0.06,51.1,0.24,19.3,0.25,13.9,0.27,7.43,0.28,12.9,0.29,12.6,0.76,19.3,0.75,13.9,0.73,7.43,0.72,12.9,0.71,12.6,0.9,7.52,0.91,31.7,0.92,35.29,0.93,44.9,0.94,51.1,0.14,0.14,615.7119,1776170011000
1776170013.144,213.144,0.1,7.52,0.09,31.7,0.08,35.29,0.07,44.9,0.06,51.1,0.24,19.3,0.25,13.9,0.27,7.43,0.28,12.9,0.29,12.6,0.76,19.3,0.75,13.9,0.73,7.43,0.72,12.9,0.71,12.6,0.9,7.52,0.91,31.7,0.92,35.29,0.93,44.9,0.94,51.1,0.14,0.14,615.71677,1776170012000
1776170014.034,214.034,0.1,7.52,0.09,31.7,0.08,35.29,0.07,44.9,0.06,51.1,0.24,19.3,0.25,13.9,0.27,7.43,0.28,12.9,0.29,12.6,0.76,19.3,0.75,13.9,0.73,7.43,0.72,12.9,0.71,12.6,0.9,7.52,0.91,31.7,0.92,35.29,0.93,44.9,0.94,51.1,0.14,0.14,615.69134,1776170013000
1776170015.024,215.024,0.1,7.52,0.09,31.7,0.08,35.29,0.07,44.9,0.06,51.1,0.24,19.3,0.25,13.9,0.27,7.43,0.28,12.9,0.29,12.6,0.76,19.3,0.75,13.9,0.73,7.43,0.72,12.9,0.71,12.6,0.9,7.52,0.91,31.7,0.92,35.29,0.93,44.9,0.94,51.1,0.14,0.14,615.69166,1776170014000
1776170016.115,216.115,0.1,7.52,0.09,31.7,0.08,35.29,0.07,44.9,0.06,51.1,0.24,19.3,0.25,13.9,0.27,7.43,0.28,12.9,0.29,12.6,0.76,19.3,0.75,13.9,0.73,7.43,0.72,12.9,0.71,12.6,0.9,7.52,0.91,31.7,0.92,35.29,0.93,44.9,0.94,51.1,0.14,0.14,615.699882,1776170015000
1776170017.016,217.016,0.1,7.52,0.09,31.7,0.08,35.29,0.07,44.9,0.06,51.1,0.24,19.3,0.25,13.9,0.27,7.43,0.28,12.9,0.29,12.6,0.76,19.3,0.75,13.9,0.73,7.43,0.72,12.9,0.71,12.6,0.9,7.52,0.91,31.7,0.92,35.29,0.93,44.9,0.94,51.1,0.14,0.14,615.738711,1776170016000
1776170017.972,217.972,0.1,7.52,0.09,31.7,0.08,35.29,0.07,44.9,0.06,51.1,0.24,19.3,0.25,13.9,0.27,7.43,0.28,12.9,0.29,12.6,0.76,19.3,0.75,13.9,0.73,7.43,0.72,12.9,0.71,12.6,0.9,7.52,0.91,31.7,0.92,35.29,0.93,44.9,0.94,51.1,0.14,0.14,615.733235,1776170017000
1776170018.929,218.929,0.1,7.52,0.09,31.7,0.08,35.29,0.07,44.9,0.06,51.1,0.24,19.3,0.25,13.9,0.27,7.43,0.28,12.9,0.29,12.6,0.76,19.3,0.75,13.9,0.73,7.43,0.72,12.9,0.71,12.6,0.9,7.52,0.91,31.7,0.92,35.29,0.93,44.9,0.94,51.1,0.14,0.14,615.73046,1776170018000
1776170019.954,219.954,0.1,7.52,0.09,31.7,0.08,35.29,0.07,44.9,0.06,51.1,0.24,19.3,0.25,13.9,0.27,7.43,0.28,12.9,0.29,12.6,0.76,19.3,0.75,13.9,0.73,7.43,0.72,12.9,0.71,12.6,0.9,7.52,0.91,31.7,0.92,35.29,0.93,44.9,0.94,51.1,0.14,0.14,615.72694,1776170019000
1776170020.929,220.929,0.1,7.52,0.09,31.7,0.08,35.29,0.07,44.9,0.06,51.1,0.24,19.3,0.25,13.9,0.27,7.43,0.28,12.9,0.29,12.6,0.76,19.3,0.75,13.9,0.73,7.43,0.72,12.9,0.71,12.6,0.9,7.52,0.91,31.7,0.92,35.29,0.93,44.9,0.94,51.1,0.14,0.14,615.71799,1776170020000
1776170021.908,221.908,0.1,7.52,0.09,31.7,0.08,35.29,0.07,44.9,0.06,51.1,0.24,19.3,0.25,13.9,0.27,7.43,0.28,12.9,0.29,12.6,0.76,19.3,0.75,13.9,0.73,7.43,0.72,12.9,0.71,12.6,0.9,7.52,0.91,31.7,0.92,35.29,0.93,44.9,0.94,51.1,0.14,0.14,615.69195,1776170021000
1776170023.419,223.419,0.1,7.52,0.09,31.7,0.08,35.29,0.07,44.9,0.06,51.1,0.24,19.3,0.25,13.9,0.27,7.43,0.28,12.9,0.29,12.6,0.76,19.3,0.75,13.9,0.73,7.43,0.72,12.9,0.71,12.6,0.9,7.52,0.91,31.7,0.92,35.29,0.93,44.9,0.94,51.1,0.14,0.14,615.712329,1776170022000
1776170023.966,223.966,0.1,7.52,0.09,31.7,0.08,35.29,0.07,44.9,0.06,51.1,0.24,19.3,0.25,13.9,0.27,7.43,0.28,12.9,0.29,12.6,0.76,19.3,0.75,13.9,0.73,7.43,0.72,12.9,0.71,12.6,0.9,7.52,0.91,31.7,0.92,35.29,0.93,44.9,0.94,51.1,0.14,0.14,615.720407,1776170023000
1776170025.723,225.723,0.1,7.52,0.09,31.7,0.08,35.29,0.07,44.9,0.06,51.1,0.24,19.3,0.25,13.9,0.27,7.43,0.28,12.9,0.29,12.6,0.76,19.3,0.75,13.9,0.73,7.43,0.72,12.9,0.71,12.6,0.9,7.52,0.91,31.7,0.92,35.29,0.93,44.9,0.94,51.1,0.14,0.14,615.748325,1776170024000
1776170026.405,226.405,0.1,7.52,0.09,31.7,0.08,35.29,0.07,44.9,0.06,51.1,0.24,19.3,0.25,13.9,0.27,7.43,0.28,12.9,0.29,12.6,0.76,19.3,0.75,13.9,0.73,7.43,0.72,12.9,0.71,12.6,0.9,7.52,0.91,31.7,0.92,35.29,0.93,44.9,0.94,51.1,0.14,0.14,615.70806,1776170025000
1776170027.002,227.002,0.1,7.52,0.09,31.7,0.08,35.29,0.07,44.9,0.06,51.1,0.24,19.3,0.25,13.9,0.27,7.43,0.28,12.9,0.29,12.6,0.76,19.3,0.75,13.9,0.73,7.43,0.72,12.9,0.71,12.6,0.9,7.52,0.91,31.7,0.92,35.29,0.93,44.9,0.94,51.1,0.14,0.14,615.70806,1776170026000
1776170028.401,228.401,0.1,7.52,0.09,31.7,0.08,35.29,0.07,44.9,0.06,51.1,0.24,19.3,0.25,13.9,0.27,7.43,0.28,12.9,0.29,12.6,0.76,19.3,0.75,13.9,0.73,7.43,0.72,12.9,0.71,12.6,0.9,7.52,0.91,31.7,0.92,35.29,0.93,44.9,0.94,51.1,0.14,0.14,615.69336,1776170027000
1776170029.111,229.111,0.1,7.52,0.09,31.7,0.08,35.29,0.07,44.9,0.06,51.1,0.24,19.3,0.25,13.9,0.27,7.43,0.28,12.9,0.29,12.6,0.76,19.3,0.75,13.9,0.73,7.43,0.72,12.9,0.71,12.6,0.9,7.52,0.91,31.7,0.92,35.29,0.93,44.9,0.94,51.1,0.14,0.14,615.69324,1776170028000
1776170030.346,230.346,0.1,7.52,0.09,31.7,0.08,35.29,0.07,44.9,0.06,51.1,0.24,19.3,0.25,13.9,0.27,7.43,0.28,12.9,0.29,12.6,0.76,19.3,0.75,13.9,0.73,7.43,0.72,12.9,0.71,12.6,0.9,7.52,0.91,31.7,0.92,35.29,0.93,44.9,0.94,51.1,0.14,0.14,615.677596,1776170029000
1776170031.514,231.514,0.1,7.52,0.09,31.7,0.08,35.29,0.07,44.9,0.06,51.1,0.24,19.3,0.25,13.9,0.27,7.43,0.28,12.9,0.29,12.6,0.76,19.3,0.75,13.9,0.73,7.43,0.72,12.9,0.71,12.6,0.9,7.52,0.91,31.7,0.92,35.29,0.93,44.9,0.94,51.1,0.14,0.14,615.70202,1776170030000
1776170032.136,232.136,0.1,7.52,0.09,31.7,0.08,35.29,0.07,44.9,0.06,51.1,0.24,19.3,0.25,13.9,0.27,7.43,0.28,12.9,0.29,12.6,0.76,19.3,0.75,13.9,0.73,7.43,0.72,12.9,0.71,12.6,0.9,7.52,0.91,31.7,0.92,35.29,0.93,44.9,0.94,51.1,0.14,0.14,615.71844,1776170031000
1776170033.471,233.471,0.1,7.52,0.09,31.7,0.08,35.29,0.07,44.9,0.06,51.1,0.24,19.3,0.25,13.9,0.27,7.43,0.28,12.9,0.29,12.6,0.76,19.3,0.75,13.9,0.73,7.43,0.72,12.9,0.71,12.6,0.9,7.52,0.91,31.7,0.92,35.29,0.93,44.9,0.94,51.1,0.14,0.14,615.75987,1776170032000
1776170034.061,234.061,0.1,7.52,0.09,31.7,0.08,35.29,0.07,44.9,0.06,51.1,0.24,19.3,0.25,13.9,0.27,7.43,0.28,12.9,0.29,12.6,0.76,19.3,0.75,13.9,0.73,7.43,0.72,12.9,0.71,12.6,0.9,7.52,0.91,31.7,0.92,35.29,0.93,44.9,0.94,51.1,0.14,0.14,615.777049,1776170033000
1776170035.39,235.39,0.1,7.52,0.09,31.7,0.08,35.29,0.07,44.9,0.06,51.1,0.24,19.3,0.25,13.9,0.27,7.43,0.28,12.9,0.29,12.6,0.76,19.3,0.75,13.9,0.73,7.43,0.72,12.9,0.71,12.6,0.9,7.52,0.91,31.7,0.92,35.29,0.93,44.9,0.94,51.1,0.14,0.14,615.779773,1776170034000
1776170036.014,236.014,0.1,7.52,0.09,31.7,0.08,35.29,0.07,44.9,0.06,51.1,0.24,19.3,0.25,13.9,0.27,7.43,0.28,12.9,0.29,12.6,0.76,19.3,0.75,13.9,0.73,7.43,0.72,12.9,0.71,12.6,0.9,7.52,0.91,31.7,0.92,35.29,0.93,44.9,0.94,51.1,0.14,0.14,615.78516,1776170035000
1776170037.324,237.324,0.1,7.52,0.09,31.7,0.08,35.29,0.07,44.9,0.06,51.1,0.24,19.3,0.25,13.9,0.27,7.43,0.28,12.9,0.29,12.6,0.76,19.3,0.75,13.9,0.73,7.43,0.72,12.9,0.71,12.6,0.9,7.52,0.91,31.7,0.92,35.29,0.93,44.9,0.94,51.1,0.14,0.14,615.78812,1776170036000
1776170038.043,238.043,0.1,7.52,0.09,31.7,0.08,35.29,0.07,44.9,0.06,51.1,0.24,19.3,0.25,13.9,0.27,7.43,0.28,12.9,0.29,12.6,0.76,19.3,0.75,13.9,0.73,7.43,0.72,12.9,0.71,12.6,0.9,7.52,0.91,31.7,0.92,35.29,0.93,44.9,0.94,51.1,0.14,0.14,615.78851,1776170037000
1776170039.157,239.157,0.1,7.52,0.09,31.7,0.08,35.29,0.07,44.9,0.06,51.1,0.24,19.3,0.25,13.9,0.27,7.43,0.28,12.9,0.29,12.6,0.76,19.3,0.75,13.9,0.73,7.43,0.72,12.9,0.71,12.6,0.9,7.52,0.91,31.7,0.92,35.29,0.93,44.9,0.94,51.1,0.14,0.14,615.781984,1776170038000
1776170040.298,240.298,0.1,7.52,0.09,31.7,0.08,35.29,0.07,44.9,0.06,51.1,0.24,19.3,0.25,13.9,0.27,7.43,0.28,12.9,0.29,12.6,0.76,19.3,0.75,13.9,0.73,7.43,0.72,12.9,0.71,12.6,0.9,7.52,0.91,31.7,0.92,35.29,0.93,44.9,0.94,51.1,0.14,0.14,615.782044,1776170039000
1776170041.924,241.924,0.1,7.52,0.09,31.7,0.08,35.29,0.07,44.9,0.06,51.1,0.24,19.3,0.25,13.9,0.27,7.43,0.28,12.9,0.29,12.6,0.76,19.3,0.75,13.9,0.73,7.43,0.72,12.9,0.71,12.6,0.9,7.52,0.91,31.7,0.92,35.29,0.93,44.9,0.94,51.1,0.14,0.14,615.79107,1776170040000
1776170042.883,242.883,0.1,7.52,0.09,31.7,0.08,35.29,0.07,44.9,0.06,51.1,0.24,19.3,0.25,13.9,0.27,7.43,0.28,12.9,0.29,12.6,0.76,19.3,0.75,13.9,0.73,7.43,0.72,12.9,0.71,12.6,0.9,7.52,0.91,31.7,0.92,35.29,0.93,44.9,0.94,51.1,0.14,0.14,615.775734,1776170041000
1776170043.455,243.455,0.1,7.52,0.09,31.7,0.08,35.29,0.07,44.9,0.06,51.1,0.24,19.3,0.25,13.9,0.27,7.43,0.28,12.9,0.29,12.6,0.76,19.3,0.75,13.9,0.73,7.43,0.72,12.9,0.71,12.6,0.9,7.52,0.91,31.7,0.92,35.29,0.93,44.9,0.94,51.1,0.14,0.14,615.796,1776170042000
1776170044.107,244.107,0.1,7.52,0.09,31.7,0.08,35.29,0.07,44.9,0.06,51.1,0.24,19.3,0.25,13.9,0.27,7.43,0.28,12.9,0.29,12.6,0.76,19.3,0.75,13.9,0.73,7.43,0.72,12.9,0.71,12.6,0.9,7.52,0.91,31.7,0.92,35.29,0.93,44.9,0.94,51.1,0.14,0.14,615.777282,1776170043000
1776170045.472,245.472,0.1,7.52,0.09,31.7,0.08,35.29,0.07,44.9,0.06,51.1,0.24,19.3,0.25,13.9,0.27,7.43,0.28,12.9,0.29,12.6,0.76,19.3,0.75,13.9,0.73,7.43,0.72,12.9,0.71,12.6,0.9,7.52,0.91,31.7,0.92,35.29,0.93,44.9,0.94,51.1,0.14,0.14,615.808,1776170044000
1776170046.091,246.091,0.1,7.52,0.09,31.7,0.08,35.29,0.07,44.9,0.06,51.1,0.24,19.3,0.25,13.9,0.27,7.43,0.28,12.9,0.29,12.6,0.76,19.3,0.75,13.9,0.73,7.43,0.72,12.9,0.71,12.6,0.9,7.52,0.91,31.7,0.92,35.29,0.93,44.9,0.94,51.1,0.14,0.14,615.814,1776170045000
1776170047.29,247.29,0.1,7.52,0.09,31.7,0.08,35.29,0.07,44.9,0.06,51.1,0.24,19.3,0.25,13.9,0.27,7.43,0.28,12.9,0.29,12.6,0.76,19.3,0.75,13.9,0.73,7.43,0.72,12.9,0.71,12.6,0.9,7.52,0.91,31.7,0.92,35.29,0.93,44.9,0.94,51.1,0.14,0.14,615.797316,1776170046000
1776170048.046,248.046,0.08,13.55,0.07,44.9,0.06,46.1,0.05,54.7,0.04,72.7,0.12,26.0,0.14,21.6,0.15,20.39,0.16,19.3,0.17,24.39,0.76,19.3,0.75,13.9,0.73,7.43,0.72,12.9,0.71,12.6,0.9,7.52,0.91,31.7,0.92,35.29,0.93,44.9,0.94,51.1,0.04,0.14,615.797316,1776170046000
1776170048.562,248.562,0.08,13.55,0.07,44.9,0.06,46.1,0.05,54.7,0.04,72.7,0.12,26.0,0.14,21.6,0.15,20.39,0.16,19.3,0.17,24.39,0.88,26.0,0.86,21.6,0.85,20.39,0.84,19.3,0.83,24.39,0.92,13.55,0.93,44.9,0.94,46.1,0.95,54.7,0.96,72.7,0.04,0.04,615.808,1776170047000
1776170049.189,249.189,0.08,13.55,0.07,44.9,0.06,46.1,0.05,54.7,0.04,72.7,0.12,26.0,0.14,21.6,0.15,20.39,0.16,19.3,0.17,24.39,0.88,26.0,0.86,21.6,0.85,20.39,0.84,19.3,0.83,24.39,0.92,13.55,0.93,44.9,0.94,46.1,0.95,54.7,0.96,72.7,0.04,0.04,615.808,1776170048000
1776170050.514,250.514,0.08,13.55,0.07,44.9,0.06,46.1,0.05,54.7,0.04,72.7,0.12,26.0,0.14,21.6,0.15,20.39,0.16,19.3,0.17,24.39,0.88,26.0,0.86,21.6,0.85,20.39,0.84,19.3,0.83,24.39,0.92,13.55,0.93,44.9,0.94,46.1,0.95,54.7,0.96,72.7,0.04,0.04,615.80935,1776170049000
1776170051.055,251.055,0.08,13.55,0.07,44.9,0.06,46.1,0.05,54.7,0.04,72.7,0.12,26.0,0.14,21.6,0.15,20.39,0.16,19.3,0.17,24.39,0.88,26.0,0.86,21.6,0.85,20.39,0.84,19.3,0.83,24.39,0.92,13.55,0.93,44.9,0.94,46.1,0.95,54.7,0.96,72.7,0.04,0.04,615.800973,1776170050000
1776170051.775,251.775,0.07,41.67,0.06,46.1,0.05,54.7,0.04,72.7,0.03,89.3,0.12,17.0,0.13,23.0,0.14,21.6,0.15,20.39,0.16,24.3,0.88,26.0,0.86,21.6,0.85,20.39,0.84,19.3,0.83,24.39,0.92,13.55,0.93,44.9,0.94,46.1,0.95,54.7,0.96,72.7,0.05,0.04,615.800973,1776170050000
1776170052.257,252.257,0.07,41.67,0.06,46.1,0.05,54.7,0.04,72.7,0.03,89.3,0.12,17.0,0.13,23.0,0.14,21.6,0.15,20.39,0.16,24.3,0.88,17.0,0.87,23.0,0.86,21.6,0.85,20.39,0.84,24.3,0.93,41.67,0.94,46.1,0.95,54.7,0.96,72.7,0.97,89.3,0.05,0.05,615.799797,1776170051000
1776170053.619,253.619,0.07,41.67,0.06,46.1,0.05,54.7,0.04,72.7,0.03,89.3,0.12,17.0,0.13,23.0,0.14,21.6,0.15,20.39,0.16,24.3,0.88,17.0,0.87,23.0,0.86,21.6,0.85,20.39,0.84,24.3,0.93,41.67,0.94,46.1,0.95,54.7,0.96,72.7,0.97,89.3,0.05,0.05,615.801909,1776170052000
1776170054.235,254.235,0.07,41.67,0.06,46.1,0.05,54.7,0.04,72.7,0.03,89.3,0.12,17.0,0.13,23.0,0.14,21.6,0.15,20.39,0.16,24.3,0.88,17.0,0.87,23.0,0.86,21.6,0.85,20.39,0.84,24.3,0.93,41.67,0.94,46.1,0.95,54.7,0.96,72.7,0.97,89.3,0.05,0.05,615.802022,1776170053000
1776170055.842,255.842,0.07,41.67,0.06,46.1,0.05,54.7,0.04,72.7,0.03,89.3,0.12,17.0,0.13,23.0,0.14,21.6,0.15,20.39,0.16,24.3,0.88,17.0,0.87,23.0,0.86,21.6,0.85,20.39,0.84,24.3,0.93,41.67,0.94,46.1,0.95,54.7,0.96,72.7,0.97,89.3,0.05,0.05,615.78319,1776170054000
1776170056.624,256.624,0.07,41.67,0.06,46.1,0.05,54.7,0.04,72.7,0.03,89.3,0.12,17.0,0.13,23.0,0.14,21.6,0.15,20.39,0.16,24.3,0.88,17.0,0.87,23.0,0.86,21.6,0.85,20.39,0.84,24.3,0.93,41.67,0.94,46.1,0.95,54.7,0.96,72.7,0.97,89.3,0.05,0.05,615.78325,1776170055000
1776170057.869,257.869,0.07,41.67,0.06,46.1,0.05,54.7,0.04,72.7,0.03,89.3,0.12,17.0,0.13,23.0,0.14,21.6,0.15,20.39,0.16,24.3,0.88,17.0,0.87,23.0,0.86,21.6,0.85,20.39,0.84,24.3,0.93,41.67,0.94,46.1,0.95,54.7,0.96,72.7,0.97,89.3,0.05,0.05,615.77927,1776170056000
1776170058.373,258.373,0.07,41.67,0.06,46.1,0.05,54.7,0.04,72.7,0.03,89.3,0.12,17.0,0.13,23.0,0.14,21.6,0.15,20.39,0.16,24.3,0.88,17.0,0.87,23.0,0.86,21.6,0.85,20.39,0.84,24.3,0.93,41.67,0.94,46.1,0.95,54.7,0.96,72.7,0.97,89.3,0.05,0.05,615.79286,1776170057000
1776170059.043,259.043,0.07,41.67,0.06,46.1,0.05,54.7,0.04,72.7,0.03,89.3,0.12,17.0,0.13,23.0,0.14,21.6,0.15,20.39,0.16,24.3,0.88,17.0,0.87,23.0,0.86,21.6,0.85,20.39,0.84,24.3,0.93,41.67,0.94,46.1,0.95,54.7,0.96,72.7,0.97,89.3,0.05,0.05,615.77902,1776170058000
1776170060.14,260.14,0.07,41.67,0.06,46.1,0.05,54.7,0.04,72.7,0.03,89.3,0.12,17.0,0.13,23.0,0.14,21.6,0.15,20.39,0.16,24.3,0.88,17.0,0.87,23.0,0.86,21.6,0.85,20.39,0.84,24.3,0.93,41.67,0.94,46.1,0.95,54.7,0.96,72.7,0.97,89.3,0.05,0.05,615.77778,1776170059000
1776170061.282,261.282,0.07,41.67,0.06,46.1,0.05,54.7,0.04,72.7,0.03,89.3,0.12,17.0,0.13,23.0,0.14,21.6,0.15,20.39,0.16,24.3,0.88,17.0,0.87,23.0,0.86,21.6,0.85,20.39,0.84,24.3,0.93,41.67,0.94,46.1,0.95,54.7,0.96,72.7,0.97,89.3,0.05,0.05,615.77368,1776170060000
1776170062.433,262.433,0.07,41.67,0.06,46.1,0.05,54.7,0.04,72.7,0.03,89.3,0.12,17.0,0.13,23.0,0.14,21.6,0.15,20.39,0.16,24.3,0.88,17.0,0.87,23.0,0.86,21.6,0.85,20.39,0.84,24.3,0.93,41.67,0.94,46.1,0.95,54.7,0.96,72.7,0.97,89.3,0.05,0.05,615.77232,1776170061000
1776170062.964,262.964,0.07,41.67,0.06,46.1,0.05,54.7,0.04,72.7,0.03,89.3,0.12,17.0,0.13,23.0,0.14,21.6,0.15,20.39,0.16,24.3,0.88,17.0,0.87,23.0,0.86,21.6,0.85,20.39,0.84,24.3,0.93,41.67,0.94,46.1,0.95,54.7,0.96,72.7,0.97,89.3,0.05,0.05,615.7725,1776170062000
1776170064.063,264.063,0.07,41.67,0.06,46.1,0.05,54.7,0.04,72.7,0.03,89.3,0.12,17.0,0.13,23.0,0.14,21.6,0.15,20.39,0.16,24.3,0.88,17.0,0.87,23.0,0.86,21.6,0.85,20.39,0.84,24.3,0.93,41.67,0.94,46.1,0.95,54.7,0.96,72.7,0.97,89.3,0.05,0.05,615.79091,1776170063000
1776170064.463,264.463,0.05,54.7,0.04,72.7,0.03,89.3,0.02,192.69,0.01,5838.6,0.09,31.7,0.1,28.9,0.11,26.6,0.12,41.6,0.13,23.0,0.88,17.0,0.87,23.0,0.86,21.6,0.85,20.39,0.84,24.3,0.93,41.67,0.94,46.1,0.95,54.7,0.96,72.7,0.97,89.3,0.04,0.05,615.79091,1776170063000
1776170065.189,265.189,0.05,54.7,0.04,72.7,0.03,89.3,0.02,192.69,0.01,5838.6,0.09,31.7,0.1,28.9,0.11,26.6,0.12,41.6,0.13,23.0,0.91,31.7,0.9,28.9,0.89,26.6,0.88,41.6,0.87,23.0,0.95,54.7,0.96,72.7,0.97,89.3,0.98,192.69,0.99,5838.6,0.04,0.04,615.75583,1776170064000
1776170066.35,266.35,0.05,54.7,0.04,72.7,0.03,89.3,0.02,192.69,0.01,5838.6,0.09,31.7,0.1,28.9,0.11,26.6,0.12,41.6,0.13,23.0,0.91,31.7,0.9,28.9,0.89,26.6,0.88,41.6,0.87,23.0,0.95,54.7,0.96,72.7,0.97,89.3,0.98,192.69,0.99,5838.6,0.04,0.04,615.76045,1776170065000
1776170067.003,267.003,0.05,54.7,0.04,72.7,0.03,89.3,0.02,192.69,0.01,5838.6,0.09,31.7,0.1,28.9,0.11,26.6,0.12,41.6,0.13,23.0,0.91,31.7,0.9,28.9,0.89,26.6,0.88,41.6,0.87,23.0,0.95,54.7,0.96,72.7,0.97,89.3,0.98,192.69,0.99,5838.6,0.04,0.04,615.75742,1776170066000
1776170068.021,268.021,0.05,54.7,0.04,72.7,0.03,89.3,0.02,192.69,0.01,5838.6,0.09,31.7,0.1,28.9,0.11,26.6,0.12,41.6,0.13,23.0,0.91,31.7,0.9,28.9,0.89,26.6,0.88,41.6,0.87,23.0,0.95,54.7,0.96,72.7,0.97,89.3,0.98,192.69,0.99,5838.6,0.04,0.04,615.75591,1776170067000
1776170069.23,269.23,0.05,54.7,0.04,72.7,0.03,89.3,0.02,192.69,0.01,5838.6,0.09,31.7,0.1,28.9,0.11,26.6,0.12,41.6,0.13,23.0,0.91,31.7,0.9,28.9,0.89,26.6,0.88,41.6,0.87,23.0,0.95,54.7,0.96,72.7,0.97,89.3,0.98,192.69,0.99,5838.6,0.04,0.04,615.813,1776170068000
1776170070.403,270.403,0.05,54.7,0.04,72.7,0.03,89.3,0.02,192.69,0.01,5838.6,0.09,31.7,0.1,28.9,0.11,26.6,0.12,41.6,0.13,23.0,0.91,31.7,0.9,28.9,0.89,26.6,0.88,41.6,0.87,23.0,0.95,54.7,0.96,72.7,0.97,89.3,0.98,192.69,0.99,5838.6,0.04,0.04,615.81676,1776170069000
1776170070.843,270.843,0.05,54.7,0.04,72.7,0.03,89.3,0.02,192.69,0.01,5838.6,0.09,31.7,0.1,28.9,0.11,26.6,0.12,41.6,0.13,23.0,0.91,31.7,0.9,28.9,0.89,26.6,0.88,41.6,0.87,23.0,0.95,54.7,0.96,72.7,0.97,89.3,0.98,192.69,0.99,5838.6,0.04,0.04,615.81736,1776170070000
1776170072.264,272.264,0.05,54.7,0.04,72.7,0.03,89.3,0.02,192.69,0.01,5838.6,0.09,31.7,0.1,28.9,0.11,26.6,0.12,41.6,0.13,23.0,0.91,31.7,0.9,28.9,0.89,26.6,0.88,41.6,0.87,23.0,0.95,54.7,0.96,72.7,0.97,89.3,0.98,192.69,0.99,5838.6,0.04,0.04,615.84236,1776170071000
1776170073.374,273.374,0.05,54.7,0.04,72.7,0.03,89.3,0.02,192.69,0.01,5838.6,0.09,31.7,0.1,28.9,0.11,26.6,0.12,41.6,0.13,23.0,0.91,31.7,0.9,28.9,0.89,26.6,0.88,41.6,0.87,23.0,0.95,54.7,0.96,72.7,0.97,89.3,0.98,192.69,0.99,5838.6,0.04,0.04,615.84945,1776170072000
1776170073.916,273.916,0.05,54.7,0.04,72.7,0.03,89.3,0.02,192.69,0.01,5838.6,0.09,31.7,0.1,28.9,0.11,26.6,0.12,41.6,0.13,23.0,0.91,31.7,0.9,28.9,0.89,26.6,0.88,41.6,0.87,23.0,0.95,54.7,0.96,72.7,0.97,89.3,0.98,192.69,0.99,5838.6,0.04,0.04,615.84866,1776170073000
1776170074.857,274.857,0.05,54.7,0.04,72.7,0.03,89.3,0.02,192.69,0.01,5838.6,0.09,31.7,0.1,28.9,0.11,26.6,0.12,41.6,0.13,23.0,0.91,31.7,0.9,28.9,0.89,26.6,0.88,41.6,0.87,23.0,0.95,54.7,0.96,72.7,0.97,89.3,0.98,192.69,0.99,5838.6,0.04,0.04,615.83683,1776170074000
1776170075.909,275.909,0.05,54.7,0.04,72.7,0.03,89.3,0.02,192.69,0.01,5838.6,0.09,31.7,0.1,28.9,0.11,26.6,0.12,41.6,0.13,23.0,0.91,31.7,0.9,28.9,0.89,26.6,0.88,41.6,0.87,23.0,0.95,54.7,0.96,72.7,0.97,89.3,0.98,192.69,0.99,5838.6,0.04,0.04,615.84207,1776170075000
1776170076.897,276.897,0.05,54.7,0.04,72.7,0.03,89.3,0.02,192.69,0.01,5838.6,0.09,31.7,0.1,28.9,0.11,26.6,0.12,41.6,0.13,23.0,0.91,31.7,0.9,28.9,0.89,26.6,0.88,41.6,0.87,23.0,0.95,54.7,0.96,72.7,0.97,89.3,0.98,192.69,0.99,5838.6,0.04,0.04,615.84173,1776170076000
1776170078.313,278.313,0.05,54.7,0.04,72.7,0.03,89.3,0.02,192.69,0.01,5838.6,0.09,31.7,0.1,28.9,0.11,26.6,0.12,41.6,0.13,23.0,0.91,31.7,0.9,28.9,0.89,26.6,0.88,41.6,0.87,23.0,0.95,54.7,0.96,72.7,0.97,89.3,0.98,192.69,0.99,5838.6,0.04,0.04,615.85072,1776170077000
1776170079.185,279.185,0.05,54.7,0.04,72.7,0.03,89.3,0.02,192.69,0.01,5838.6,0.09,31.7,0.1,28.9,0.11,26.6,0.12,41.6,0.13,23.0,0.91,31.7,0.9,28.9,0.89,26.6,0.88,41.6,0.87,23.0,0.95,54.7,0.96,72.7,0.97,89.3,0.98,192.69,0.99,5838.6,0.04,0.04,615.85192,1776170078000
1776170080.171,280.171,0.05,54.7,0.04,72.7,0.03,89.3,0.02,192.69,0.01,5838.6,0.09,31.7,0.1,28.9,0.11,26.6,0.12,41.6,0.13,23.0,0.91,31.7,0.9,28.9,0.89,26.6,0.88,41.6,0.87,23.0,0.95,54.7,0.96,72.7,0.97,89.3,0.98,192.69,0.99,5838.6,0.04,0.04,615.85083,1776170079000
1776170080.548,280.548,0.04,3.95,0.02,60.0,0.01,5426.0,,,,,0.12,17.0,0.14,5.0,0.2,10.0,0.21,50.0,0.31,50.0,0.91,31.7,0.9,28.9,0.89,26.6,0.88,41.6,0.87,23.0,0.95,54.7,0.96,72.7,0.97,89.3,0.98,192.69,0.99,5838.6,0.08,0.04,615.85083,1776170079000
1776170081.053,281.053,0.04,3.95,0.02,60.0,0.01,5426.0,,,,,0.12,17.0,0.14,5.0,0.2,10.0,0.21,50.0,0.31,50.0,0.88,17.0,0.86,5.0,0.8,10.0,0.79,50.0,0.69,50.0,0.96,3.95,0.98,60.0,0.99,5426.0,,,,,0.08,0.08,615.842709,1776170080000
1776170082.316,282.316,0.04,3.95,0.02,60.0,0.01,5426.0,,,,,0.12,17.0,0.14,5.0,0.2,10.0,0.21,50.0,0.31,50.0,0.88,17.0,0.86,5.0,0.8,10.0,0.79,50.0,0.69,50.0,0.96,3.95,0.98,60.0,0.99,5426.0,,,,,0.08,0.08,615.82739,1776170081000
1776170083.378,283.378,0.04,3.95,0.02,60.0,0.01,5426.0,,,,,0.12,17.0,0.14,5.0,0.2,10.0,0.21,50.0,0.31,50.0,0.88,17.0,0.86,5.0,0.8,10.0,0.79,50.0,0.69,50.0,0.96,3.95,0.98,60.0,0.99,5426.0,,,,,0.08,0.08,615.83706,1776170082000
1776170083.967,283.967,0.04,3.95,0.02,60.0,0.01,5426.0,,,,,0.12,17.0,0.14,5.0,0.2,10.0,0.21,50.0,0.31,50.0,0.88,17.0,0.86,5.0,0.8,10.0,0.79,50.0,0.69,50.0,0.96,3.95,0.98,60.0,0.99,5426.0,,,,,0.08,0.08,615.83706,1776170083000
1776170085.674,285.674,0.04,3.95,0.02,60.0,0.01,5426.0,,,,,0.12,17.0,0.14,5.0,0.2,10.0,0.21,50.0,0.31,50.0,0.88,17.0,0.86,5.0,0.8,10.0,0.79,50.0,0.69,50.0,0.96,3.95,0.98,60.0,0.99,5426.0,,,,,0.08,0.08,615.83871,1776170084000
1776170086.298,286.298,0.04,3.95,0.02,60.0,0.01,5426.0,,,,,0.12,17.0,0.14,5.0,0.2,10.0,0.21,50.0,0.31,50.0,0.88,17.0,0.86,5.0,0.8,10.0,0.79,50.0,0.69,50.0,0.96,3.95,0.98,60.0,0.99,5426.0,,,,,0.08,0.08,615.8281,1776170085000
1776170087.539,287.539,0.04,3.95,0.02,60.0,0.01,5426.0,,,,,0.12,17.0,0.14,5.0,0.2,10.0,0.21,50.0,0.31,50.0,0.88,17.0,0.86,5.0,0.8,10.0,0.79,50.0,0.69,50.0,0.96,3.95,0.98,60.0,0.99,5426.0,,,,,0.08,0.08,615.82473,1776170086000
1776170088.191,288.191,0.04,3.95,0.02,60.0,0.01,5426.0,,,,,0.12,17.0,0.14,5.0,0.2,10.0,0.21,50.0,0.31,50.0,0.88,17.0,0.86,5.0,0.8,10.0,0.79,50.0,0.69,50.0,0.96,3.95,0.98,60.0,0.99,5426.0,,,,,0.08,0.08,615.82663,1776170087000
1776170089.48,289.48,0.04,3.95,0.02,60.0,0.01,5426.0,,,,,0.12,17.0,0.14,5.0,0.2,10.0,0.21,50.0,0.31,50.0,0.88,17.0,0.86,5.0,0.8,10.0,0.79,50.0,0.69,50.0,0.96,3.95,0.98,60.0,0.99,5426.0,,,,,0.08,0.08,615.82411,1776170088000
1776170089.976,289.976,0.04,3.95,0.02,60.0,0.01,5426.0,,,,,0.12,17.0,0.14,5.0,0.2,10.0,0.21,50.0,0.31,50.0,0.88,17.0,0.86,5.0,0.8,10.0,0.79,50.0,0.69,50.0,0.96,3.95,0.98,60.0,0.99,5426.0,,,,,0.08,0.08,615.82411,1776170089000
1776170091.133,291.133,0.04,3.95,0.02,60.0,0.01,5426.0,,,,,0.12,17.0,0.14,5.0,0.2,10.0,0.21,50.0,0.31,50.0,0.88,17.0,0.86,5.0,0.8,10.0,0.79,50.0,0.69,50.0,0.96,3.95,0.98,60.0,0.99,5426.0,,,,,0.08,0.08,615.82529,1776170090000
1776170092.338,292.338,0.04,3.95,0.02,60.0,0.01,5426.0,,,,,0.12,17.0,0.14,5.0,0.2,10.0,0.21,50.0,0.31,50.0,0.88,17.0,0.86,5.0,0.8,10.0,0.79,50.0,0.69,50.0,0.96,3.95,0.98,60.0,0.99,5426.0,,,,,0.08,0.08,615.82548,1776170091000
1776170093.368,293.368,0.04,3.95,0.02,60.0,0.01,5426.0,,,,,0.12,17.0,0.14,5.0,0.2,10.0,0.21,50.0,0.31,50.0,0.88,17.0,0.86,5.0,0.8,10.0,0.79,50.0,0.69,50.0,0.96,3.95,0.98,60.0,0.99,5426.0,,,,,0.08,0.08,615.82641,1776170092000
1776170093.993,293.993,0.04,3.95,0.02,60.0,0.01,5426.0,,,,,0.12,17.0,0.14,5.0,0.2,10.0,0.21,50.0,0.31,50.0,0.88,17.0,0.86,5.0,0.8,10.0,0.79,50.0,0.69,50.0,0.96,3.95,0.98,60.0,0.99,5426.0,,,,,0.08,0.08,615.82658,1776170093000
1776170094.415,294.415,0.02,10.0,0.01,246.0,,,,,,,0.11,50.0,0.14,15.0,0.21,50.0,0.31,50.0,0.41,50.0,0.88,17.0,0.86,5.0,0.8,10.0,0.79,50.0,0.69,50.0,0.96,3.95,0.98,60.0,0.99,5426.0,,,,,0.09,0.08,615.82658,1776170093000
1776170094.834,294.834,0.02,4.89,0.01,246.0,,,,,,,0.11,50.0,0.13,10.0,0.14,5.0,0.21,50.0,0.31,50.0,0.89,50.0,0.86,15.0,0.79,50.0,0.69,50.0,0.59,50.0,0.98,10.0,0.99,246.0,,,,,,,0.09,0.09,615.82658,1776170093000
1776170095.063,295.063,0.02,4.89,0.01,246.0,,,,,,,0.11,50.0,0.13,10.0,0.14,5.0,0.21,50.0,0.31,50.0,0.89,50.0,0.87,10.0,0.86,5.0,0.79,50.0,0.69,50.0,0.98,4.89,0.99,246.0,,,,,,,0.09,0.09,615.82912,1776170094000
1776170096.093,296.093,0.02,4.89,0.01,246.0,,,,,,,0.11,50.0,0.13,10.0,0.14,5.0,0.21,50.0,0.31,50.0,0.89,50.0,0.87,10.0,0.86,5.0,0.79,50.0,0.69,50.0,0.98,4.89,0.99,246.0,,,,,,,0.09,0.09,615.83511,1776170095000
1776170096.307,296.307,0.01,213.35,,,,,,,,,0.11,50.0,0.12,10.0,0.14,5.0,0.21,50.0,0.31,50.0,0.89,50.0,0.87,10.0,0.86,5.0,0.79,50.0,0.69,50.0,0.98,4.89,0.99,246.0,,,,,,,0.1,0.09,615.83511,1776170095000
1776170097.121,297.121,0.01,213.35,,,,,,,,,0.11,50.0,0.12,10.0,0.14,5.0,0.21,50.0,0.31,50.0,0.89,50.0,0.88,10.0,0.86,5.0,0.79,50.0,0.69,50.0,0.99,213.35,,,,,,,,,0.1,0.1,615.85736,1776170096000
1776170097.378,297.378,0.01,172.94,,,,,,,,,0.11,50.0,0.14,15.0,0.21,50.0,0.31,50.0,0.41,50.0,0.89,50.0,0.88,10.0,0.86,5.0,0.79,50.0,0.69,50.0,0.99,213.35,,,,,,,,,0.1,0.1,615.85736,1776170096000
1776170098.024,298.024,0.01,162.94,,,,,,,,,0.11,50.0,0.13,10.0,0.14,5.0,0.21,50.0,0.31,50.0,0.89,50.0,0.86,15.0,0.79,50.0,0.69,50.0,0.59,50.0,0.99,172.94,,,,,,,,,0.1,0.1,615.85736,1776170096000
1776170098.265,298.265,0.01,152.94,,,,,,,,,0.11,50.0,0.14,15.0,0.21,50.0,0.31,50.0,0.39,6.0,0.89,50.0,0.86,15.0,0.79,50.0,0.69,50.0,0.61,6.0,0.99,152.94,,,,,,,,,0.1,0.1,615.86286,1776170097000
1776170098.524,298.524,0.01,142.94,,,,,,,,,0.11,59.0,0.14,15.0,0.21,50.0,0.31,50.0,0.39,6.0,0.89,50.0,0.86,15.0,0.79,50.0,0.69,50.0,0.61,6.0,0.99,152.94,,,,,,,,,0.1,0.1,615.86286,1776170097000
1776170098.888,298.888,0.01,134.5,,,,,,,,,0.11,50.0,0.14,5.0,0.15,10.0,0.21,50.0,0.31,50.0,0.89,59.0,0.86,15.0,0.79,50.0,0.69,50.0,0.61,6.0,0.99,142.94,,,,,,,,,0.1,0.1,615.86286,1776170097000
1776170099.177,299.177,0.01,50.4,,,,,,,,,0.14,5.0,0.15,10.0,0.39,6.0,0.49,7.0,0.5,99.06,0.89,50.0,0.86,5.0,0.85,10.0,0.79,50.0,0.69,50.0,0.99,51.42,,,,,,,,,0.13,0.1,615.86286,1776170097000
1776170099.937,299.937,,,,,,,,,,,0.14,10.0,0.21,10.0,0.23,15.0,0.39,6.0,0.49,7.0,0.86,10.0,0.79,10.0,0.77,15.0,0.61,6.0,0.51,7.0,,,,,,,,,,,,,615.86286,1776170099000
1776170101.945,301.945,,,,,,,,,,,0.14,10.0,0.21,10.0,0.23,15.0,0.39,6.0,0.49,7.0,0.86,10.0,0.79,10.0,0.77,15.0,0.61,6.0,0.51,7.0,,,,,,,,,,,,,615.84133,1776170100000
1776170102.57,302.57,,,,,,,,,,,0.14,10.0,0.21,10.0,0.23,15.0,0.39,6.0,0.49,7.0,0.86,10.0,0.79,10.0,0.77,15.0,0.61,6.0,0.51,7.0,,,,,,,,,,,,,615.87589,1776170101000

# RESULT,winner=Down,slug=bnb-updown-5m-1776169800,ticks=332
