timestamp,elapsed_sec,up_bid_p1,up_bid_s1,up_bid_p2,up_bid_s2,up_ask_p1,up_ask_s1,up_ask_p2,up_ask_s2,down_bid_p1,down_bid_s1,down_bid_p2,down_bid_s2,down_ask_p1,down_ask_s1,down_ask_p2,down_ask_s2,up_spread,down_spread,bnb_price,bnb_oracle_ts
1776225301.336,1.336,,,,,,,,,,,,,,,,,,,615.905743,1776225300000
1776225301.754,1.754,0.5,5.0,0.33,300.0,0.67,300.0,0.69,375.0,0.33,300.0,0.31,375.0,0.5,5.0,0.67,300.0,0.17,0.17,615.905743,1776225300000
1776225301.992,1.992,0.5,5.0,0.33,300.0,0.67,300.0,0.69,375.0,0.33,300.0,0.31,375.0,0.5,5.0,0.67,300.0,0.17,0.17,615.86491,1776225301000
1776225302.888,2.888,0.5,5.0,0.33,300.0,0.67,300.0,0.69,375.0,0.33,300.0,0.31,375.0,0.5,5.0,0.67,300.0,0.17,0.17,615.854427,1776225302000
1776225303.943,3.943,0.5,5.0,0.33,300.0,0.67,300.0,0.69,375.0,0.33,300.0,0.31,375.0,0.5,5.0,0.67,300.0,0.17,0.17,615.852375,1776225303000
1776225305.027,5.027,0.5,5.0,0.33,300.0,0.67,300.0,0.69,375.0,0.33,300.0,0.31,375.0,0.5,5.0,0.67,300.0,0.17,0.17,615.83165,1776225304000
1776225306.006,6.006,0.5,5.0,0.33,300.0,0.67,300.0,0.69,375.0,0.33,300.0,0.31,375.0,0.5,5.0,0.67,300.0,0.17,0.17,615.844401,1776225305000
1776225306.534,6.534,0.5,5.0,0.46,5.0,0.55,10.0,0.6,10.0,0.33,300.0,0.31,375.0,0.5,5.0,0.67,300.0,0.05,0.17,615.844401,1776225305000
1776225307.003,7.003,0.5,5.0,0.46,5.0,0.55,10.0,0.6,10.0,0.45,10.0,0.4,10.0,0.5,5.0,0.54,5.0,0.05,0.05,615.859951,1776225306000
1776225308.058,8.058,0.5,5.0,0.46,5.0,0.55,10.0,0.6,10.0,0.45,10.0,0.4,10.0,0.5,5.0,0.54,5.0,0.05,0.05,615.851851,1776225307000
1776225309.148,9.148,0.5,5.0,0.46,5.0,0.55,10.0,0.6,10.0,0.45,10.0,0.4,10.0,0.5,5.0,0.54,5.0,0.05,0.05,615.877125,1776225308000
1776225310.142,10.142,0.5,5.0,0.46,5.0,0.55,10.0,0.6,10.0,0.45,10.0,0.4,10.0,0.5,5.0,0.54,5.0,0.05,0.05,615.87984,1776225309000
1776225311.097,11.097,0.5,5.0,0.46,5.0,0.55,10.0,0.6,10.0,0.45,10.0,0.4,10.0,0.5,5.0,0.54,5.0,0.05,0.05,615.853786,1776225310000
1776225312.15,12.15,0.5,5.0,0.46,5.0,0.55,10.0,0.6,10.0,0.45,10.0,0.4,10.0,0.5,5.0,0.54,5.0,0.05,0.05,615.849874,1776225311000
1776225313.206,13.206,0.5,5.0,0.46,5.0,0.55,10.0,0.6,10.0,0.45,10.0,0.4,10.0,0.5,5.0,0.54,5.0,0.05,0.05,615.858025,1776225312000
1776225314.373,14.373,0.5,5.0,0.46,5.0,0.55,10.0,0.6,10.0,0.45,10.0,0.4,10.0,0.5,5.0,0.54,5.0,0.05,0.05,615.857672,1776225313000
1776225315.07,15.07,0.5,5.0,0.46,5.0,0.55,10.0,0.6,10.0,0.45,10.0,0.4,10.0,0.5,5.0,0.54,5.0,0.05,0.05,615.849919,1776225314000
1776225316.427,16.427,0.5,5.0,0.46,5.0,0.55,10.0,0.6,10.0,0.45,10.0,0.4,10.0,0.5,5.0,0.54,5.0,0.05,0.05,615.850059,1776225315000
1776225317.088,17.088,0.5,5.0,0.46,5.0,0.55,10.0,0.6,10.0,0.45,10.0,0.4,10.0,0.5,5.0,0.54,5.0,0.05,0.05,615.857851,1776225316000
1776225318.384,18.384,0.5,5.0,0.46,5.0,0.55,10.0,0.6,10.0,0.45,10.0,0.4,10.0,0.5,5.0,0.54,5.0,0.05,0.05,615.857673,1776225317000
1776225319.035,19.035,0.5,5.0,0.46,5.0,0.55,10.0,0.6,10.0,0.45,10.0,0.4,10.0,0.5,5.0,0.54,5.0,0.05,0.05,615.857814,1776225318000
1776225320.217,20.217,0.5,5.0,0.46,5.0,0.55,10.0,0.6,10.0,0.45,10.0,0.4,10.0,0.5,5.0,0.54,5.0,0.05,0.05,615.857897,1776225319000
1776225321.392,21.392,0.5,5.0,0.46,5.0,0.55,10.0,0.6,10.0,0.45,10.0,0.4,10.0,0.5,5.0,0.54,5.0,0.05,0.05,615.857337,1776225320000
1776225322.079,22.079,0.5,5.0,0.46,5.0,0.55,10.0,0.6,10.0,0.45,10.0,0.4,10.0,0.5,5.0,0.54,5.0,0.05,0.05,615.857458,1776225321000
1776225323.099,23.099,0.45,3.0,0.44,5.0,0.55,10.0,0.58,10.0,0.45,10.0,0.4,10.0,0.5,5.0,0.54,5.0,0.1,0.05,615.857458,1776225321000
1776225323.513,23.513,0.45,3.0,0.44,5.0,0.55,10.0,0.58,10.0,0.45,10.0,0.42,10.0,0.55,3.0,0.56,5.0,0.1,0.1,615.865525,1776225322000
1776225324.032,24.032,0.45,3.0,0.44,5.0,0.55,10.0,0.58,10.0,0.45,10.0,0.42,10.0,0.55,3.0,0.56,5.0,0.1,0.1,615.866239,1776225323000
1776225325.362,25.362,0.45,3.0,0.44,5.0,0.55,10.0,0.58,10.0,0.45,10.0,0.42,10.0,0.55,3.0,0.56,5.0,0.1,0.1,615.87139,1776225324000
1776225326.541,26.541,0.45,3.0,0.44,5.0,0.55,10.0,0.58,10.0,0.45,10.0,0.42,10.0,0.55,3.0,0.56,5.0,0.1,0.1,615.87139,1776225325000
1776225327.062,27.062,0.45,3.0,0.44,5.0,0.55,10.0,0.58,10.0,0.45,10.0,0.42,10.0,0.55,3.0,0.56,5.0,0.1,0.1,615.879637,1776225326000
1776225328.196,28.196,0.45,3.0,0.44,5.0,0.55,10.0,0.58,10.0,0.45,10.0,0.42,10.0,0.55,3.0,0.56,5.0,0.1,0.1,615.879567,1776225327000
1776225329.211,29.211,0.58,5.0,0.56,5.0,0.59,5.0,0.65,10.0,0.45,10.0,0.42,10.0,0.55,3.0,0.56,5.0,0.01,0.1,615.879567,1776225327000
1776225330.043,30.043,0.58,5.0,0.56,5.0,0.66,10.0,0.71,50.0,0.41,5.0,0.35,10.0,0.42,5.0,0.44,5.0,0.08,0.01,615.879663,1776225328000
1776225331.3,31.3,0.58,5.0,0.56,5.0,0.66,10.0,0.71,50.0,0.34,10.0,0.29,50.0,0.42,5.0,0.44,5.0,0.08,0.08,615.972253,1776225330000
1776225331.892,31.892,0.58,5.0,0.56,5.0,0.66,10.0,0.71,50.0,0.34,10.0,0.29,50.0,0.42,5.0,0.44,5.0,0.08,0.08,615.986395,1776225331000
1776225333.159,33.159,0.58,5.0,0.56,5.0,0.66,10.0,0.71,50.0,0.34,10.0,0.29,50.0,0.42,5.0,0.44,5.0,0.08,0.08,616.012885,1776225332000
1776225334.364,34.364,0.58,5.0,0.56,5.0,0.66,10.0,0.71,50.0,0.34,10.0,0.29,50.0,0.42,5.0,0.44,5.0,0.08,0.08,615.994747,1776225333000
1776225334.901,34.901,0.58,5.0,0.56,5.0,0.66,10.0,0.71,50.0,0.34,10.0,0.29,50.0,0.42,5.0,0.44,5.0,0.08,0.08,615.988192,1776225334000
1776225336.029,36.029,0.58,5.0,0.56,5.0,0.66,10.0,0.71,50.0,0.34,10.0,0.29,50.0,0.42,5.0,0.44,5.0,0.08,0.08,616.018086,1776225335000
1776225337.137,37.137,0.58,5.0,0.56,5.0,0.66,10.0,0.71,50.0,0.34,10.0,0.29,50.0,0.42,5.0,0.44,5.0,0.08,0.08,616.01804,1776225336000
1776225338.299,38.299,0.58,5.0,0.56,5.0,0.66,10.0,0.71,50.0,0.34,10.0,0.29,50.0,0.42,5.0,0.44,5.0,0.08,0.08,616.01816,1776225337000
1776225339.282,39.282,0.58,5.0,0.56,5.0,0.66,10.0,0.71,50.0,0.34,10.0,0.29,50.0,0.42,5.0,0.44,5.0,0.08,0.08,616.01877,1776225338000
1776225339.835,39.835,0.58,5.0,0.56,5.0,0.66,10.0,0.71,50.0,0.34,10.0,0.29,50.0,0.42,5.0,0.44,5.0,0.08,0.08,616.01908,1776225339000
1776225340.922,40.922,0.58,5.0,0.56,5.0,0.66,10.0,0.71,50.0,0.34,10.0,0.29,50.0,0.42,5.0,0.44,5.0,0.08,0.08,615.990159,1776225340000
1776225341.26,41.26,0.59,5.0,0.58,5.0,0.65,6.43,0.73,10.0,0.34,10.0,0.29,50.0,0.42,5.0,0.44,5.0,0.06,0.08,615.990159,1776225340000
1776225342.084,42.084,0.59,5.0,0.58,5.0,0.65,6.43,0.73,10.0,0.35,6.43,0.27,10.0,0.41,5.0,0.42,5.0,0.06,0.06,615.992926,1776225341000
1776225343.128,43.128,0.59,5.0,0.58,5.0,0.65,6.43,0.73,10.0,0.35,6.43,0.27,10.0,0.41,5.0,0.42,5.0,0.06,0.06,616.001559,1776225342000
1776225344.174,44.174,0.73,5.0,0.67,5.0,0.74,5.24,0.75,5.0,0.27,10.0,0.25,5.0,0.36,28.0,0.37,15.0,0.01,0.09,616.001559,1776225342000
1776225344.91,44.91,0.73,5.0,0.67,5.0,0.74,5.24,0.75,5.0,0.26,5.24,0.25,5.0,0.27,5.0,0.33,5.0,0.01,0.01,616.06454,1776225343000
1776225345.466,45.466,0.67,5.0,0.66,5.0,0.74,5.24,0.75,5.0,0.26,5.24,0.25,5.0,0.33,5.0,0.34,5.0,0.07,0.07,616.044838,1776225344000
1776225345.84,45.84,0.66,5.0,0.65,5.0,0.74,5.24,0.75,5.0,0.26,5.24,0.25,5.0,0.33,5.0,0.34,5.0,0.08,0.07,616.044838,1776225344000
1776225346.829,46.829,0.66,5.0,0.65,5.0,0.74,3.75,0.75,5.0,0.26,5.24,0.25,5.0,0.34,5.0,0.35,5.0,0.08,0.08,616.046899,1776225345000
1776225347.139,47.139,0.66,5.0,0.65,5.0,0.74,3.75,0.75,5.0,0.26,3.75,0.25,5.0,0.34,5.0,0.35,5.0,0.08,0.08,616.071613,1776225346000
1776225348.338,48.338,0.66,5.0,0.65,5.0,0.74,3.75,0.75,5.0,0.26,3.75,0.25,5.0,0.34,5.0,0.35,5.0,0.08,0.08,616.080223,1776225347000
1776225349.06,49.06,0.66,5.0,0.65,5.0,0.74,3.75,0.75,5.0,0.26,3.75,0.25,5.0,0.34,5.0,0.35,5.0,0.08,0.08,616.090716,1776225348000
1776225349.546,49.546,0.66,5.0,0.65,5.0,0.75,4.0,0.84,24.3,0.26,3.75,0.25,5.0,0.34,5.0,0.35,5.0,0.09,0.08,616.090716,1776225348000
1776225350.794,50.794,0.66,5.0,0.65,5.0,0.75,4.0,0.84,24.3,0.25,4.0,0.16,24.3,0.34,5.0,0.35,5.0,0.09,0.09,616.091347,1776225349000
1776225351.423,51.423,0.66,5.0,0.65,5.0,0.75,4.0,0.84,24.3,0.25,4.0,0.16,24.3,0.34,5.0,0.35,5.0,0.09,0.09,616.085051,1776225350000
1776225352.33,52.33,0.66,5.0,0.65,5.0,0.75,4.0,0.84,24.3,0.25,4.0,0.16,24.3,0.34,5.0,0.35,5.0,0.09,0.09,616.124094,1776225351000
1776225352.909,52.909,0.66,5.0,0.65,5.0,0.75,4.0,0.84,24.3,0.25,4.0,0.16,24.3,0.34,5.0,0.35,5.0,0.09,0.09,616.120916,1776225352000
1776225354.18,54.18,0.66,5.0,0.65,5.0,0.75,4.0,0.84,24.3,0.25,4.0,0.16,24.3,0.34,5.0,0.35,5.0,0.09,0.09,616.079945,1776225353000
1776225355.62,55.62,0.66,5.0,0.65,5.0,0.75,4.0,0.84,24.3,0.25,4.0,0.16,24.3,0.34,5.0,0.35,5.0,0.09,0.09,616.122471,1776225354000
1776225356.131,56.131,0.66,5.0,0.65,5.0,0.75,4.0,0.84,24.3,0.25,4.0,0.16,24.3,0.34,5.0,0.35,5.0,0.09,0.09,616.127061,1776225355000
1776225356.838,56.838,0.66,5.0,0.65,5.0,0.75,4.0,0.84,24.3,0.25,4.0,0.16,24.3,0.34,5.0,0.35,5.0,0.09,0.09,616.129119,1776225356000
1776225358.099,58.099,0.66,5.0,0.65,5.0,0.75,4.0,0.84,24.3,0.25,4.0,0.16,24.3,0.34,5.0,0.35,5.0,0.09,0.09,616.122117,1776225357000
1776225358.981,58.981,0.66,5.0,0.65,5.0,0.75,4.0,0.84,24.3,0.25,4.0,0.16,24.3,0.34,5.0,0.35,5.0,0.09,0.09,616.12723,1776225358000
1776225360.202,60.202,0.66,5.0,0.65,5.0,0.75,4.0,0.84,24.3,0.25,4.0,0.16,24.3,0.34,5.0,0.35,5.0,0.09,0.09,616.12952,1776225359000
1776225361.3,61.3,0.66,5.0,0.65,5.0,0.75,4.0,0.84,24.3,0.25,4.0,0.16,24.3,0.34,5.0,0.35,5.0,0.09,0.09,616.156258,1776225360000
1776225361.579,61.579,0.68,33.0,0.61,50.0,0.74,0.37,0.75,4.0,0.25,4.0,0.16,24.3,0.34,5.0,0.35,5.0,0.06,0.09,616.156258,1776225360000
1776225362.487,62.487,0.68,33.0,0.61,50.0,0.74,0.37,0.75,4.0,0.26,0.37,0.25,4.0,0.32,33.0,0.39,50.0,0.06,0.06,616.170373,1776225361000
1776225363.04,63.04,0.68,33.0,0.61,50.0,0.74,0.37,0.75,4.0,0.26,0.37,0.25,4.0,0.32,33.0,0.39,50.0,0.06,0.06,616.19949,1776225362000
1776225364.132,64.132,0.68,33.0,0.61,50.0,0.74,0.37,0.75,4.0,0.26,0.37,0.25,4.0,0.32,33.0,0.39,50.0,0.06,0.06,616.20788,1776225363000
1776225365.194,65.194,0.68,33.0,0.61,50.0,0.74,0.37,0.75,4.0,0.26,0.37,0.25,4.0,0.32,33.0,0.39,50.0,0.06,0.06,616.220515,1776225364000
1776225365.467,65.467,0.71,50.0,0.7,26.0,0.75,2.2,0.91,50.0,0.26,0.37,0.25,4.0,0.32,33.0,0.39,50.0,0.04,0.06,616.220515,1776225364000
1776225365.939,65.939,0.72,30.0,0.71,60.0,0.75,0.2,0.92,5.0,0.25,2.2,0.09,50.0,0.29,50.0,0.3,26.0,0.03,0.04,616.220515,1776225364000
1776225366.316,66.316,0.72,30.0,0.71,60.0,0.75,0.2,0.92,5.0,0.25,0.2,0.08,5.0,0.28,30.0,0.29,60.0,0.03,0.03,616.23686,1776225365000
1776225366.947,66.947,0.72,30.0,0.71,60.0,0.75,0.2,0.92,5.0,0.25,0.2,0.08,5.0,0.28,30.0,0.29,60.0,0.03,0.03,616.268486,1776225366000
1776225368.033,68.033,0.72,30.0,0.71,60.0,0.75,0.2,0.92,5.0,0.25,0.2,0.08,5.0,0.28,30.0,0.29,60.0,0.03,0.03,616.296,1776225367000
1776225368.544,68.544,0.74,36.0,0.71,50.0,0.95,54.7,0.96,72.7,0.25,0.2,0.08,5.0,0.28,30.0,0.29,60.0,0.21,0.03,616.296,1776225367000
1776225369.075,69.075,0.74,36.0,0.71,50.0,0.95,54.7,0.96,72.7,0.05,54.7,0.04,72.7,0.26,36.0,0.29,50.0,0.21,0.21,616.309276,1776225368000
1776225370.304,70.304,0.74,36.0,0.71,50.0,0.95,54.7,0.96,72.7,0.05,54.7,0.04,72.7,0.26,36.0,0.29,50.0,0.21,0.21,616.333408,1776225369000
1776225371.246,71.246,0.74,36.0,0.71,50.0,0.95,54.7,0.96,72.7,0.05,54.7,0.04,72.7,0.26,36.0,0.29,50.0,0.21,0.21,616.34464,1776225370000
1776225372.312,72.312,0.74,36.0,0.71,50.0,0.95,54.7,0.96,72.7,0.05,54.7,0.04,72.7,0.26,36.0,0.29,50.0,0.21,0.21,616.371708,1776225371000
1776225373.376,73.376,0.74,36.0,0.71,50.0,0.95,54.7,0.96,72.7,0.05,54.7,0.04,72.7,0.26,36.0,0.29,50.0,0.21,0.21,616.37483,1776225372000
1776225373.952,73.952,0.74,36.0,0.71,50.0,0.95,54.7,0.96,72.7,0.05,54.7,0.04,72.7,0.26,36.0,0.29,50.0,0.21,0.21,616.374595,1776225373000
1776225375.384,75.384,0.74,36.0,0.71,50.0,0.95,54.7,0.96,72.7,0.05,54.7,0.04,72.7,0.26,36.0,0.29,50.0,0.21,0.21,616.37672,1776225374000
1776225375.76,75.76,0.83,10.0,0.81,15.0,0.96,66.65,0.97,89.3,0.05,54.7,0.04,72.7,0.26,36.0,0.29,50.0,0.13,0.21,616.37672,1776225374000
1776225376.074,76.074,0.83,10.0,0.81,15.0,0.96,66.65,0.97,89.3,0.04,66.65,0.03,89.3,0.17,10.0,0.19,15.0,0.13,0.13,616.326215,1776225375000
1776225376.34,76.34,0.89,7.88,0.88,5.0,0.96,70.51,0.97,89.3,0.04,71.65,0.03,89.3,0.11,7.88,0.12,5.0,0.07,0.07,616.326215,1776225375000
1776225377.156,77.156,0.89,7.88,0.88,5.0,0.96,70.51,0.97,89.3,0.04,70.51,0.03,89.3,0.11,7.88,0.12,5.0,0.07,0.07,616.322185,1776225376000
1776225378.182,78.182,0.89,7.88,0.88,5.0,0.96,70.51,0.97,89.3,0.04,70.51,0.03,89.3,0.11,7.88,0.12,5.0,0.07,0.07,616.313456,1776225377000
1776225379.153,79.153,0.89,7.88,0.88,5.0,0.96,70.51,0.97,89.3,0.04,70.51,0.03,89.3,0.11,7.88,0.12,5.0,0.07,0.07,616.313784,1776225378000
1776225380.247,80.247,0.89,7.88,0.88,5.0,0.96,70.51,0.97,89.3,0.04,70.51,0.03,89.3,0.11,7.88,0.12,5.0,0.07,0.07,616.316176,1776225379000
1776225381.142,81.142,0.89,7.88,0.88,5.0,0.96,70.51,0.97,89.3,0.04,70.51,0.03,89.3,0.11,7.88,0.12,5.0,0.07,0.07,616.329838,1776225380000
1776225382.268,82.268,0.89,7.88,0.88,5.0,0.96,70.51,0.97,89.3,0.04,70.51,0.03,89.3,0.11,7.88,0.12,5.0,0.07,0.07,616.330832,1776225381000
1776225383.293,83.293,0.89,7.88,0.88,5.0,0.96,70.51,0.97,89.3,0.04,70.51,0.03,89.3,0.11,7.88,0.12,5.0,0.07,0.07,616.362,1776225382000
1776225384.422,84.422,0.89,7.88,0.88,5.0,0.96,70.51,0.97,89.3,0.04,70.51,0.03,89.3,0.11,7.88,0.12,5.0,0.07,0.07,616.359,1776225383000
1776225385.006,85.006,0.89,7.88,0.88,5.0,0.96,70.51,0.97,89.3,0.04,70.51,0.03,89.3,0.11,7.88,0.12,5.0,0.07,0.07,616.359,1776225384000
1776225385.927,85.927,0.89,7.88,0.88,5.0,0.96,70.51,0.97,89.3,0.04,70.51,0.03,89.3,0.11,7.88,0.12,5.0,0.07,0.07,616.382959,1776225385000
1776225386.979,86.979,0.89,7.88,0.88,5.0,0.96,70.51,0.97,89.3,0.04,70.51,0.03,89.3,0.11,7.88,0.12,5.0,0.07,0.07,616.372023,1776225386000
1776225388.11,88.11,0.89,7.88,0.88,5.0,0.96,70.51,0.97,89.3,0.04,70.51,0.03,89.3,0.11,7.88,0.12,5.0,0.07,0.07,616.35445,1776225387000
1776225389.205,89.205,0.89,7.88,0.88,5.0,0.96,70.51,0.97,89.3,0.04,70.51,0.03,89.3,0.11,7.88,0.12,5.0,0.07,0.07,616.400385,1776225388000
1776225390.24,90.24,0.89,7.88,0.88,5.0,0.96,70.51,0.97,89.3,0.04,70.51,0.03,89.3,0.11,7.88,0.12,5.0,0.07,0.07,616.40729,1776225389000
1776225391.845,91.845,0.89,7.88,0.88,5.0,0.96,70.51,0.97,89.3,0.04,70.51,0.03,89.3,0.11,7.88,0.12,5.0,0.07,0.07,616.41114,1776225390000
1776225392.213,92.213,0.96,10.0,0.95,59.7,0.98,141.69,0.99,6065.6,0.04,70.51,0.03,89.3,0.11,7.88,0.12,5.0,0.02,0.07,616.41114,1776225390000
1776225392.452,92.452,0.96,10.0,0.95,59.7,0.98,141.69,0.99,6065.6,0.02,141.69,0.01,6065.6,0.04,10.0,0.05,59.7,0.02,0.02,616.42942,1776225391000
1776225393.049,93.049,0.96,10.0,0.95,59.7,0.98,141.69,0.99,6065.6,0.02,141.69,0.01,6065.6,0.04,10.0,0.05,59.7,0.02,0.02,616.429904,1776225392000
1776225394.229,94.229,0.96,10.0,0.95,59.7,0.98,141.69,0.99,6065.6,0.02,141.69,0.01,6065.6,0.04,10.0,0.05,59.7,0.02,0.02,616.426651,1776225393000
1776225395.471,95.471,0.96,10.0,0.95,59.7,0.98,141.69,0.99,6065.6,0.02,141.69,0.01,6065.6,0.04,10.0,0.05,59.7,0.02,0.02,616.481,1776225394000
1776225395.999,95.999,0.96,10.0,0.95,59.7,0.98,141.69,0.99,6065.6,0.02,141.69,0.01,6065.6,0.04,10.0,0.05,59.7,0.02,0.02,616.481,1776225395000
1776225397.213,97.213,0.96,10.0,0.95,59.7,0.98,141.69,0.99,6065.6,0.02,141.69,0.01,6065.6,0.04,10.0,0.05,59.7,0.02,0.02,616.515,1776225396000
1776225398.569,98.569,0.96,10.0,0.95,59.7,0.98,141.69,0.99,6065.6,0.02,141.69,0.01,6065.6,0.04,10.0,0.05,59.7,0.02,0.02,616.539,1776225397000
1776225399.148,99.148,0.96,10.0,0.95,59.7,0.98,141.69,0.99,6065.6,0.02,141.69,0.01,6065.6,0.04,10.0,0.05,59.7,0.02,0.02,616.539,1776225398000
1776225400.337,100.337,0.97,51.32,0.96,82.7,0.98,4.0,0.99,6065.6,0.02,4.0,0.01,6065.6,0.03,51.32,0.04,82.7,0.01,0.01,616.538735,1776225399000
1776225400.998,100.998,0.97,51.32,0.96,82.7,0.98,4.0,0.99,6065.6,0.02,4.0,0.01,6065.6,0.03,51.32,0.04,82.7,0.01,0.01,616.53947,1776225400000
1776225402.193,102.193,0.97,51.32,0.96,82.7,0.98,4.0,0.99,6065.6,0.02,4.0,0.01,6065.6,0.03,51.32,0.04,82.7,0.01,0.01,616.53,1776225401000
1776225403.286,103.286,0.97,51.32,0.96,82.7,0.98,4.0,0.99,6065.6,0.02,4.0,0.01,6065.6,0.03,51.32,0.04,82.7,0.01,0.01,616.521,1776225402000
1776225404.801,104.801,0.97,51.32,0.96,82.7,0.98,4.0,0.99,6065.6,0.02,4.0,0.01,6065.6,0.03,51.32,0.04,82.7,0.01,0.01,616.528,1776225403000
1776225405.328,105.328,0.97,51.32,0.96,82.7,0.98,4.0,0.99,6065.6,0.02,4.0,0.01,6065.6,0.03,51.32,0.04,82.7,0.01,0.01,616.521,1776225404000
1776225405.849,105.849,0.97,51.32,0.96,82.7,0.98,4.0,0.99,6065.6,0.02,4.0,0.01,6065.6,0.03,51.32,0.04,82.7,0.01,0.01,616.521,1776225405000
1776225414.238,114.238,0.97,51.32,0.96,82.7,0.98,4.0,0.99,6065.6,0.02,4.0,0.01,6065.6,0.03,51.32,0.04,82.7,0.01,0.01,616.34,1776225413000
1776225415.165,115.165,0.97,51.32,0.96,82.7,0.98,4.0,0.99,6065.6,0.02,4.0,0.01,6065.6,0.03,51.32,0.04,82.7,0.01,0.01,616.339,1776225414000
1776225416.178,116.178,0.97,51.32,0.96,82.7,0.98,4.0,0.99,6065.6,0.02,4.0,0.01,6065.6,0.03,51.32,0.04,82.7,0.01,0.01,616.352,1776225415000
1776225417.538,117.538,0.97,51.32,0.96,82.7,0.98,4.0,0.99,6065.6,0.02,4.0,0.01,6065.6,0.03,51.32,0.04,82.7,0.01,0.01,616.355,1776225416000
1776225418.121,118.121,0.97,51.32,0.96,82.7,0.98,4.0,0.99,6065.6,0.02,4.0,0.01,6065.6,0.03,51.32,0.04,82.7,0.01,0.01,616.355,1776225417000
1776225419.141,119.141,0.97,51.32,0.96,82.7,0.98,4.0,0.99,6065.6,0.02,4.0,0.01,6065.6,0.03,51.32,0.04,82.7,0.01,0.01,616.427,1776225418000
1776225420.237,120.237,0.97,51.32,0.96,82.7,0.98,4.0,0.99,6065.6,0.02,4.0,0.01,6065.6,0.03,51.32,0.04,82.7,0.01,0.01,616.427,1776225419000
1776225421.278,121.278,0.97,51.32,0.96,82.7,0.98,4.0,0.99,6065.6,0.02,4.0,0.01,6065.6,0.03,51.32,0.04,82.7,0.01,0.01,616.43,1776225420000
1776225422.371,122.371,0.97,51.32,0.96,82.7,0.98,4.0,0.99,6065.6,0.02,4.0,0.01,6065.6,0.03,51.32,0.04,82.7,0.01,0.01,616.425,1776225421000
1776225422.956,122.956,0.97,51.32,0.96,82.7,0.98,4.0,0.99,6065.6,0.02,4.0,0.01,6065.6,0.03,51.32,0.04,82.7,0.01,0.01,616.427,1776225422000
1776225424.076,124.076,0.97,51.32,0.96,82.7,0.98,4.0,0.99,6065.6,0.02,4.0,0.01,6065.6,0.03,51.32,0.04,82.7,0.01,0.01,616.433,1776225423000
1776225425.157,125.157,0.97,51.32,0.96,82.7,0.98,4.0,0.99,6065.6,0.02,4.0,0.01,6065.6,0.03,51.32,0.04,82.7,0.01,0.01,616.332,1776225424000
1776225426.43,126.43,0.97,51.32,0.96,82.7,0.98,4.0,0.99,6065.6,0.02,4.0,0.01,6065.6,0.03,51.32,0.04,82.7,0.01,0.01,616.347,1776225425000
1776225427.398,127.398,0.97,51.32,0.96,82.7,0.98,4.0,0.99,6065.6,0.02,4.0,0.01,6065.6,0.03,51.32,0.04,82.7,0.01,0.01,616.342,1776225426000
1776225427.916,127.916,0.97,51.32,0.96,82.7,0.98,4.0,0.99,6065.6,0.02,4.0,0.01,6065.6,0.03,51.32,0.04,82.7,0.01,0.01,616.372,1776225427000
1776225428.974,128.974,0.97,51.32,0.96,82.7,0.98,4.0,0.99,6065.6,0.02,4.0,0.01,6065.6,0.03,51.32,0.04,82.7,0.01,0.01,616.379,1776225428000
1776225430.196,130.196,0.97,51.32,0.96,82.7,0.98,4.0,0.99,6065.6,0.02,4.0,0.01,6065.6,0.03,51.32,0.04,82.7,0.01,0.01,616.379,1776225429000
1776225431.746,131.746,0.97,51.32,0.96,82.7,0.98,4.0,0.99,6065.6,0.02,4.0,0.01,6065.6,0.03,51.32,0.04,82.7,0.01,0.01,616.383,1776225430000
1776225432.299,132.299,0.97,51.32,0.96,82.7,0.98,4.0,0.99,6065.6,0.02,4.0,0.01,6065.6,0.03,51.32,0.04,82.7,0.01,0.01,616.383,1776225431000
1776225434.021,134.021,0.97,51.32,0.96,82.7,0.98,4.0,0.99,6065.6,0.02,4.0,0.01,6065.6,0.03,51.32,0.04,82.7,0.01,0.01,616.30734,1776225432000
1776225434.603,134.603,0.97,51.32,0.96,82.7,0.98,4.0,0.99,6065.6,0.02,4.0,0.01,6065.6,0.03,51.32,0.04,82.7,0.01,0.01,616.30486,1776225433000
1776225435.61,135.61,0.97,51.32,0.96,82.7,0.98,4.0,0.99,6065.6,0.02,4.0,0.01,6065.6,0.03,51.32,0.04,82.7,0.01,0.01,616.29531,1776225434000
1776225436.488,136.488,0.97,51.32,0.96,82.7,0.98,4.0,0.99,6065.6,0.02,4.0,0.01,6065.6,0.03,51.32,0.04,82.7,0.01,0.01,616.279186,1776225435000
1776225437.137,137.137,0.97,51.32,0.96,82.7,0.98,4.0,0.99,6065.6,0.02,4.0,0.01,6065.6,0.03,51.32,0.04,82.7,0.01,0.01,616.279365,1776225436000
1776225438.503,138.503,0.97,51.32,0.96,82.7,0.98,4.0,0.99,6065.6,0.02,4.0,0.01,6065.6,0.03,51.32,0.04,82.7,0.01,0.01,616.277405,1776225437000
1776225439.083,139.083,0.97,51.32,0.96,82.7,0.98,4.0,0.99,6065.6,0.02,4.0,0.01,6065.6,0.03,51.32,0.04,82.7,0.01,0.01,616.285781,1776225438000
1776225440.405,140.405,0.97,51.32,0.96,82.7,0.98,4.0,0.99,6065.6,0.02,4.0,0.01,6065.6,0.03,51.32,0.04,82.7,0.01,0.01,616.295952,1776225439000
1776225440.982,140.982,0.97,51.32,0.96,82.7,0.98,4.0,0.99,6065.6,0.02,4.0,0.01,6065.6,0.03,51.32,0.04,82.7,0.01,0.01,616.296007,1776225440000
1776225442.377,142.377,0.97,51.32,0.96,82.7,0.98,4.0,0.99,6065.6,0.02,4.0,0.01,6065.6,0.03,51.32,0.04,82.7,0.01,0.01,616.2981,1776225441000
1776225442.972,142.972,0.97,51.32,0.96,82.7,0.98,4.0,0.99,6065.6,0.02,4.0,0.01,6065.6,0.03,51.32,0.04,82.7,0.01,0.01,616.29417,1776225442000
1776225444.485,144.485,0.97,51.32,0.96,82.7,0.98,4.0,0.99,6065.6,0.02,4.0,0.01,6065.6,0.03,51.32,0.04,82.7,0.01,0.01,616.29791,1776225443000
1776225444.974,144.974,0.97,51.32,0.96,82.7,0.98,4.0,0.99,6065.6,0.02,4.0,0.01,6065.6,0.03,51.32,0.04,82.7,0.01,0.01,616.2979,1776225444000
1776225446.476,146.476,0.97,51.32,0.96,82.7,0.98,4.0,0.99,6065.6,0.02,4.0,0.01,6065.6,0.03,51.32,0.04,82.7,0.01,0.01,616.29695,1776225445000
1776225447.094,147.094,0.97,51.32,0.96,82.7,0.98,4.0,0.99,6065.6,0.02,4.0,0.01,6065.6,0.03,51.32,0.04,82.7,0.01,0.01,616.29627,1776225446000
1776225448.713,148.713,0.97,51.32,0.96,82.7,0.98,4.0,0.99,6065.6,0.02,4.0,0.01,6065.6,0.03,51.32,0.04,82.7,0.01,0.01,616.29498,1776225447000
1776225449.8,149.8,0.97,51.32,0.96,82.7,0.98,4.0,0.99,6065.6,0.02,4.0,0.01,6065.6,0.03,51.32,0.04,82.7,0.01,0.01,616.29463,1776225448000
1776225450.591,150.591,0.97,51.32,0.96,82.7,0.98,4.0,0.99,6065.6,0.02,4.0,0.01,6065.6,0.03,51.32,0.04,82.7,0.01,0.01,616.2941,1776225449000
1776225451.272,151.272,0.97,51.32,0.96,82.7,0.98,4.0,0.99,6065.6,0.02,4.0,0.01,6065.6,0.03,51.32,0.04,82.7,0.01,0.01,616.29063,1776225450000
1776225452.953,152.953,0.97,51.32,0.96,82.7,0.98,4.0,0.99,6065.6,0.02,4.0,0.01,6065.6,0.03,51.32,0.04,82.7,0.01,0.01,616.29059,1776225451000
1776225453.741,153.741,0.97,51.32,0.96,82.7,0.98,4.0,0.99,6065.6,0.02,4.0,0.01,6065.6,0.03,51.32,0.04,82.7,0.01,0.01,616.29099,1776225452000
1776225454.312,154.312,0.97,51.32,0.96,82.7,0.98,4.0,0.99,6065.6,0.02,4.0,0.01,6065.6,0.03,51.32,0.04,82.7,0.01,0.01,616.29432,1776225453000
1776225455.189,155.189,0.97,51.32,0.96,82.7,0.98,4.0,0.99,6065.6,0.02,4.0,0.01,6065.6,0.03,51.32,0.04,82.7,0.01,0.01,616.30252,1776225454000
1776225456.551,156.551,0.97,51.32,0.96,82.7,0.98,4.0,0.99,6065.6,0.02,4.0,0.01,6065.6,0.03,51.32,0.04,82.7,0.01,0.01,616.30164,1776225455000
1776225457.179,157.179,0.97,51.32,0.96,82.7,0.98,4.0,0.99,6065.6,0.02,4.0,0.01,6065.6,0.03,51.32,0.04,82.7,0.01,0.01,616.299264,1776225456000
1776225458.571,158.571,0.97,51.32,0.96,82.7,0.98,4.0,0.99,6065.6,0.02,4.0,0.01,6065.6,0.03,51.32,0.04,82.7,0.01,0.01,616.299142,1776225457000
1776225459.376,159.376,0.97,51.32,0.96,82.7,0.98,4.0,0.99,6065.6,0.02,4.0,0.01,6065.6,0.03,51.32,0.04,82.7,0.01,0.01,616.321231,1776225458000
1776225459.583,159.583,0.93,49.9,0.92,35.29,0.97,89.3,0.98,141.69,0.02,4.0,0.01,6065.6,0.03,51.32,0.04,82.7,0.04,0.01,616.321231,1776225458000
1776225460.159,160.159,0.93,49.9,0.92,35.29,0.97,89.3,0.98,141.69,0.03,89.3,0.02,141.69,0.07,49.9,0.08,35.29,0.04,0.04,616.321231,1776225459000
1776225461.414,161.414,0.93,49.9,0.92,35.29,0.97,89.3,0.98,141.69,0.03,89.3,0.02,141.69,0.07,49.9,0.08,35.29,0.04,0.04,616.317308,1776225460000
1776225462.142,162.142,0.93,49.9,0.92,35.29,0.97,89.3,0.98,141.69,0.03,89.3,0.02,141.69,0.07,49.9,0.08,35.29,0.04,0.04,616.317432,1776225461000
1776225463.531,163.531,0.93,49.9,0.92,35.29,0.97,89.3,0.98,141.69,0.03,89.3,0.02,141.69,0.07,49.9,0.08,35.29,0.04,0.04,616.318967,1776225462000
1776225464.166,164.166,0.93,49.9,0.92,35.29,0.97,89.3,0.98,141.69,0.03,89.3,0.02,141.69,0.07,49.9,0.08,35.29,0.04,0.04,616.31442,1776225463000
1776225465.51,165.51,0.93,49.9,0.92,35.29,0.97,89.3,0.98,141.69,0.03,89.3,0.02,141.69,0.07,49.9,0.08,35.29,0.04,0.04,616.338917,1776225464000
1776225466.217,166.217,0.93,49.9,0.92,35.29,0.97,89.3,0.98,141.69,0.03,89.3,0.02,141.69,0.07,49.9,0.08,35.29,0.04,0.04,616.339843,1776225465000
1776225468.193,168.193,0.93,49.9,0.92,35.29,0.97,89.3,0.98,141.69,0.03,89.3,0.02,141.69,0.07,49.9,0.08,35.29,0.04,0.04,616.313211,1776225467000
1776225469.6,169.6,0.93,49.9,0.92,35.29,0.97,89.3,0.98,141.69,0.03,89.3,0.02,141.69,0.07,49.9,0.08,35.29,0.04,0.04,616.342272,1776225468000
1776225470.148,170.148,0.93,49.9,0.92,35.29,0.97,89.3,0.98,141.69,0.03,89.3,0.02,141.69,0.07,49.9,0.08,35.29,0.04,0.04,616.3316,1776225469000
1776225471.297,171.297,0.93,49.9,0.92,35.29,0.97,89.3,0.98,141.69,0.03,89.3,0.02,141.69,0.07,49.9,0.08,35.29,0.04,0.04,616.33169,1776225470000
1776225472.468,172.468,0.93,49.9,0.92,35.29,0.97,89.3,0.98,141.69,0.03,89.3,0.02,141.69,0.07,49.9,0.08,35.29,0.04,0.04,616.352352,1776225471000
1776225473.268,173.268,0.93,49.9,0.92,35.29,0.97,89.3,0.98,141.69,0.03,89.3,0.02,141.69,0.07,49.9,0.08,35.29,0.04,0.04,616.352183,1776225472000
1776225474.585,174.585,0.93,49.9,0.92,35.29,0.97,89.3,0.98,141.69,0.03,89.3,0.02,141.69,0.07,49.9,0.08,35.29,0.04,0.04,616.373653,1776225473000
1776225475.365,175.365,0.93,49.9,0.92,35.29,0.97,89.3,0.98,141.69,0.03,89.3,0.02,141.69,0.07,49.9,0.08,35.29,0.04,0.04,616.418,1776225474000
1776225475.939,175.939,0.93,49.9,0.92,35.29,0.97,89.3,0.98,141.69,0.03,89.3,0.02,141.69,0.07,49.9,0.08,35.29,0.04,0.04,616.419802,1776225475000
1776225477.094,177.094,0.93,49.9,0.92,35.29,0.97,89.3,0.98,141.69,0.03,89.3,0.02,141.69,0.07,49.9,0.08,35.29,0.04,0.04,616.425088,1776225476000
1776225478.788,178.788,0.93,49.9,0.92,35.29,0.97,89.3,0.98,141.69,0.03,89.3,0.02,141.69,0.07,49.9,0.08,35.29,0.04,0.04,616.456212,1776225477000
1776225479.429,179.429,0.93,49.9,0.92,35.29,0.97,89.3,0.98,141.69,0.03,89.3,0.02,141.69,0.07,49.9,0.08,35.29,0.04,0.04,616.456212,1776225478000
1776225479.945,179.945,0.93,49.9,0.92,35.29,0.97,89.3,0.98,141.69,0.03,89.3,0.02,141.69,0.07,49.9,0.08,35.29,0.04,0.04,616.458031,1776225479000
1776225481.036,181.036,0.93,49.9,0.92,35.29,0.97,89.3,0.98,141.69,0.03,89.3,0.02,141.69,0.07,49.9,0.08,35.29,0.04,0.04,616.45634,1776225480000
1776225482.154,182.154,0.93,49.9,0.92,35.29,0.97,89.3,0.98,141.69,0.03,89.3,0.02,141.69,0.07,49.9,0.08,35.29,0.04,0.04,616.463513,1776225481000
1776225483.381,183.381,0.93,49.9,0.92,35.29,0.97,89.3,0.98,141.69,0.03,89.3,0.02,141.69,0.07,49.9,0.08,35.29,0.04,0.04,616.500058,1776225482000
1776225484.837,184.837,0.93,49.9,0.92,35.29,0.97,89.3,0.98,141.69,0.03,89.3,0.02,141.69,0.07,49.9,0.08,35.29,0.04,0.04,616.496252,1776225483000
1776225485.444,185.444,0.93,49.9,0.92,35.29,0.97,89.3,0.98,141.69,0.03,89.3,0.02,141.69,0.07,49.9,0.08,35.29,0.04,0.04,616.496075,1776225484000
1776225486.102,186.102,0.93,49.9,0.92,35.29,0.97,89.3,0.98,141.69,0.03,89.3,0.02,141.69,0.07,49.9,0.08,35.29,0.04,0.04,616.496088,1776225485000
1776225487.335,187.335,0.93,49.9,0.92,35.29,0.97,89.3,0.98,141.69,0.03,89.3,0.02,141.69,0.07,49.9,0.08,35.29,0.04,0.04,616.487776,1776225486000
1776225487.906,187.906,0.93,49.9,0.92,35.29,0.97,89.3,0.98,141.69,0.03,89.3,0.02,141.69,0.07,49.9,0.08,35.29,0.04,0.04,616.49311,1776225487000
1776225489.162,189.162,0.93,49.9,0.92,35.29,0.97,89.3,0.98,141.69,0.03,89.3,0.02,141.69,0.07,49.9,0.08,35.29,0.04,0.04,616.497233,1776225488000
1776225490.523,190.523,0.93,49.9,0.92,35.29,0.97,89.3,0.98,141.69,0.03,89.3,0.02,141.69,0.07,49.9,0.08,35.29,0.04,0.04,616.505529,1776225489000
1776225491.136,191.136,0.93,49.9,0.92,35.29,0.97,89.3,0.98,141.69,0.03,89.3,0.02,141.69,0.07,49.9,0.08,35.29,0.04,0.04,616.50484,1776225490000
1776225492.833,192.833,0.93,49.9,0.92,35.29,0.97,89.3,0.98,141.69,0.03,89.3,0.02,141.69,0.07,49.9,0.08,35.29,0.04,0.04,616.497853,1776225491000
1776225493.447,193.447,0.93,49.9,0.92,35.29,0.97,89.3,0.98,141.69,0.03,89.3,0.02,141.69,0.07,49.9,0.08,35.29,0.04,0.04,616.500237,1776225492000
1776225494.13,194.13,0.93,49.9,0.92,35.29,0.97,89.3,0.98,141.69,0.03,89.3,0.02,141.69,0.07,49.9,0.08,35.29,0.04,0.04,616.475835,1776225493000
1776225495.678,195.678,0.93,49.9,0.92,35.29,0.97,89.3,0.98,141.69,0.03,89.3,0.02,141.69,0.07,49.9,0.08,35.29,0.04,0.04,616.476644,1776225494000
1776225496.343,196.343,0.93,49.9,0.92,35.29,0.97,89.3,0.98,141.69,0.03,89.3,0.02,141.69,0.07,49.9,0.08,35.29,0.04,0.04,616.481861,1776225495000
1776225497.076,197.076,0.93,49.9,0.92,35.29,0.97,89.3,0.98,141.69,0.03,89.3,0.02,141.69,0.07,49.9,0.08,35.29,0.04,0.04,616.481883,1776225496000
1776225498.434,198.434,0.93,49.9,0.92,35.29,0.97,89.3,0.98,141.69,0.03,89.3,0.02,141.69,0.07,49.9,0.08,35.29,0.04,0.04,616.496981,1776225497000
1776225499.106,199.106,0.93,49.9,0.92,35.29,0.97,89.3,0.98,141.69,0.03,89.3,0.02,141.69,0.07,49.9,0.08,35.29,0.04,0.04,616.494705,1776225498000
1776225500.62,200.62,0.93,49.9,0.92,35.29,0.97,89.3,0.98,141.69,0.03,89.3,0.02,141.69,0.07,49.9,0.08,35.29,0.04,0.04,616.478848,1776225499000
1776225501.261,201.261,0.93,49.9,0.92,35.29,0.97,89.3,0.98,141.69,0.03,89.3,0.02,141.69,0.07,49.9,0.08,35.29,0.04,0.04,616.474068,1776225500000
1776225502.351,202.351,0.93,49.9,0.92,35.29,0.97,89.3,0.98,141.69,0.03,89.3,0.02,141.69,0.07,49.9,0.08,35.29,0.04,0.04,616.470666,1776225501000
1776225502.874,202.874,0.93,49.9,0.92,35.29,0.97,89.3,0.98,141.69,0.03,89.3,0.02,141.69,0.07,49.9,0.08,35.29,0.04,0.04,616.4723,1776225502000
1776225503.878,203.878,0.93,49.9,0.92,35.29,0.97,89.3,0.98,141.69,0.03,89.3,0.02,141.69,0.07,49.9,0.08,35.29,0.04,0.04,616.477032,1776225503000
1776225504.924,204.924,0.93,49.9,0.92,35.29,0.97,89.3,0.98,141.69,0.03,89.3,0.02,141.69,0.07,49.9,0.08,35.29,0.04,0.04,616.477675,1776225504000
1776225505.823,205.823,0.93,49.9,0.92,35.29,0.97,89.3,0.98,141.69,0.03,89.3,0.02,141.69,0.07,49.9,0.08,35.29,0.04,0.04,616.478816,1776225505000
1776225506.87,206.87,0.93,49.9,0.92,35.29,0.97,89.3,0.98,141.69,0.03,89.3,0.02,141.69,0.07,49.9,0.08,35.29,0.04,0.04,616.47822,1776225506000
1776225507.437,207.437,0.97,89.3,0.96,67.7,0.98,2.97,0.99,250.0,0.03,89.3,0.02,141.69,0.07,49.9,0.08,35.29,0.01,0.04,616.47822,1776225506000
1776225507.899,207.899,0.97,89.3,0.96,67.7,0.98,2.97,0.99,250.0,0.02,2.97,0.01,250.0,0.03,89.3,0.04,67.7,0.01,0.01,616.475638,1776225507000
1776225508.933,208.933,0.97,89.3,0.96,67.7,0.98,2.97,0.99,250.0,0.02,2.97,0.01,250.0,0.03,89.3,0.04,67.7,0.01,0.01,616.475586,1776225508000
1776225509.952,209.952,0.97,89.3,0.96,67.7,0.98,2.97,0.99,250.0,0.02,2.97,0.01,250.0,0.03,89.3,0.04,67.7,0.01,0.01,616.467936,1776225509000
1776225510.536,210.536,0.97,89.3,0.96,67.7,0.99,234.97,,,0.02,2.97,0.01,250.0,0.03,89.3,0.04,67.7,0.02,0.01,616.467936,1776225509000
1776225510.916,210.916,0.97,89.3,0.96,67.7,0.99,234.97,,,0.01,234.97,,,0.03,89.3,0.04,67.7,0.02,0.02,616.469222,1776225510000
1776225512.026,212.026,0.97,89.3,0.96,67.7,0.99,234.97,,,0.01,234.97,,,0.03,89.3,0.04,67.7,0.02,0.02,616.468594,1776225511000
1776225513.112,213.112,0.97,89.3,0.96,67.7,0.99,234.97,,,0.01,234.97,,,0.03,89.3,0.04,67.7,0.02,0.02,616.469167,1776225512000
1776225514.189,214.189,0.97,89.3,0.96,67.7,0.99,234.97,,,0.01,234.97,,,0.03,89.3,0.04,67.7,0.02,0.02,616.465499,1776225513000
1776225515.726,215.726,0.97,89.3,0.96,67.7,0.99,234.97,,,0.01,234.97,,,0.03,89.3,0.04,67.7,0.02,0.02,616.466606,1776225514000
1776225516.369,216.369,0.97,89.3,0.96,67.7,0.99,234.97,,,0.01,234.97,,,0.03,89.3,0.04,67.7,0.02,0.02,616.466668,1776225515000
1776225517.241,217.241,0.97,89.3,0.96,67.7,0.99,234.97,,,0.01,234.97,,,0.03,89.3,0.04,67.7,0.02,0.02,616.469349,1776225516000
1776225518.242,218.242,0.97,89.3,0.96,67.7,0.99,234.97,,,0.01,234.97,,,0.03,89.3,0.04,67.7,0.02,0.02,616.46924,1776225517000
1776225519.252,219.252,0.97,89.3,0.96,67.7,0.99,234.97,,,0.01,234.97,,,0.03,89.3,0.04,67.7,0.02,0.02,616.469226,1776225518000
1776225520.339,220.339,0.97,89.3,0.96,67.7,0.99,234.97,,,0.01,234.97,,,0.03,89.3,0.04,67.7,0.02,0.02,616.475287,1776225519000
1776225521.299,221.299,0.97,89.3,0.96,67.7,0.99,234.97,,,0.01,234.97,,,0.03,89.3,0.04,67.7,0.02,0.02,616.479017,1776225520000
1776225521.868,221.868,0.97,89.3,0.96,67.7,0.99,234.97,,,0.01,234.97,,,0.03,89.3,0.04,67.7,0.02,0.02,616.494086,1776225521000
1776225523.065,223.065,0.97,89.3,0.96,67.7,0.99,234.97,,,0.01,234.97,,,0.03,89.3,0.04,67.7,0.02,0.02,616.495484,1776225522000
1776225523.953,223.953,0.97,89.3,0.96,67.7,0.99,234.97,,,0.01,234.97,,,0.03,89.3,0.04,67.7,0.02,0.02,616.473892,1776225523000
1776225525.047,225.047,0.97,89.3,0.96,67.7,0.99,234.97,,,0.01,234.97,,,0.03,89.3,0.04,67.7,0.02,0.02,616.420752,1776225524000
1776225525.956,225.956,0.97,89.3,0.96,67.7,0.99,234.97,,,0.01,234.97,,,0.03,89.3,0.04,67.7,0.02,0.02,616.40366,1776225525000
1776225526.947,226.947,0.97,89.3,0.96,67.7,0.99,234.97,,,0.01,234.97,,,0.03,89.3,0.04,67.7,0.02,0.02,616.386,1776225526000
1776225527.861,227.861,0.97,89.3,0.96,67.7,0.99,234.97,,,0.01,234.97,,,0.03,89.3,0.04,67.7,0.02,0.02,616.388,1776225527000
1776225529.528,229.528,0.97,89.3,0.96,67.7,0.99,234.97,,,0.01,234.97,,,0.03,89.3,0.04,67.7,0.02,0.02,616.40166,1776225528000
1776225530.052,230.052,0.97,89.3,0.96,67.7,0.99,234.97,,,0.01,234.97,,,0.03,89.3,0.04,67.7,0.02,0.02,616.40167,1776225529000
1776225531.107,231.107,0.97,89.3,0.96,67.7,0.99,234.97,,,0.01,234.97,,,0.03,89.3,0.04,67.7,0.02,0.02,616.39918,1776225530000
1776225532.616,232.616,0.97,89.3,0.96,67.7,0.99,234.97,,,0.01,234.97,,,0.03,89.3,0.04,67.7,0.02,0.02,616.38698,1776225531000
1776225533.211,233.211,0.97,89.3,0.96,67.7,0.99,234.97,,,0.01,234.97,,,0.03,89.3,0.04,67.7,0.02,0.02,616.38563,1776225532000
1776225534.427,234.427,0.97,89.3,0.96,67.7,0.99,234.97,,,0.01,234.97,,,0.03,89.3,0.04,67.7,0.02,0.02,616.38114,1776225533000
1776225534.99,234.99,0.97,89.3,0.96,67.7,0.99,234.97,,,0.01,234.97,,,0.03,89.3,0.04,67.7,0.02,0.02,616.36686,1776225534000
1776225536.105,236.105,0.97,89.3,0.96,67.7,0.99,234.97,,,0.01,234.97,,,0.03,89.3,0.04,67.7,0.02,0.02,616.36669,1776225535000
1776225537.277,237.277,0.97,89.3,0.96,67.7,0.99,234.97,,,0.01,234.97,,,0.03,89.3,0.04,67.7,0.02,0.02,616.409954,1776225536000
1776225538.853,238.853,0.97,89.3,0.96,67.7,0.99,234.97,,,0.01,234.97,,,0.03,89.3,0.04,67.7,0.02,0.02,616.429934,1776225537000
1776225539.47,239.47,0.97,89.3,0.96,67.7,0.99,234.97,,,0.01,234.97,,,0.03,89.3,0.04,67.7,0.02,0.02,616.439648,1776225538000
1776225540.157,240.157,0.97,89.3,0.96,67.7,0.99,234.97,,,0.01,234.97,,,0.03,89.3,0.04,67.7,0.02,0.02,616.444758,1776225539000
1776225541.345,241.345,0.97,89.3,0.96,67.7,0.99,234.97,,,0.01,234.97,,,0.03,89.3,0.04,67.7,0.02,0.02,616.445101,1776225540000
1776225542.615,242.615,0.97,89.3,0.96,67.7,0.99,234.97,,,0.01,234.97,,,0.03,89.3,0.04,67.7,0.02,0.02,616.43671,1776225541000
1776225543.093,243.093,0.97,89.3,0.96,67.7,0.99,225.97,,,0.01,225.97,,,0.03,89.3,0.04,67.7,0.02,0.02,616.42057,1776225542000
1776225544.337,244.337,0.97,89.3,0.96,67.7,0.99,225.97,,,0.01,225.97,,,0.03,89.3,0.04,67.7,0.02,0.02,616.429065,1776225543000
1776225545.393,245.393,0.97,89.3,0.96,67.7,0.99,225.97,,,0.01,225.97,,,0.03,89.3,0.04,67.7,0.02,0.02,616.43608,1776225544000
1776225545.941,245.941,0.97,89.3,0.96,67.7,0.99,225.97,,,0.01,225.97,,,0.03,89.3,0.04,67.7,0.02,0.02,616.43608,1776225545000
1776225547.027,247.027,0.97,89.3,0.96,67.7,0.99,225.97,,,0.01,225.97,,,0.03,89.3,0.04,67.7,0.02,0.02,616.423853,1776225546000
1776225548.112,248.112,0.97,89.3,0.96,67.7,0.99,225.97,,,0.01,225.97,,,0.03,89.3,0.04,67.7,0.02,0.02,616.39498,1776225547000
1776225549.184,249.184,0.97,89.3,0.96,67.7,0.99,225.97,,,0.01,225.97,,,0.03,89.3,0.04,67.7,0.02,0.02,616.39147,1776225548000
1776225550.231,250.231,0.97,89.3,0.96,67.7,0.99,225.97,,,0.01,225.97,,,0.03,89.3,0.04,67.7,0.02,0.02,616.400392,1776225549000
1776225551.333,251.333,0.97,89.3,0.96,67.7,0.99,225.97,,,0.01,225.97,,,0.03,89.3,0.04,67.7,0.02,0.02,616.401423,1776225550000
1776225552.282,252.282,0.97,89.3,0.96,67.7,0.99,225.97,,,0.01,225.97,,,0.03,89.3,0.04,67.7,0.02,0.02,616.418,1776225551000
1776225553.283,253.283,0.97,89.3,0.96,67.7,0.99,225.97,,,0.01,225.97,,,0.03,89.3,0.04,67.7,0.02,0.02,616.419137,1776225552000
1776225554.344,254.344,0.97,89.3,0.96,67.7,0.99,225.97,,,0.01,225.97,,,0.03,89.3,0.04,67.7,0.02,0.02,616.419031,1776225553000
1776225554.847,254.847,0.97,89.3,0.96,67.7,0.99,225.97,,,0.01,225.97,,,0.03,89.3,0.04,67.7,0.02,0.02,616.419467,1776225554000
1776225555.905,255.905,0.97,89.3,0.96,67.7,0.99,225.97,,,0.01,225.97,,,0.03,89.3,0.04,67.7,0.02,0.02,616.418,1776225555000
1776225556.922,256.922,0.97,89.3,0.96,67.7,0.99,225.97,,,0.01,225.97,,,0.03,89.3,0.04,67.7,0.02,0.02,616.42,1776225556000
1776225558.152,258.152,0.97,89.3,0.96,67.7,0.99,225.97,,,0.01,225.97,,,0.03,89.3,0.04,67.7,0.02,0.02,616.419,1776225557000
1776225559.242,259.242,0.97,89.3,0.96,67.7,0.99,225.97,,,0.01,225.97,,,0.03,89.3,0.04,67.7,0.02,0.02,616.406786,1776225558000
1776225560.421,260.421,0.97,89.3,0.96,67.7,0.99,225.97,,,0.01,225.97,,,0.03,89.3,0.04,67.7,0.02,0.02,616.419,1776225559000
1776225562.242,262.242,0.97,89.3,0.96,67.7,0.99,225.97,,,0.01,225.97,,,0.03,89.3,0.04,67.7,0.02,0.02,616.419,1776225560000
1776225562.832,262.832,0.97,89.3,0.96,67.7,0.99,225.97,,,0.01,225.97,,,0.03,89.3,0.04,67.7,0.02,0.02,616.421,1776225561000
1776225563.447,263.447,0.97,89.3,0.96,67.7,0.99,225.97,,,0.01,225.97,,,0.03,89.3,0.04,67.7,0.02,0.02,616.419,1776225562000
1776225564.058,264.058,0.97,89.3,0.96,67.7,0.99,225.97,,,0.01,225.97,,,0.03,89.3,0.04,67.7,0.02,0.02,616.420683,1776225563000
1776225565.637,265.637,0.97,89.3,0.96,67.7,0.99,225.97,,,0.01,225.97,,,0.03,89.3,0.04,67.7,0.02,0.02,616.418,1776225564000
1776225566.3,266.3,0.97,89.3,0.96,67.7,0.99,225.97,,,0.01,225.97,,,0.03,89.3,0.04,67.7,0.02,0.02,616.422,1776225565000
1776225567.472,267.472,0.98,33.0,0.97,89.3,0.99,110.0,,,0.01,225.97,,,0.03,89.3,0.04,67.7,0.01,0.02,616.422,1776225565000
1776225568.5,268.5,0.98,33.0,0.97,89.3,0.99,110.0,,,0.01,110.0,,,0.02,33.0,0.03,89.3,0.01,0.01,616.415386,1776225567000
1776225569.054,269.054,0.98,33.0,0.97,89.3,0.99,110.0,,,0.01,110.0,,,0.02,33.0,0.03,89.3,0.01,0.01,616.415834,1776225568000
1776225570.41,270.41,0.98,33.0,0.97,89.3,0.99,110.0,,,0.01,110.0,,,0.02,33.0,0.03,89.3,0.01,0.01,616.415,1776225569000
1776225571.023,271.023,0.98,33.0,0.97,89.3,0.99,110.0,,,0.01,110.0,,,0.02,33.0,0.03,89.3,0.01,0.01,616.414935,1776225570000
1776225572.623,272.623,0.98,33.0,0.97,89.3,0.99,110.0,,,0.01,110.0,,,0.02,33.0,0.03,89.3,0.01,0.01,616.415,1776225571000
1776225573.215,273.215,0.98,33.0,0.97,89.3,0.99,110.0,,,0.01,110.0,,,0.02,33.0,0.03,89.3,0.01,0.01,616.415331,1776225572000
1776225574.518,274.518,0.98,38.0,0.97,89.3,0.99,108.98,,,0.01,108.98,,,0.02,38.0,0.03,89.3,0.01,0.01,616.416889,1776225573000
1776225575.118,275.118,0.98,38.0,0.97,89.3,0.99,108.98,,,0.01,108.98,,,0.02,38.0,0.03,89.3,0.01,0.01,616.42,1776225574000
1776225576.363,276.363,0.98,38.0,0.94,10.0,0.99,102.98,,,0.01,102.98,,,0.02,38.0,0.06,10.0,0.01,0.01,616.422,1776225575000
1776225577.773,277.773,0.98,38.0,0.94,10.0,0.99,102.98,,,0.01,102.98,,,0.02,38.0,0.06,10.0,0.01,0.01,616.413848,1776225576000
1776225578.473,278.473,0.98,38.0,0.94,10.0,0.99,102.98,,,0.01,102.98,,,0.02,38.0,0.06,10.0,0.01,0.01,616.402,1776225577000
1776225579.89,279.89,0.98,38.0,0.94,10.0,0.99,102.98,,,0.01,102.98,,,0.02,38.0,0.06,10.0,0.01,0.01,616.39474,1776225578000
1776225580.693,280.693,0.98,38.0,0.94,10.0,0.99,102.98,,,0.01,102.98,,,0.02,38.0,0.06,10.0,0.01,0.01,616.36669,1776225579000
1776225581.448,281.448,0.99,897.02,0.98,38.0,,,,,,,,,0.01,897.02,0.02,38.0,,,616.37511,1776225580000
1776225582.237,282.237,0.99,897.02,0.98,38.0,,,,,,,,,0.01,897.02,0.02,38.0,,,616.37613,1776225581000
1776225583.006,283.006,0.99,897.02,0.98,38.0,,,,,,,,,0.01,897.02,0.02,38.0,,,616.400896,1776225582000
1776225584.534,284.534,0.99,897.02,0.98,38.0,,,,,,,,,0.01,897.02,0.02,38.0,,,616.393098,1776225583000
1776225585.238,285.238,0.99,897.02,0.98,38.0,,,,,,,,,0.01,897.02,0.02,38.0,,,616.393052,1776225584000
1776225586.655,286.655,0.99,897.02,0.98,38.0,,,,,,,,,0.01,897.02,0.02,38.0,,,616.404921,1776225585000
1776225587.291,287.291,0.99,897.02,0.98,38.0,,,,,,,,,0.01,897.02,0.02,38.0,,,616.403905,1776225586000
1776225588.112,288.112,0.99,897.02,0.98,38.0,,,,,,,,,0.01,897.02,0.02,38.0,,,616.41399,1776225587000
1776225589.382,289.382,0.99,897.02,0.98,38.0,,,,,,,,,0.01,897.02,0.02,38.0,,,616.403158,1776225588000
1776225590.141,290.141,0.99,897.02,0.98,38.0,,,,,,,,,0.01,897.02,0.02,38.0,,,616.409217,1776225589000
1776225591.563,291.563,0.99,897.02,0.98,38.0,,,,,,,,,0.01,897.02,0.02,38.0,,,616.41881,1776225590000
1776225592.394,292.394,0.99,897.02,0.98,38.0,,,,,,,,,0.01,897.02,0.02,38.0,,,616.41881,1776225591000
1776225593.21,293.21,0.99,897.02,0.98,38.0,,,,,,,,,0.01,897.02,0.02,38.0,,,616.41867,1776225592000
1776225594.704,294.704,0.99,897.02,0.98,38.0,,,,,,,,,0.01,897.02,0.02,38.0,,,616.41113,1776225593000
1776225595.352,295.352,0.99,897.02,0.98,38.0,,,,,,,,,0.01,897.02,0.02,38.0,,,616.41113,1776225594000
1776225596.134,296.134,0.99,897.02,0.98,38.0,,,,,,,,,0.01,897.02,0.02,38.0,,,616.415497,1776225595000
1776225597.245,297.245,0.99,897.02,0.98,38.0,,,,,,,,,0.01,897.02,0.02,38.0,,,616.415272,1776225596000
1776225598.268,298.268,0.99,897.02,0.98,38.0,,,,,,,,,0.01,897.02,0.02,38.0,,,616.41531,1776225597000
1776225599.246,299.246,0.99,897.02,0.98,38.0,,,,,,,,,0.01,897.02,0.02,38.0,,,616.398841,1776225598000
1776225600.27,300.27,0.99,897.02,0.98,38.0,,,,,,,,,0.01,897.02,0.02,38.0,,,616.400515,1776225599000
1776225601.302,301.302,0.99,897.02,0.98,38.0,,,,,,,,,0.01,897.02,0.02,38.0,,,616.396492,1776225600000
1776225602.465,302.465,0.99,897.02,0.98,38.0,,,,,,,,,0.01,897.02,0.02,38.0,,,616.394416,1776225601000
1776225602.92,302.92,0.99,897.02,0.98,38.0,,,,,,,,,0.01,897.02,0.02,38.0,,,616.386778,1776225602000

# RESULT,winner=Up,slug=bnb-updown-5m-1776225300,ticks=312
