timestamp,elapsed_sec,up_bid_p1,up_bid_s1,up_bid_p2,up_bid_s2,up_ask_p1,up_ask_s1,up_ask_p2,up_ask_s2,down_bid_p1,down_bid_s1,down_bid_p2,down_bid_s2,down_ask_p1,down_ask_s1,down_ask_p2,down_ask_s2,up_spread,down_spread,bnb_price,bnb_oracle_ts
1776229501.29,1.29,,,,,,,,,,,,,,,,,,,616.049,1776229500000
1776229501.772,1.772,0.5,5.0,0.33,300.0,0.59,5.0,0.67,300.0,0.41,5.0,0.33,300.0,0.5,5.0,0.67,300.0,0.09,0.09,616.049,1776229500000
1776229502.407,2.407,0.5,5.0,0.33,300.0,0.59,5.0,0.67,300.0,0.41,5.0,0.33,300.0,0.5,5.0,0.67,300.0,0.09,0.09,616.081,1776229501000
1776229503.301,3.301,0.5,5.0,0.33,300.0,0.59,5.0,0.67,300.0,0.41,5.0,0.33,300.0,0.5,5.0,0.67,300.0,0.09,0.09,616.043,1776229502000
1776229504.32,4.32,0.5,5.0,0.33,300.0,0.59,5.0,0.67,300.0,0.41,5.0,0.33,300.0,0.5,5.0,0.67,300.0,0.09,0.09,616.078,1776229503000
1776229505.241,5.241,0.5,5.0,0.33,300.0,0.59,5.0,0.67,300.0,0.41,5.0,0.33,300.0,0.5,5.0,0.67,300.0,0.09,0.09,616.083,1776229504000
1776229505.71,5.71,0.39,10.0,0.38,5.26,0.51,5.0,0.55,5.0,0.41,5.0,0.33,300.0,0.5,5.0,0.67,300.0,0.12,0.09,616.083,1776229504000
1776229506.333,6.333,0.39,10.0,0.38,5.26,0.51,5.0,0.55,5.0,0.49,5.0,0.45,5.0,0.61,10.0,0.62,5.26,0.12,0.12,616.083,1776229505000
1776229506.891,6.891,0.39,10.0,0.38,5.26,0.51,5.0,0.55,5.0,0.49,5.0,0.45,5.0,0.61,10.0,0.62,5.26,0.12,0.12,616.07774,1776229506000
1776229507.836,7.836,0.39,10.0,0.38,5.26,0.51,5.0,0.55,5.0,0.49,5.0,0.45,5.0,0.61,10.0,0.62,5.26,0.12,0.12,616.061,1776229507000
1776229508.807,8.807,0.38,13.64,0.31,50.0,0.49,10.0,0.54,5.0,0.49,5.0,0.45,5.0,0.61,10.0,0.62,5.26,0.11,0.12,616.061,1776229507000
1776229510.293,10.293,0.38,13.64,0.31,50.0,0.49,10.0,0.54,5.0,0.51,10.0,0.46,5.0,0.62,13.64,0.69,50.0,0.11,0.11,616.015,1776229509000
1776229511.281,11.281,0.38,13.64,0.31,50.0,0.49,10.0,0.54,5.0,0.51,10.0,0.46,5.0,0.62,13.64,0.69,50.0,0.11,0.11,616.012,1776229510000
1776229512.848,12.848,0.38,13.64,0.31,50.0,0.49,10.0,0.54,5.0,0.51,10.0,0.46,5.0,0.62,13.64,0.69,50.0,0.11,0.11,615.993,1776229511000
1776229513.421,13.421,0.38,13.64,0.31,50.0,0.49,10.0,0.54,5.0,0.51,10.0,0.46,5.0,0.62,13.64,0.69,50.0,0.11,0.11,615.956,1776229512000
1776229513.963,13.963,0.38,13.64,0.31,50.0,0.49,10.0,0.54,5.0,0.51,10.0,0.46,5.0,0.62,13.64,0.69,50.0,0.11,0.11,615.956,1776229513000
1776229514.808,14.808,0.38,13.64,0.31,50.0,0.49,10.0,0.54,5.0,0.51,10.0,0.46,5.0,0.62,13.64,0.69,50.0,0.11,0.11,615.926,1776229514000
1776229516.271,16.271,0.38,13.64,0.31,50.0,0.49,10.0,0.54,5.0,0.51,10.0,0.46,5.0,0.62,13.64,0.69,50.0,0.11,0.11,615.875,1776229515000
1776229517.333,17.333,0.38,13.64,0.31,50.0,0.49,10.0,0.54,5.0,0.51,10.0,0.46,5.0,0.62,13.64,0.69,50.0,0.11,0.11,615.875,1776229516000
1776229517.817,17.817,0.38,13.64,0.31,50.0,0.49,10.0,0.54,5.0,0.51,10.0,0.46,5.0,0.62,13.64,0.69,50.0,0.11,0.11,615.872,1776229517000
1776229519.275,19.275,0.38,13.64,0.31,50.0,0.49,10.0,0.54,5.0,0.51,10.0,0.46,5.0,0.62,13.64,0.69,50.0,0.11,0.11,615.862777,1776229518000
1776229520.147,20.147,0.38,13.64,0.31,50.0,0.49,10.0,0.54,5.0,0.51,10.0,0.46,5.0,0.62,13.64,0.69,50.0,0.11,0.11,615.864152,1776229519000
1776229521.087,21.087,0.38,13.64,0.31,50.0,0.49,10.0,0.54,5.0,0.51,10.0,0.46,5.0,0.62,13.64,0.69,50.0,0.11,0.11,615.864175,1776229520000
1776229521.638,21.638,0.32,5.0,0.31,5.0,0.43,3.97,0.47,5.0,0.51,10.0,0.46,5.0,0.62,13.64,0.69,50.0,0.11,0.11,615.864175,1776229520000
1776229522.668,22.668,0.32,5.0,0.31,5.0,0.43,3.97,0.47,5.0,0.57,3.97,0.53,5.0,0.68,5.0,0.69,5.0,0.11,0.11,615.867552,1776229521000
1776229523.206,23.206,0.32,5.0,0.31,5.0,0.43,3.97,0.47,5.0,0.57,3.97,0.53,5.0,0.68,5.0,0.69,5.0,0.11,0.11,615.867552,1776229522000
1776229524.261,24.261,0.32,5.0,0.31,5.0,0.43,3.97,0.47,5.0,0.57,3.97,0.53,5.0,0.68,5.0,0.69,5.0,0.11,0.11,615.867422,1776229523000
1776229525.332,25.332,0.32,5.0,0.31,5.0,0.43,3.97,0.47,5.0,0.57,3.97,0.53,5.0,0.68,5.0,0.69,5.0,0.11,0.11,615.867939,1776229524000
1776229526.399,26.399,0.32,5.0,0.31,5.0,0.43,3.97,0.47,5.0,0.57,3.97,0.53,5.0,0.68,5.0,0.69,5.0,0.11,0.11,615.87008,1776229525000
1776229526.957,26.957,0.32,5.0,0.31,5.0,0.43,3.97,0.47,5.0,0.57,3.97,0.53,5.0,0.68,5.0,0.69,5.0,0.11,0.11,615.87008,1776229526000
1776229527.917,27.917,0.32,5.0,0.31,5.0,0.43,3.97,0.47,5.0,0.57,3.97,0.53,5.0,0.68,5.0,0.69,5.0,0.11,0.11,615.876,1776229527000
1776229528.898,28.898,0.32,5.0,0.31,5.0,0.43,3.97,0.47,5.0,0.57,3.97,0.53,5.0,0.68,5.0,0.69,5.0,0.11,0.11,615.894,1776229528000
1776229529.904,29.904,0.32,5.0,0.31,5.0,0.43,3.97,0.47,5.0,0.57,3.97,0.53,5.0,0.68,5.0,0.69,5.0,0.11,0.11,615.904,1776229529000
1776229530.966,30.966,0.32,5.0,0.31,5.0,0.43,3.97,0.47,5.0,0.57,3.97,0.53,5.0,0.68,5.0,0.69,5.0,0.11,0.11,615.901,1776229530000
1776229531.935,31.935,0.32,5.0,0.31,5.0,0.43,3.97,0.47,5.0,0.57,3.97,0.53,5.0,0.68,5.0,0.69,5.0,0.11,0.11,615.893,1776229531000
1776229532.914,32.914,0.32,5.0,0.31,5.0,0.43,3.97,0.47,5.0,0.57,3.97,0.53,5.0,0.68,5.0,0.69,5.0,0.11,0.11,615.891,1776229532000
1776229533.959,33.959,0.32,5.0,0.31,5.0,0.43,3.97,0.47,5.0,0.57,3.97,0.53,5.0,0.68,5.0,0.69,5.0,0.11,0.11,615.899,1776229533000
1776229534.95,34.95,0.32,5.0,0.31,5.0,0.43,3.97,0.47,5.0,0.57,3.97,0.53,5.0,0.68,5.0,0.69,5.0,0.11,0.11,615.899,1776229534000
1776229535.874,35.874,0.32,5.0,0.31,5.0,0.43,3.97,0.47,5.0,0.57,3.97,0.53,5.0,0.68,5.0,0.69,5.0,0.11,0.11,615.91482,1776229535000
1776229536.354,36.354,0.25,1.0,0.24,5.0,0.35,5.0,0.45,5.0,0.57,3.97,0.53,5.0,0.68,5.0,0.69,5.0,0.1,0.11,615.91482,1776229535000
1776229536.898,36.898,0.25,1.0,0.24,5.0,0.35,5.0,0.45,5.0,0.65,5.0,0.55,5.0,0.75,1.0,0.76,5.0,0.1,0.1,615.765559,1776229536000
1776229537.973,37.973,0.25,1.0,0.24,5.0,0.35,5.0,0.45,5.0,0.65,5.0,0.55,5.0,0.75,1.0,0.76,5.0,0.1,0.1,615.811,1776229537000
1776229539.33,39.33,0.25,1.0,0.24,5.0,0.35,5.0,0.45,5.0,0.65,5.0,0.55,5.0,0.75,1.0,0.76,5.0,0.1,0.1,615.811,1776229538000
1776229539.946,39.946,0.25,1.0,0.24,5.0,0.35,5.0,0.45,5.0,0.65,5.0,0.55,5.0,0.75,1.0,0.76,5.0,0.1,0.1,615.819,1776229539000
1776229541.061,41.061,0.25,1.0,0.24,5.0,0.35,5.0,0.45,5.0,0.65,5.0,0.55,5.0,0.75,1.0,0.76,5.0,0.1,0.1,615.813,1776229540000
1776229542.055,42.055,0.25,1.0,0.24,5.0,0.35,5.0,0.45,5.0,0.65,5.0,0.55,5.0,0.75,1.0,0.76,5.0,0.1,0.1,615.817,1776229541000
1776229543.143,43.143,0.25,1.0,0.24,5.0,0.35,5.0,0.45,5.0,0.65,5.0,0.55,5.0,0.75,1.0,0.76,5.0,0.1,0.1,615.824,1776229542000
1776229544.289,44.289,0.25,1.0,0.24,5.0,0.35,5.0,0.45,5.0,0.65,5.0,0.55,5.0,0.75,1.0,0.76,5.0,0.1,0.1,615.824,1776229543000
1776229545.299,45.299,0.25,1.0,0.24,5.0,0.35,5.0,0.45,5.0,0.65,5.0,0.55,5.0,0.75,1.0,0.76,5.0,0.1,0.1,615.825,1776229544000
1776229546.398,46.398,0.25,1.0,0.24,5.0,0.35,5.0,0.45,5.0,0.65,5.0,0.55,5.0,0.75,1.0,0.76,5.0,0.1,0.1,615.836,1776229545000
1776229546.965,46.965,0.25,1.0,0.24,5.0,0.35,5.0,0.45,5.0,0.65,5.0,0.55,5.0,0.75,1.0,0.76,5.0,0.1,0.1,615.836,1776229546000
1776229547.969,47.969,0.25,1.0,0.24,5.0,0.35,5.0,0.45,5.0,0.65,5.0,0.55,5.0,0.75,1.0,0.76,5.0,0.1,0.1,615.836,1776229547000
1776229549.048,49.048,0.25,1.0,0.24,5.0,0.35,5.0,0.45,5.0,0.65,5.0,0.55,5.0,0.75,1.0,0.76,5.0,0.1,0.1,615.838,1776229548000
1776229550.1,50.1,0.25,1.0,0.24,5.0,0.35,5.0,0.45,5.0,0.65,5.0,0.55,5.0,0.75,1.0,0.76,5.0,0.1,0.1,615.831,1776229549000
1776229551.197,51.197,0.25,1.0,0.24,5.0,0.35,5.0,0.45,5.0,0.65,5.0,0.55,5.0,0.75,1.0,0.76,5.0,0.1,0.1,615.824,1776229550000
1776229552.335,52.335,0.25,1.0,0.24,5.0,0.35,5.0,0.45,5.0,0.65,5.0,0.55,5.0,0.75,1.0,0.76,5.0,0.1,0.1,615.824,1776229551000
1776229553.449,53.449,0.25,1.0,0.24,5.0,0.35,5.0,0.45,5.0,0.65,5.0,0.55,5.0,0.75,1.0,0.76,5.0,0.1,0.1,615.816,1776229552000
1776229554.125,54.125,0.25,1.0,0.24,5.0,0.35,5.0,0.45,5.0,0.65,5.0,0.55,5.0,0.75,1.0,0.76,5.0,0.1,0.1,615.783,1776229553000
1776229556.364,56.364,0.25,1.0,0.24,5.0,0.35,5.0,0.45,5.0,0.65,5.0,0.55,5.0,0.75,1.0,0.76,5.0,0.1,0.1,615.802,1776229555000
1776229556.965,56.965,0.25,1.0,0.24,5.0,0.35,5.0,0.45,5.0,0.65,5.0,0.55,5.0,0.75,1.0,0.76,5.0,0.1,0.1,615.803,1776229556000
1776229558.702,58.702,0.25,1.0,0.24,5.0,0.35,5.0,0.45,5.0,0.65,5.0,0.55,5.0,0.75,1.0,0.76,5.0,0.1,0.1,615.795,1776229557000
1776229559.47,59.47,0.25,1.0,0.24,5.0,0.35,5.0,0.45,5.0,0.65,5.0,0.55,5.0,0.75,1.0,0.76,5.0,0.1,0.1,615.797,1776229558000
1776229560.31,60.31,0.25,1.0,0.24,5.0,0.35,5.0,0.45,5.0,0.65,5.0,0.55,5.0,0.75,1.0,0.76,5.0,0.1,0.1,615.793,1776229559000
1776229561.071,61.071,0.25,1.0,0.24,5.0,0.35,5.0,0.45,5.0,0.65,5.0,0.55,5.0,0.75,1.0,0.76,5.0,0.1,0.1,615.793,1776229560000
1776229562.624,62.624,0.25,1.0,0.24,5.0,0.35,5.0,0.45,5.0,0.65,5.0,0.55,5.0,0.75,1.0,0.76,5.0,0.1,0.1,615.795,1776229561000
1776229563.354,63.354,0.25,1.0,0.24,5.0,0.35,5.0,0.45,5.0,0.65,5.0,0.55,5.0,0.75,1.0,0.76,5.0,0.1,0.1,615.795,1776229562000
1776229564.178,64.178,0.23,5.0,0.21,15.7,0.34,7.0,0.35,5.0,0.66,7.0,0.65,5.0,0.77,5.0,0.79,15.7,0.11,0.11,615.79,1776229563000
1776229565.729,65.729,0.23,5.0,0.21,15.7,0.34,7.0,0.35,5.0,0.66,7.0,0.65,5.0,0.77,5.0,0.79,15.7,0.11,0.11,615.786,1776229564000
1776229566.351,66.351,0.23,5.0,0.21,15.7,0.34,7.0,0.35,5.0,0.66,7.0,0.65,5.0,0.77,5.0,0.79,15.7,0.11,0.11,615.754563,1776229565000
1776229567.156,67.156,0.23,5.0,0.21,15.7,0.34,7.0,0.35,5.0,0.66,7.0,0.65,5.0,0.77,5.0,0.79,15.7,0.11,0.11,615.742047,1776229566000
1776229568.644,68.644,0.23,5.0,0.21,15.7,0.34,7.0,0.35,5.0,0.66,7.0,0.65,5.0,0.77,5.0,0.79,15.7,0.11,0.11,615.685222,1776229567000
1776229569.311,69.311,0.23,5.0,0.21,15.7,0.34,7.0,0.35,5.0,0.66,7.0,0.65,5.0,0.77,5.0,0.79,15.7,0.11,0.11,615.599,1776229568000
1776229570.043,70.043,0.23,5.0,0.21,15.7,0.34,7.0,0.35,5.0,0.66,7.0,0.65,5.0,0.77,5.0,0.79,15.7,0.11,0.11,615.599,1776229569000
1776229571.626,71.626,0.23,5.0,0.21,15.7,0.34,7.0,0.35,5.0,0.66,7.0,0.65,5.0,0.77,5.0,0.79,15.7,0.11,0.11,615.57,1776229570000
1776229572.279,72.279,0.23,5.0,0.21,15.7,0.34,7.0,0.35,5.0,0.66,7.0,0.65,5.0,0.77,5.0,0.79,15.7,0.11,0.11,615.57,1776229571000
1776229573.246,73.246,0.23,5.0,0.21,15.7,0.34,7.0,0.35,5.0,0.66,7.0,0.65,5.0,0.77,5.0,0.79,15.7,0.11,0.11,615.562314,1776229572000
1776229573.993,73.993,0.08,15.29,0.07,39.9,0.13,19.0,0.18,10.0,0.66,7.0,0.65,5.0,0.77,5.0,0.79,15.7,0.05,0.11,615.562314,1776229572000
1776229574.243,74.243,0.08,15.29,0.07,39.9,0.13,19.0,0.18,10.0,0.87,19.0,0.82,10.0,0.92,15.29,0.93,39.9,0.05,0.05,615.543491,1776229573000
1776229575.226,75.226,0.08,15.29,0.07,39.9,0.13,19.0,0.18,10.0,0.87,19.0,0.82,10.0,0.92,15.29,0.93,39.9,0.05,0.05,615.429,1776229574000
1776229575.825,75.825,0.07,18.4,0.06,46.1,0.13,19.0,0.18,10.0,0.87,19.0,0.82,10.0,0.92,15.29,0.93,39.9,0.06,0.05,615.429,1776229574000
1776229576.353,76.353,0.07,18.4,0.06,46.1,0.13,19.0,0.18,10.0,0.87,19.0,0.82,10.0,0.93,18.4,0.94,46.1,0.06,0.06,615.429,1776229575000
1776229577.291,77.291,0.07,18.4,0.06,46.1,0.13,19.0,0.18,10.0,0.87,19.0,0.82,10.0,0.93,18.4,0.94,46.1,0.06,0.06,615.425,1776229576000
1776229578.278,78.278,0.07,17.22,0.06,46.1,0.13,19.0,0.18,15.0,0.87,19.0,0.82,15.0,0.93,17.22,0.94,46.1,0.06,0.06,615.401,1776229577000
1776229579.189,79.189,0.07,17.22,0.06,46.1,0.13,19.0,0.18,15.0,0.87,19.0,0.82,15.0,0.93,17.22,0.94,46.1,0.06,0.06,615.411,1776229578000
1776229580.161,80.161,0.07,17.22,0.06,46.1,0.13,19.0,0.18,15.0,0.87,19.0,0.82,15.0,0.93,17.22,0.94,46.1,0.06,0.06,615.377,1776229579000
1776229581.097,81.097,0.07,17.22,0.06,46.1,0.13,19.0,0.18,15.0,0.87,19.0,0.82,15.0,0.93,17.22,0.94,46.1,0.06,0.06,615.377,1776229580000
1776229582.108,82.108,0.07,17.22,0.06,46.1,0.13,19.0,0.18,15.0,0.87,19.0,0.82,15.0,0.93,17.22,0.94,46.1,0.06,0.06,615.405493,1776229581000
1776229583.106,83.106,0.07,17.22,0.06,46.1,0.13,19.0,0.18,15.0,0.87,19.0,0.82,15.0,0.93,17.22,0.94,46.1,0.06,0.06,615.417,1776229582000
1776229584.061,84.061,0.07,17.22,0.06,46.1,0.13,19.0,0.18,15.0,0.87,19.0,0.82,15.0,0.93,17.22,0.94,46.1,0.06,0.06,615.418,1776229583000
1776229585.054,85.054,0.07,17.22,0.06,46.1,0.13,19.0,0.18,15.0,0.87,19.0,0.82,15.0,0.93,17.22,0.94,46.1,0.06,0.06,615.418,1776229584000
1776229586.047,86.047,0.07,17.22,0.06,46.1,0.13,19.0,0.18,15.0,0.87,19.0,0.82,15.0,0.93,17.22,0.94,46.1,0.06,0.06,615.426,1776229585000
1776229587.09,87.09,0.07,17.22,0.06,46.1,0.13,19.0,0.18,15.0,0.87,19.0,0.82,15.0,0.93,17.22,0.94,46.1,0.06,0.06,615.44588,1776229586000
1776229588.116,88.116,0.07,17.22,0.06,46.1,0.13,19.0,0.18,15.0,0.87,19.0,0.82,15.0,0.93,17.22,0.94,46.1,0.06,0.06,615.444,1776229587000
1776229589.127,89.127,0.07,17.22,0.06,46.1,0.13,19.0,0.18,15.0,0.87,19.0,0.82,15.0,0.93,17.22,0.94,46.1,0.06,0.06,615.445,1776229588000
1776229590.138,90.138,0.07,17.22,0.06,46.1,0.13,19.0,0.18,15.0,0.87,19.0,0.82,15.0,0.93,17.22,0.94,46.1,0.06,0.06,615.445,1776229589000
1776229591.033,91.033,0.07,17.22,0.06,46.1,0.13,19.0,0.18,15.0,0.87,19.0,0.82,15.0,0.93,17.22,0.94,46.1,0.06,0.06,615.445,1776229590000
1776229592.091,92.091,0.07,17.22,0.06,46.1,0.13,19.0,0.18,15.0,0.87,19.0,0.82,15.0,0.93,17.22,0.94,46.1,0.06,0.06,615.442,1776229591000
1776229593.059,93.059,0.07,17.22,0.06,46.1,0.13,19.0,0.18,15.0,0.87,19.0,0.82,15.0,0.93,17.22,0.94,46.1,0.06,0.06,615.446,1776229592000
1776229594.05,94.05,0.07,17.22,0.06,46.1,0.13,19.0,0.18,15.0,0.87,19.0,0.82,15.0,0.93,17.22,0.94,46.1,0.06,0.06,615.448,1776229593000
1776229594.938,94.938,0.07,17.22,0.06,46.1,0.13,19.0,0.18,15.0,0.87,19.0,0.82,15.0,0.93,17.22,0.94,46.1,0.06,0.06,615.441,1776229594000
1776229595.964,95.964,0.07,17.22,0.06,46.1,0.13,19.0,0.18,15.0,0.87,19.0,0.82,15.0,0.93,17.22,0.94,46.1,0.06,0.06,615.394247,1776229595000
1776229596.933,96.933,0.07,17.22,0.06,46.1,0.13,19.0,0.18,15.0,0.87,19.0,0.82,15.0,0.93,17.22,0.94,46.1,0.06,0.06,615.337,1776229596000
1776229597.852,97.852,0.07,17.22,0.06,46.1,0.13,19.0,0.18,15.0,0.87,19.0,0.82,15.0,0.93,17.22,0.94,46.1,0.06,0.06,615.319113,1776229597000
1776229599.064,99.064,0.07,17.22,0.06,46.1,0.13,19.0,0.18,15.0,0.87,19.0,0.82,15.0,0.93,17.22,0.94,46.1,0.06,0.06,615.322,1776229598000
1776229600.738,100.738,0.07,17.22,0.06,46.1,0.13,19.0,0.18,15.0,0.87,19.0,0.82,15.0,0.93,17.22,0.94,46.1,0.06,0.06,615.326,1776229599000
1776229601.552,101.552,0.07,17.22,0.06,46.1,0.13,19.0,0.18,15.0,0.87,19.0,0.82,15.0,0.93,17.22,0.94,46.1,0.06,0.06,615.326,1776229600000
1776229602.44,102.44,0.07,17.22,0.06,46.1,0.13,19.0,0.18,15.0,0.87,19.0,0.82,15.0,0.93,17.22,0.94,46.1,0.06,0.06,615.312305,1776229601000
1776229603.183,103.183,0.07,17.22,0.06,46.1,0.13,19.0,0.18,15.0,0.87,19.0,0.82,15.0,0.93,17.22,0.94,46.1,0.06,0.06,615.312291,1776229602000
1776229604.665,104.665,0.07,17.22,0.06,46.1,0.13,19.0,0.18,15.0,0.87,19.0,0.82,15.0,0.93,17.22,0.94,46.1,0.06,0.06,615.320303,1776229603000
1776229605.333,105.333,0.07,17.22,0.06,46.1,0.13,19.0,0.18,15.0,0.87,19.0,0.82,15.0,0.93,17.22,0.94,46.1,0.06,0.06,615.320303,1776229604000
1776229606.211,106.211,0.07,17.22,0.06,46.1,0.13,19.0,0.18,15.0,0.87,19.0,0.82,15.0,0.93,17.22,0.94,46.1,0.06,0.06,615.318429,1776229605000
1776229606.587,106.587,0.03,79.24,0.02,160.69,0.07,39.9,0.08,35.29,0.87,19.0,0.82,15.0,0.93,17.22,0.94,46.1,0.04,0.06,615.318429,1776229605000
1776229607.439,107.439,0.03,79.24,0.02,160.69,0.07,39.9,0.08,35.29,0.93,39.9,0.92,35.29,0.97,79.24,0.98,160.69,0.04,0.04,615.318725,1776229606000
1776229608.283,108.283,0.03,79.24,0.02,160.69,0.07,39.9,0.08,35.29,0.93,39.9,0.92,35.29,0.97,79.24,0.98,160.69,0.04,0.04,615.292,1776229607000
1776229609.553,109.553,0.03,79.24,0.02,160.69,0.07,39.9,0.08,35.29,0.93,39.9,0.92,35.29,0.97,79.24,0.98,160.69,0.04,0.04,615.283,1776229608000
1776229610.301,110.301,0.03,79.24,0.02,160.69,0.07,39.9,0.08,35.29,0.93,39.9,0.92,35.29,0.97,79.24,0.98,160.69,0.04,0.04,615.26264,1776229609000
1776229611.647,111.647,0.03,79.24,0.02,160.69,0.07,39.9,0.08,35.29,0.93,39.9,0.92,35.29,0.97,79.24,0.98,160.69,0.04,0.04,615.226,1776229610000
1776229612.275,112.275,0.03,79.24,0.02,160.69,0.07,39.9,0.08,35.29,0.93,39.9,0.92,35.29,0.97,79.24,0.98,160.69,0.04,0.04,615.226,1776229611000
1776229613.674,113.674,0.03,79.24,0.02,160.69,0.07,39.9,0.08,35.29,0.93,39.9,0.92,35.29,0.97,79.24,0.98,160.69,0.04,0.04,615.245,1776229612000
1776229614.446,114.446,0.03,79.24,0.02,160.69,0.07,39.9,0.08,35.29,0.93,39.9,0.92,35.29,0.97,79.24,0.98,160.69,0.04,0.04,615.253,1776229613000
1776229615.128,115.128,0.02,160.69,0.01,5477.6,0.04,5.2,0.05,54.7,0.96,5.2,0.95,54.7,0.98,160.69,0.99,5477.6,0.02,0.02,615.253,1776229614000
1776229616.348,116.348,0.02,160.69,0.01,5477.6,0.04,5.2,0.05,54.7,0.96,5.2,0.95,54.7,0.98,160.69,0.99,5477.6,0.02,0.02,615.259,1776229615000
1776229617.481,117.481,0.02,160.69,0.01,5477.6,0.04,5.2,0.05,54.7,0.96,5.2,0.95,54.7,0.98,160.69,0.99,5477.6,0.02,0.02,615.259649,1776229616000
1776229617.978,117.978,0.02,160.69,0.01,5477.6,0.04,5.2,0.05,54.7,0.96,5.2,0.95,54.7,0.98,160.69,0.99,5477.6,0.02,0.02,615.261921,1776229617000
1776229619.084,119.084,0.02,160.69,0.01,5477.6,0.04,5.2,0.05,54.7,0.96,5.2,0.95,54.7,0.98,160.69,0.99,5477.6,0.02,0.02,615.264,1776229618000
1776229620.171,120.171,0.02,160.69,0.01,5477.6,0.04,5.2,0.05,54.7,0.96,5.2,0.95,54.7,0.98,160.69,0.99,5477.6,0.02,0.02,615.256,1776229619000
1776229621.114,121.114,0.02,160.69,0.01,5477.6,0.04,5.2,0.05,54.7,0.96,5.2,0.95,54.7,0.98,160.69,0.99,5477.6,0.02,0.02,615.24796,1776229620000
1776229622.101,122.101,0.02,160.69,0.01,5477.6,0.04,5.2,0.05,54.7,0.96,5.2,0.95,54.7,0.98,160.69,0.99,5477.6,0.02,0.02,615.257,1776229621000
1776229623.184,123.184,0.02,160.69,0.01,5477.6,0.04,5.2,0.05,54.7,0.96,5.2,0.95,54.7,0.98,160.69,0.99,5477.6,0.02,0.02,615.23324,1776229622000
1776229624.213,124.213,0.02,160.69,0.01,5477.6,0.04,5.2,0.05,54.7,0.96,5.2,0.95,54.7,0.98,160.69,0.99,5477.6,0.02,0.02,615.23412,1776229623000
1776229625.193,125.193,0.02,160.69,0.01,5477.6,0.04,5.2,0.05,54.7,0.96,5.2,0.95,54.7,0.98,160.69,0.99,5477.6,0.02,0.02,615.244,1776229624000
1776229626.21,126.21,0.02,160.69,0.01,5477.6,0.04,5.2,0.05,54.7,0.96,5.2,0.95,54.7,0.98,160.69,0.99,5477.6,0.02,0.02,615.249,1776229625000
1776229627.169,127.169,0.02,160.69,0.01,5477.6,0.04,5.2,0.05,54.7,0.96,5.2,0.95,54.7,0.98,160.69,0.99,5477.6,0.02,0.02,615.255,1776229626000
1776229628.159,128.159,0.02,160.69,0.01,5477.6,0.04,5.2,0.05,54.7,0.96,5.2,0.95,54.7,0.98,160.69,0.99,5477.6,0.02,0.02,615.255,1776229627000
1776229629.148,129.148,0.02,160.69,0.01,5477.6,0.04,5.2,0.05,54.7,0.96,5.2,0.95,54.7,0.98,160.69,0.99,5477.6,0.02,0.02,615.265859,1776229628000
1776229630.655,130.655,0.02,160.69,0.01,5477.6,0.04,5.2,0.05,54.7,0.96,5.2,0.95,54.7,0.98,160.69,0.99,5477.6,0.02,0.02,615.289,1776229629000
1776229631.186,131.186,0.02,160.69,0.01,5477.6,0.04,5.2,0.05,54.7,0.96,5.2,0.95,54.7,0.98,160.69,0.99,5477.6,0.02,0.02,615.289,1776229630000
1776229632.216,132.216,0.02,160.69,0.01,5477.6,0.04,5.2,0.05,54.7,0.96,5.2,0.95,54.7,0.98,160.69,0.99,5477.6,0.02,0.02,615.293,1776229631000
1776229633.199,133.199,0.02,160.69,0.01,5477.6,0.04,5.2,0.05,54.7,0.96,5.2,0.95,54.7,0.98,160.69,0.99,5477.6,0.02,0.02,615.293,1776229632000
1776229634.186,134.186,0.02,160.69,0.01,5477.6,0.04,5.2,0.05,54.7,0.96,5.2,0.95,54.7,0.98,160.69,0.99,5477.6,0.02,0.02,615.291,1776229633000
1776229635.17,135.17,0.02,160.69,0.01,5477.6,0.04,5.2,0.05,54.7,0.96,5.2,0.95,54.7,0.98,160.69,0.99,5477.6,0.02,0.02,615.295,1776229634000
1776229636.134,136.134,0.02,160.69,0.01,5477.6,0.04,5.2,0.05,54.7,0.96,5.2,0.95,54.7,0.98,160.69,0.99,5477.6,0.02,0.02,615.299,1776229635000
1776229637.048,137.048,0.02,160.69,0.01,5477.6,0.04,5.2,0.05,54.7,0.96,5.2,0.95,54.7,0.98,160.69,0.99,5477.6,0.02,0.02,615.299,1776229636000
1776229638.013,138.013,0.02,160.69,0.01,5477.6,0.04,5.2,0.05,54.7,0.96,5.2,0.95,54.7,0.98,160.69,0.99,5477.6,0.02,0.02,615.326,1776229637000
1776229638.936,138.936,0.02,160.69,0.01,5477.6,0.04,5.2,0.05,54.7,0.96,5.2,0.95,54.7,0.98,160.69,0.99,5477.6,0.02,0.02,615.28,1776229638000
1776229639.963,139.963,0.02,160.69,0.01,5477.6,0.04,5.2,0.05,54.7,0.96,5.2,0.95,54.7,0.98,160.69,0.99,5477.6,0.02,0.02,615.388,1776229639000
1776229640.89,140.89,0.02,160.69,0.01,5477.6,0.04,5.2,0.05,54.7,0.96,5.2,0.95,54.7,0.98,160.69,0.99,5477.6,0.02,0.02,615.382,1776229640000
1776229641.132,141.132,0.03,84.35,0.02,165.69,0.04,5.0,0.07,39.9,0.96,5.2,0.95,54.7,0.98,160.69,0.99,5477.6,0.01,0.02,615.382,1776229640000
1776229641.869,141.869,0.03,84.35,0.02,165.69,0.04,5.0,0.07,39.9,0.96,5.0,0.93,39.9,0.97,84.35,0.98,165.69,0.01,0.01,615.405,1776229641000
1776229643.615,143.615,0.03,84.35,0.02,165.69,0.04,5.0,0.07,39.9,0.96,5.0,0.93,39.9,0.97,84.35,0.98,165.69,0.01,0.01,615.416218,1776229642000
1776229644.24,144.24,0.03,84.35,0.02,165.69,0.04,5.0,0.07,39.9,0.96,5.0,0.93,39.9,0.97,84.35,0.98,165.69,0.01,0.01,615.404772,1776229643000
1776229646.305,146.305,0.03,84.35,0.02,165.69,0.04,5.0,0.07,39.9,0.96,5.0,0.93,39.9,0.97,84.35,0.98,165.69,0.01,0.01,615.437381,1776229644000
1776229646.904,146.904,0.03,84.35,0.02,165.69,0.04,5.0,0.07,39.9,0.96,5.0,0.93,39.9,0.97,84.35,0.98,165.69,0.01,0.01,615.43811,1776229645000
1776229647.44,147.44,0.03,84.35,0.02,165.69,0.04,5.0,0.07,39.9,0.96,5.0,0.93,39.9,0.97,84.35,0.98,165.69,0.01,0.01,615.431917,1776229646000
1776229648.068,148.068,0.03,84.35,0.02,165.69,0.04,5.0,0.07,39.9,0.96,5.0,0.93,39.9,0.97,84.35,0.98,165.69,0.01,0.01,615.431917,1776229647000
1776229649.533,149.533,0.03,84.35,0.02,165.69,0.04,5.0,0.07,39.9,0.96,5.0,0.93,39.9,0.97,84.35,0.98,165.69,0.01,0.01,615.42641,1776229648000
1776229650.138,150.138,0.03,84.35,0.02,165.69,0.04,5.0,0.07,39.9,0.96,5.0,0.93,39.9,0.97,84.35,0.98,165.69,0.01,0.01,615.444,1776229649000
1776229651.268,151.268,0.03,84.35,0.02,165.69,0.04,5.0,0.07,39.9,0.96,5.0,0.93,39.9,0.97,84.35,0.98,165.69,0.01,0.01,615.448831,1776229650000
1776229652.454,152.454,0.03,84.35,0.02,165.69,0.04,5.0,0.07,39.9,0.96,5.0,0.93,39.9,0.97,84.35,0.98,165.69,0.01,0.01,615.451323,1776229651000
1776229653.107,153.107,0.03,84.35,0.02,165.69,0.04,5.0,0.07,39.9,0.96,5.0,0.93,39.9,0.97,84.35,0.98,165.69,0.01,0.01,615.453274,1776229652000
1776229654.343,154.343,0.03,84.35,0.02,165.69,0.04,5.0,0.07,39.9,0.96,5.0,0.93,39.9,0.97,84.35,0.98,165.69,0.01,0.01,615.445109,1776229653000
1776229655.021,155.021,0.03,84.35,0.02,165.69,0.04,5.0,0.07,39.9,0.96,5.0,0.93,39.9,0.97,84.35,0.98,165.69,0.01,0.01,615.44,1776229654000
1776229656.229,156.229,0.03,84.35,0.02,165.69,0.04,5.0,0.07,39.9,0.96,5.0,0.93,39.9,0.97,84.35,0.98,165.69,0.01,0.01,615.445,1776229655000
1776229657.397,157.397,0.03,84.35,0.02,165.69,0.04,5.0,0.07,39.9,0.96,5.0,0.93,39.9,0.97,84.35,0.98,165.69,0.01,0.01,615.448,1776229656000
1776229658.115,158.115,0.03,84.35,0.02,165.69,0.04,5.0,0.07,39.9,0.96,5.0,0.93,39.9,0.97,84.35,0.98,165.69,0.01,0.01,615.448,1776229657000
1776229659.28,159.28,0.03,84.35,0.02,165.69,0.04,5.0,0.07,39.9,0.96,5.0,0.93,39.9,0.97,84.35,0.98,165.69,0.01,0.01,615.443,1776229658000
1776229660.448,160.448,0.03,84.35,0.02,165.69,0.04,5.0,0.07,39.9,0.96,5.0,0.93,39.9,0.97,84.35,0.98,165.69,0.01,0.01,615.443,1776229659000
1776229660.943,160.943,0.03,84.35,0.02,165.69,0.04,5.0,0.07,39.9,0.96,5.0,0.93,39.9,0.97,84.35,0.98,165.69,0.01,0.01,615.443,1776229660000
1776229662.043,162.043,0.03,84.35,0.02,165.69,0.04,5.0,0.07,39.9,0.96,5.0,0.93,39.9,0.97,84.35,0.98,165.69,0.01,0.01,615.442,1776229661000
1776229663.084,163.084,0.03,84.35,0.02,165.69,0.04,5.0,0.07,39.9,0.96,5.0,0.93,39.9,0.97,84.35,0.98,165.69,0.01,0.01,615.438,1776229662000
1776229663.384,163.384,0.04,60.62,0.03,84.35,0.08,35.29,0.09,31.7,0.96,5.0,0.93,39.9,0.97,84.35,0.98,165.69,0.04,0.01,615.438,1776229662000
1776229664.149,164.149,0.04,60.62,0.03,84.35,0.08,35.29,0.09,31.7,0.92,35.29,0.91,31.7,0.96,60.62,0.97,84.35,0.04,0.04,615.53482,1776229663000
1776229664.528,164.528,0.04,57.49,0.03,84.35,0.08,35.29,0.09,31.7,0.92,35.29,0.91,31.7,0.96,60.62,0.97,84.35,0.04,0.04,615.53482,1776229663000
1776229665.152,165.152,0.04,57.49,0.03,84.35,0.08,35.29,0.09,31.7,0.92,35.29,0.91,31.7,0.96,57.49,0.97,84.35,0.04,0.04,615.53635,1776229664000
1776229666.285,166.285,0.04,57.49,0.03,84.35,0.08,35.29,0.09,31.7,0.92,35.29,0.91,31.7,0.96,57.49,0.97,84.35,0.04,0.04,615.539892,1776229665000
1776229667.294,167.294,0.04,57.49,0.03,84.35,0.08,35.29,0.09,31.7,0.92,35.29,0.91,31.7,0.96,57.49,0.97,84.35,0.04,0.04,615.54981,1776229666000
1776229668.3,168.3,0.04,57.49,0.03,84.35,0.08,35.29,0.09,31.7,0.92,35.29,0.91,31.7,0.96,57.49,0.97,84.35,0.04,0.04,615.550854,1776229667000
1776229669.322,169.322,0.04,57.49,0.03,84.35,0.08,35.29,0.09,31.7,0.92,35.29,0.91,31.7,0.96,57.49,0.97,84.35,0.04,0.04,615.516,1776229668000
1776229669.904,169.904,0.04,57.49,0.03,84.35,0.08,35.29,0.09,31.7,0.92,35.29,0.91,31.7,0.96,57.49,0.97,84.35,0.04,0.04,615.516,1776229669000
1776229670.929,170.929,0.04,57.49,0.03,84.35,0.08,35.29,0.09,31.7,0.92,35.29,0.91,31.7,0.96,57.49,0.97,84.35,0.04,0.04,615.495,1776229670000
1776229671.854,171.854,0.04,57.49,0.03,84.35,0.08,35.29,0.09,31.7,0.92,35.29,0.91,31.7,0.96,57.49,0.97,84.35,0.04,0.04,615.473,1776229671000
1776229672.851,172.851,0.04,57.49,0.03,84.35,0.08,35.29,0.09,31.7,0.92,35.29,0.91,31.7,0.96,57.49,0.97,84.35,0.04,0.04,615.479,1776229672000
1776229674.327,174.327,0.04,57.49,0.03,84.35,0.08,35.29,0.09,31.7,0.92,35.29,0.91,31.7,0.96,57.49,0.97,84.35,0.04,0.04,615.475,1776229673000
1776229674.872,174.872,0.04,57.49,0.03,84.35,0.08,35.29,0.09,31.7,0.92,35.29,0.91,31.7,0.96,57.49,0.97,84.35,0.04,0.04,615.475,1776229674000
1776229675.831,175.831,0.04,57.49,0.03,84.35,0.08,35.29,0.09,31.7,0.92,35.29,0.91,31.7,0.96,57.49,0.97,84.35,0.04,0.04,615.457,1776229675000
1776229676.787,176.787,0.04,57.49,0.03,84.35,0.08,35.29,0.09,31.7,0.92,35.29,0.91,31.7,0.96,57.49,0.97,84.35,0.04,0.04,615.47241,1776229676000
1776229678.257,178.257,0.04,57.49,0.03,84.35,0.08,35.29,0.09,31.7,0.92,35.29,0.91,31.7,0.96,57.49,0.97,84.35,0.04,0.04,615.46795,1776229677000
1776229679.242,179.242,0.04,57.49,0.03,84.35,0.08,35.29,0.09,31.7,0.92,35.29,0.91,31.7,0.96,57.49,0.97,84.35,0.04,0.04,615.46786,1776229678000
1776229680.208,180.208,0.04,57.49,0.03,84.35,0.08,35.29,0.09,31.7,0.92,35.29,0.91,31.7,0.96,57.49,0.97,84.35,0.04,0.04,615.33047,1776229679000
1776229681.232,181.232,0.04,57.49,0.03,84.35,0.08,35.29,0.09,31.7,0.92,35.29,0.91,31.7,0.96,57.49,0.97,84.35,0.04,0.04,615.327758,1776229680000
1776229682.096,182.096,0.04,57.49,0.03,84.35,0.08,35.29,0.09,31.7,0.92,35.29,0.91,31.7,0.96,57.49,0.97,84.35,0.04,0.04,615.326294,1776229681000
1776229683.059,183.059,0.04,57.49,0.03,84.35,0.08,35.29,0.09,31.7,0.92,35.29,0.91,31.7,0.96,57.49,0.97,84.35,0.04,0.04,615.29682,1776229682000
1776229684.152,184.152,0.01,287.94,0.001,200.0,0.03,94.3,0.04,67.7,0.97,94.3,0.96,67.7,0.99,287.94,0.999,200.0,0.02,0.02,615.31025,1776229683000
1776229685.061,185.061,0.01,287.94,0.001,200.0,0.03,94.3,0.04,67.7,0.97,94.3,0.96,67.7,0.99,287.94,0.999,200.0,0.02,0.02,615.31798,1776229684000
1776229686.803,186.803,0.01,287.94,0.001,200.0,0.03,94.3,0.04,67.7,0.97,94.3,0.96,67.7,0.99,287.94,0.999,200.0,0.02,0.02,615.40571,1776229685000
1776229687.323,187.323,0.01,287.94,0.001,200.0,0.03,94.3,0.04,67.7,0.97,94.3,0.96,67.7,0.99,287.94,0.999,200.0,0.02,0.02,615.42687,1776229686000
1776229687.861,187.861,0.02,127.63,0.01,287.94,0.03,5.0,0.05,5.0,0.97,94.3,0.96,67.7,0.99,287.94,0.999,200.0,0.01,0.02,615.42687,1776229686000
1776229689.078,189.078,0.02,127.63,0.01,287.94,0.03,5.0,0.05,5.0,0.97,5.0,0.95,5.0,0.98,127.63,0.99,287.94,0.01,0.01,615.43904,1776229688000
1776229690.211,190.211,0.02,127.63,0.01,287.94,0.03,5.0,0.05,5.0,0.97,5.0,0.95,5.0,0.98,127.63,0.99,287.94,0.01,0.01,615.49748,1776229689000
1776229691.787,191.787,0.02,127.63,0.01,287.94,0.03,5.0,0.05,5.0,0.97,5.0,0.95,5.0,0.98,127.63,0.99,287.94,0.01,0.01,615.487434,1776229690000
1776229692.45,192.45,0.02,127.63,0.01,287.94,0.03,5.0,0.05,5.0,0.97,5.0,0.95,5.0,0.98,127.63,0.99,287.94,0.01,0.01,615.481292,1776229691000
1776229692.922,192.922,0.02,127.63,0.01,287.94,0.03,5.0,0.05,5.0,0.97,5.0,0.95,5.0,0.98,127.63,0.99,287.94,0.01,0.01,615.481292,1776229692000
1776229694.251,194.251,0.02,127.63,0.01,287.94,0.03,5.0,0.05,5.0,0.97,5.0,0.95,5.0,0.98,127.63,0.99,287.94,0.01,0.01,615.490645,1776229693000
1776229695.765,195.765,0.02,127.63,0.01,287.94,0.03,5.0,0.05,5.0,0.97,5.0,0.95,5.0,0.98,127.63,0.99,287.94,0.01,0.01,615.500241,1776229694000
1776229696.318,196.318,0.02,127.63,0.01,287.94,0.03,5.0,0.05,5.0,0.97,5.0,0.95,5.0,0.98,127.63,0.99,287.94,0.01,0.01,615.498267,1776229695000
1776229697.022,197.022,0.02,127.63,0.01,287.94,0.03,5.0,0.05,5.0,0.97,5.0,0.95,5.0,0.98,127.63,0.99,287.94,0.01,0.01,615.494728,1776229696000
1776229698.472,198.472,0.02,127.63,0.01,287.94,0.03,5.0,0.05,5.0,0.97,5.0,0.95,5.0,0.98,127.63,0.99,287.94,0.01,0.01,615.52,1776229697000
1776229698.89,198.89,0.02,127.63,0.01,287.94,0.03,5.0,0.05,5.0,0.97,5.0,0.95,5.0,0.98,127.63,0.99,287.94,0.01,0.01,615.52,1776229698000
1776229700.084,200.084,0.02,127.63,0.01,287.94,0.03,5.0,0.05,5.0,0.97,5.0,0.95,5.0,0.98,127.63,0.99,287.94,0.01,0.01,615.522,1776229699000
1776229701.211,201.211,0.02,127.63,0.01,287.94,0.03,5.0,0.05,5.0,0.97,5.0,0.95,5.0,0.98,127.63,0.99,287.94,0.01,0.01,615.5132,1776229700000
1776229702.336,202.336,0.02,127.63,0.01,287.94,0.03,5.0,0.05,5.0,0.97,5.0,0.95,5.0,0.98,127.63,0.99,287.94,0.01,0.01,615.511854,1776229701000
1776229703.601,203.601,0.02,127.63,0.01,287.94,0.03,5.0,0.05,5.0,0.97,5.0,0.95,5.0,0.98,127.63,0.99,287.94,0.01,0.01,615.512857,1776229702000
1776229704.098,204.098,0.02,127.63,0.01,287.94,0.03,5.0,0.05,5.0,0.97,5.0,0.95,5.0,0.98,127.63,0.99,287.94,0.01,0.01,615.51336,1776229703000
1776229705.094,205.094,0.02,127.63,0.01,287.94,0.03,5.0,0.05,5.0,0.97,5.0,0.95,5.0,0.98,127.63,0.99,287.94,0.01,0.01,615.50381,1776229704000
1776229706.189,206.189,0.02,127.63,0.01,287.94,0.03,5.0,0.05,5.0,0.97,5.0,0.95,5.0,0.98,127.63,0.99,287.94,0.01,0.01,615.473159,1776229705000
1776229707.269,207.269,0.02,127.63,0.01,287.94,0.03,5.0,0.05,5.0,0.97,5.0,0.95,5.0,0.98,127.63,0.99,287.94,0.01,0.01,615.472411,1776229706000
1776229708.363,208.363,0.02,127.63,0.01,287.94,0.03,5.0,0.05,5.0,0.97,5.0,0.95,5.0,0.98,127.63,0.99,287.94,0.01,0.01,615.481846,1776229707000
1776229708.937,208.937,0.02,127.63,0.01,287.94,0.03,5.0,0.05,5.0,0.97,5.0,0.95,5.0,0.98,127.63,0.99,287.94,0.01,0.01,615.481342,1776229708000
1776229710.067,210.067,0.02,127.63,0.01,287.94,0.03,5.0,0.05,5.0,0.97,5.0,0.95,5.0,0.98,127.63,0.99,287.94,0.01,0.01,615.47227,1776229709000
1776229711.272,211.272,0.02,127.63,0.01,287.94,0.03,5.0,0.05,5.0,0.97,5.0,0.95,5.0,0.98,127.63,0.99,287.94,0.01,0.01,615.466265,1776229710000
1776229712.327,212.327,0.02,127.63,0.01,287.94,0.03,5.0,0.05,5.0,0.97,5.0,0.95,5.0,0.98,127.63,0.99,287.94,0.01,0.01,615.466522,1776229711000
1776229713.307,213.307,0.02,127.63,0.01,287.94,0.03,5.0,0.05,5.0,0.97,5.0,0.95,5.0,0.98,127.63,0.99,287.94,0.01,0.01,615.475745,1776229712000
1776229713.811,213.811,0.02,127.63,0.01,287.94,0.03,5.0,0.05,5.0,0.97,5.0,0.95,5.0,0.98,127.63,0.99,287.94,0.01,0.01,615.475343,1776229713000
1776229715.014,215.014,0.02,127.63,0.01,287.94,0.03,5.0,0.05,5.0,0.97,5.0,0.95,5.0,0.98,127.63,0.99,287.94,0.01,0.01,615.473405,1776229714000
1776229716.251,216.251,0.02,127.63,0.01,287.94,0.03,5.0,0.05,5.0,0.97,5.0,0.95,5.0,0.98,127.63,0.99,287.94,0.01,0.01,615.514298,1776229715000
1776229717.812,217.812,0.02,127.63,0.01,287.94,0.03,5.0,0.05,5.0,0.97,5.0,0.95,5.0,0.98,127.63,0.99,287.94,0.01,0.01,615.52276,1776229716000
1776229718.65,218.65,0.02,127.63,0.01,287.94,0.03,5.0,0.05,5.0,0.97,5.0,0.95,5.0,0.98,127.63,0.99,287.94,0.01,0.01,615.52276,1776229717000
1776229719.26,219.26,0.02,127.63,0.01,287.94,0.03,5.0,0.05,5.0,0.97,5.0,0.95,5.0,0.98,127.63,0.99,287.94,0.01,0.01,615.51142,1776229718000
1776229720.494,220.494,0.02,127.63,0.01,287.94,0.03,5.0,0.05,5.0,0.97,5.0,0.95,5.0,0.98,127.63,0.99,287.94,0.01,0.01,615.51926,1776229719000
1776229720.96,220.96,0.02,127.63,0.01,287.94,0.03,5.0,0.05,5.0,0.97,5.0,0.95,5.0,0.98,127.63,0.99,287.94,0.01,0.01,615.53465,1776229720000
1776229722.1,222.1,0.02,127.63,0.01,287.94,0.03,5.0,0.05,5.0,0.97,5.0,0.95,5.0,0.98,127.63,0.99,287.94,0.01,0.01,615.53783,1776229721000
1776229723.368,223.368,0.02,127.63,0.01,287.94,0.03,5.0,0.05,5.0,0.97,5.0,0.95,5.0,0.98,127.63,0.99,287.94,0.01,0.01,615.53709,1776229722000
1776229723.957,223.957,0.02,127.63,0.01,287.94,0.03,5.0,0.05,5.0,0.97,5.0,0.95,5.0,0.98,127.63,0.99,287.94,0.01,0.01,615.54042,1776229723000
1776229725.074,225.074,0.02,127.63,0.01,287.94,0.03,5.0,0.05,5.0,0.97,5.0,0.95,5.0,0.98,127.63,0.99,287.94,0.01,0.01,615.52559,1776229724000
1776229726.173,226.173,0.02,127.63,0.01,287.94,0.03,5.0,0.05,5.0,0.97,5.0,0.95,5.0,0.98,127.63,0.99,287.94,0.01,0.01,615.52563,1776229725000
1776229727.277,227.277,0.02,127.63,0.01,287.94,0.03,5.0,0.05,5.0,0.97,5.0,0.95,5.0,0.98,127.63,0.99,287.94,0.01,0.01,615.50238,1776229726000
1776229728.389,228.389,0.02,127.63,0.01,287.94,0.03,5.0,0.05,5.0,0.97,5.0,0.95,5.0,0.98,127.63,0.99,287.94,0.01,0.01,615.550315,1776229727000
1776229728.967,228.967,0.02,127.63,0.01,287.94,0.03,5.0,0.05,5.0,0.97,5.0,0.95,5.0,0.98,127.63,0.99,287.94,0.01,0.01,615.55922,1776229728000
1776229730.099,230.099,0.02,127.63,0.01,287.94,0.03,5.0,0.05,5.0,0.97,5.0,0.95,5.0,0.98,127.63,0.99,287.94,0.01,0.01,615.54241,1776229729000
1776229731.19,231.19,0.02,127.63,0.01,287.94,0.03,5.0,0.05,5.0,0.97,5.0,0.95,5.0,0.98,127.63,0.99,287.94,0.01,0.01,615.53936,1776229730000
1776229731.509,231.509,0.02,5.0,0.01,287.94,0.04,88.0,0.05,54.7,0.97,5.0,0.95,5.0,0.98,127.63,0.99,287.94,0.02,0.01,615.53936,1776229730000
1776229732.913,232.913,0.02,5.0,0.01,287.94,0.04,88.0,0.05,54.7,0.96,88.0,0.95,54.7,0.98,5.0,0.99,287.94,0.02,0.02,615.539,1776229731000
1776229733.582,233.582,0.02,5.0,0.01,287.94,0.04,88.0,0.05,54.7,0.96,88.0,0.95,54.7,0.98,5.0,0.99,287.94,0.02,0.02,615.53548,1776229732000
1776229734.288,234.288,0.02,5.0,0.01,287.94,0.04,88.0,0.05,54.7,0.96,88.0,0.95,54.7,0.98,5.0,0.99,287.94,0.02,0.02,615.54635,1776229733000
1776229735.559,235.559,0.02,5.0,0.01,287.94,0.04,88.0,0.05,54.7,0.96,88.0,0.95,54.7,0.98,5.0,0.99,287.94,0.02,0.02,615.568,1776229734000
1776229736.095,236.095,0.02,5.0,0.01,287.94,0.04,88.0,0.05,54.7,0.96,88.0,0.95,54.7,0.98,5.0,0.99,287.94,0.02,0.02,615.568,1776229735000
1776229737.417,237.417,0.02,5.0,0.01,287.94,0.04,88.0,0.05,54.7,0.96,88.0,0.95,54.7,0.98,5.0,0.99,287.94,0.02,0.02,615.569,1776229736000
1776229738.06,238.06,0.02,5.0,0.01,287.94,0.04,88.0,0.05,54.7,0.96,88.0,0.95,54.7,0.98,5.0,0.99,287.94,0.02,0.02,615.569,1776229737000
1776229739.282,239.282,0.02,5.0,0.01,287.94,0.04,88.0,0.05,54.7,0.96,88.0,0.95,54.7,0.98,5.0,0.99,287.94,0.02,0.02,615.565,1776229738000
1776229740.354,240.354,0.02,5.0,0.01,287.94,0.04,88.0,0.05,54.7,0.96,88.0,0.95,54.7,0.98,5.0,0.99,287.94,0.02,0.02,615.57,1776229739000
1776229740.929,240.929,0.02,5.0,0.01,287.94,0.04,88.0,0.05,54.7,0.96,88.0,0.95,54.7,0.98,5.0,0.99,287.94,0.02,0.02,615.57,1776229740000
1776229742.199,242.199,0.02,5.0,0.01,287.94,0.04,88.0,0.05,54.7,0.96,88.0,0.95,54.7,0.98,5.0,0.99,287.94,0.02,0.02,615.571,1776229741000
1776229742.586,242.586,0.03,50.95,0.02,137.69,0.04,31.0,0.09,31.7,0.96,88.0,0.95,54.7,0.98,5.0,0.99,287.94,0.01,0.02,615.571,1776229741000
1776229742.847,242.847,0.03,49.91,0.02,137.69,0.04,31.0,0.09,31.7,0.96,31.0,0.91,31.7,0.97,50.95,0.98,137.69,0.01,0.01,615.571,1776229741000
1776229743.234,243.234,0.03,41.91,0.02,137.69,0.04,31.0,0.09,31.7,0.96,31.0,0.91,31.7,0.97,41.91,0.98,137.69,0.01,0.01,615.568,1776229742000
1776229743.575,243.575,0.02,131.69,0.01,287.94,0.04,31.0,0.08,35.29,0.96,31.0,0.91,31.7,0.97,41.91,0.98,137.69,0.02,0.01,615.568,1776229742000
1776229744.414,244.414,0.02,131.69,0.01,287.94,0.04,31.0,0.08,35.29,0.96,31.0,0.92,35.29,0.98,131.69,0.99,287.94,0.02,0.02,615.603369,1776229743000
1776229744.931,244.931,0.02,131.69,0.01,287.94,0.04,31.0,0.08,35.29,0.96,31.0,0.92,35.29,0.98,131.69,0.99,287.94,0.02,0.02,615.603369,1776229744000
1776229745.752,245.752,0.02,111.28,0.01,287.94,0.04,31.0,0.07,39.9,0.96,31.0,0.92,35.29,0.98,131.69,0.99,287.94,0.02,0.02,615.603369,1776229744000
1776229746.081,246.081,0.02,111.28,0.01,287.94,0.04,31.0,0.07,39.9,0.96,31.0,0.93,39.9,0.98,111.28,0.99,287.94,0.02,0.02,615.596151,1776229745000
1776229746.436,246.436,0.02,110.25,0.01,287.94,0.04,31.0,0.07,39.9,0.96,31.0,0.93,39.9,0.98,111.28,0.99,287.94,0.02,0.02,615.596151,1776229745000
1776229747.237,247.237,0.02,110.25,0.01,287.94,0.04,31.0,0.07,39.9,0.96,31.0,0.93,39.9,0.98,110.25,0.99,287.94,0.02,0.02,615.58847,1776229746000
1776229748.268,248.268,0.02,110.25,0.01,287.94,0.04,31.0,0.07,39.9,0.96,31.0,0.93,39.9,0.98,110.25,0.99,287.94,0.02,0.02,615.61264,1776229747000
1776229749.165,249.165,0.02,110.25,0.01,287.94,0.04,31.0,0.07,39.9,0.96,31.0,0.93,39.9,0.98,110.25,0.99,287.94,0.02,0.02,615.625233,1776229748000
1776229750.125,250.125,0.02,110.25,0.01,287.94,0.04,31.0,0.07,39.9,0.96,31.0,0.93,39.9,0.98,110.25,0.99,287.94,0.02,0.02,615.63477,1776229749000
1776229751.036,251.036,0.02,110.25,0.01,287.94,0.04,31.0,0.07,39.9,0.96,31.0,0.93,39.9,0.98,110.25,0.99,287.94,0.02,0.02,615.63573,1776229750000
1776229751.985,251.985,0.02,110.25,0.01,287.94,0.04,31.0,0.07,39.9,0.96,31.0,0.93,39.9,0.98,110.25,0.99,287.94,0.02,0.02,615.63546,1776229751000
1776229752.873,252.873,0.01,277.94,0.002,50.0,0.04,31.0,0.05,54.7,0.96,31.0,0.93,39.9,0.98,110.25,0.99,287.94,0.03,0.02,615.63546,1776229751000
1776229753.909,253.909,0.01,277.94,0.002,50.0,0.04,31.0,0.05,54.7,0.96,31.0,0.95,54.7,0.99,277.94,0.998,50.0,0.03,0.03,615.62423,1776229753000
1776229754.953,254.953,0.01,277.94,0.002,50.0,0.04,31.0,0.05,54.7,0.96,31.0,0.95,54.7,0.99,277.94,0.998,50.0,0.03,0.03,615.62432,1776229754000
1776229755.859,255.859,0.01,277.94,0.002,50.0,0.04,31.0,0.05,54.7,0.96,31.0,0.95,54.7,0.99,277.94,0.998,50.0,0.03,0.03,615.62444,1776229755000
1776229756.874,256.874,0.01,277.94,0.002,50.0,0.04,31.0,0.05,54.7,0.96,31.0,0.95,54.7,0.99,277.94,0.998,50.0,0.03,0.03,615.64768,1776229756000
1776229758.141,258.141,0.01,272.94,0.002,50.0,0.04,98.7,0.05,54.7,0.96,31.0,0.95,54.7,0.99,277.94,0.998,50.0,0.03,0.03,615.64768,1776229756000
1776229759.248,259.248,0.01,272.94,0.002,50.0,0.04,98.7,0.05,54.7,0.96,98.7,0.95,54.7,0.99,272.94,0.998,50.0,0.03,0.03,615.639954,1776229758000
1776229760.839,260.839,0.01,272.94,0.002,50.0,0.04,98.7,0.05,54.7,0.96,98.7,0.95,54.7,0.99,272.94,0.998,50.0,0.03,0.03,615.64651,1776229759000
1776229761.746,261.746,0.01,272.94,0.002,50.0,0.04,98.7,0.05,54.7,0.96,98.7,0.95,54.7,0.99,272.94,0.998,50.0,0.03,0.03,615.64657,1776229760000
1776229762.446,262.446,0.01,272.94,0.002,50.0,0.04,98.7,0.05,54.7,0.96,98.7,0.95,54.7,0.99,272.94,0.998,50.0,0.03,0.03,615.63959,1776229761000
1776229763.042,263.042,0.01,272.94,0.002,50.0,0.04,98.7,0.05,54.7,0.96,98.7,0.95,54.7,0.99,272.94,0.998,50.0,0.03,0.03,615.63959,1776229762000
1776229764.48,264.48,0.01,272.94,0.002,50.0,0.04,98.7,0.05,54.7,0.96,98.7,0.95,54.7,0.99,272.94,0.998,50.0,0.03,0.03,615.63977,1776229763000
1776229765.052,265.052,0.01,272.94,0.002,50.0,0.04,98.7,0.05,54.7,0.96,98.7,0.95,54.7,0.99,272.94,0.998,50.0,0.03,0.03,615.631957,1776229764000
1776229766.661,266.661,0.01,272.94,0.002,50.0,0.04,98.7,0.05,54.7,0.96,98.7,0.95,54.7,0.99,272.94,0.998,50.0,0.03,0.03,615.623,1776229765000
1776229767.422,267.422,0.01,272.94,0.002,50.0,0.04,98.7,0.05,54.7,0.96,98.7,0.95,54.7,0.99,272.94,0.998,50.0,0.03,0.03,615.61,1776229766000
1776229767.728,267.728,0.01,269.94,0.001,200.0,0.03,89.3,0.04,98.7,0.96,98.7,0.95,54.7,0.99,272.94,0.998,50.0,0.02,0.03,615.61,1776229766000
1776229768.077,268.077,0.01,269.94,0.001,200.0,0.03,89.3,0.04,98.7,0.97,89.3,0.96,98.7,0.99,269.94,0.999,200.0,0.02,0.02,615.61,1776229767000
1776229769.399,269.399,0.01,269.94,0.001,200.0,0.03,89.3,0.04,98.7,0.97,89.3,0.96,98.7,0.99,269.94,0.999,200.0,0.02,0.02,615.642,1776229768000
1776229770.109,270.109,0.01,269.94,0.001,200.0,0.03,89.3,0.04,98.7,0.97,89.3,0.96,98.7,0.99,269.94,0.999,200.0,0.02,0.02,615.632,1776229769000
1776229771.273,271.273,0.01,269.94,0.001,200.0,0.03,89.3,0.04,98.7,0.97,89.3,0.96,98.7,0.99,269.94,0.999,200.0,0.02,0.02,615.61,1776229770000
1776229772.668,272.668,0.01,269.94,0.001,200.0,0.03,89.3,0.04,98.7,0.97,89.3,0.96,98.7,0.99,269.94,0.999,200.0,0.02,0.02,615.62915,1776229771000
1776229773.294,273.294,0.01,269.94,0.001,200.0,0.03,89.3,0.04,98.7,0.97,89.3,0.96,98.7,0.99,269.94,0.999,200.0,0.02,0.02,615.60023,1776229772000
1776229774.673,274.673,0.01,269.94,0.001,200.0,0.03,89.3,0.04,98.7,0.97,89.3,0.96,98.7,0.99,269.94,0.999,200.0,0.02,0.02,615.59191,1776229773000
1776229775.463,275.463,0.01,269.94,0.001,200.0,0.03,89.3,0.04,98.7,0.97,89.3,0.96,98.7,0.99,269.94,0.999,200.0,0.02,0.02,615.59111,1776229774000
1776229776.018,276.018,0.001,200.0,,,0.01,24.21,0.015,44.0,0.985,44.0,0.98,5.0,0.99,1.04,0.999,200.0,0.009,0.005,615.59111,1776229774000
1776229777.274,277.274,0.001,200.0,,,0.01,24.21,0.015,44.0,0.99,24.21,0.985,44.0,0.999,200.0,,,0.009,0.009,615.534503,1776229776000
1776229778.334,278.334,0.001,200.0,,,0.01,24.21,0.015,44.0,0.99,24.21,0.985,44.0,0.999,200.0,,,0.009,0.009,615.50602,1776229777000
1776229778.91,278.91,0.001,200.0,,,0.01,24.21,0.015,44.0,0.99,24.21,0.985,44.0,0.999,200.0,,,0.009,0.009,615.49834,1776229778000
1776229779.81,279.81,0.001,200.0,,,0.01,24.21,0.015,44.0,0.99,24.21,0.985,44.0,0.999,200.0,,,0.009,0.009,615.486634,1776229779000
1776229781.305,281.305,0.001,200.0,,,0.01,24.21,0.015,44.0,0.99,24.21,0.985,44.0,0.999,200.0,,,0.009,0.009,615.51214,1776229780000
1776229782.187,282.187,0.001,200.0,,,0.01,24.21,0.015,44.0,0.99,24.21,0.985,44.0,0.999,200.0,,,0.009,0.009,615.51129,1776229781000
1776229783.2,283.2,0.001,200.0,,,0.01,24.21,0.015,44.0,0.99,24.21,0.985,44.0,0.999,200.0,,,0.009,0.009,615.51068,1776229782000
1776229784.179,284.179,0.001,200.0,,,0.01,24.21,0.015,44.0,0.99,24.21,0.985,44.0,0.999,200.0,,,0.009,0.009,615.50943,1776229783000
1776229785.144,285.144,0.001,200.0,,,0.01,24.21,0.015,44.0,0.99,24.21,0.985,44.0,0.999,200.0,,,0.009,0.009,615.5093,1776229784000
1776229785.454,285.454,0.001,195.0,,,0.01,29.21,0.015,44.0,0.99,24.21,0.985,44.0,0.999,200.0,,,0.009,0.009,615.5093,1776229784000
1776229786.093,286.093,0.001,195.0,,,0.01,29.21,0.015,44.0,0.99,29.21,0.985,44.0,0.999,195.0,,,0.009,0.009,615.50665,1776229785000
1776229787.108,287.108,0.001,195.0,,,0.01,29.21,0.015,44.0,0.99,29.21,0.985,44.0,0.999,195.0,,,0.009,0.009,615.50418,1776229786000
1776229788.082,288.082,0.001,195.0,,,0.01,29.21,0.015,44.0,0.99,29.21,0.985,44.0,0.999,195.0,,,0.009,0.009,615.494348,1776229787000
1776229789.125,289.125,0.001,195.0,,,0.01,29.21,0.015,44.0,0.99,29.21,0.985,44.0,0.999,195.0,,,0.009,0.009,615.498989,1776229788000
1776229791.182,291.182,0.001,195.0,,,0.01,29.21,0.015,44.0,0.99,29.21,0.985,44.0,0.999,195.0,,,0.009,0.009,615.54825,1776229790000
1776229791.455,291.455,0.001,181.72,,,0.01,1029.21,0.015,44.0,0.99,29.21,0.985,44.0,0.999,195.0,,,0.009,0.009,615.54825,1776229790000
1776229792.212,292.212,0.001,181.72,,,0.01,1029.21,0.015,44.0,0.99,1029.21,0.985,44.0,0.999,181.72,,,0.009,0.009,615.5817,1776229791000
1776229793.212,293.212,0.001,181.72,,,0.01,1029.21,0.015,44.0,0.99,1029.21,0.985,44.0,0.999,181.72,,,0.009,0.009,615.566133,1776229792000
1776229794.314,294.314,0.001,181.72,,,0.01,1029.21,0.015,44.0,0.99,1029.21,0.985,44.0,0.999,181.72,,,0.009,0.009,615.549821,1776229793000
1776229795.289,295.289,0.001,181.72,,,0.01,1029.21,0.015,44.0,0.99,1029.21,0.985,44.0,0.999,181.72,,,0.009,0.009,615.569747,1776229794000
1776229796.324,296.324,0.001,181.72,,,0.01,1029.21,0.015,44.0,0.99,1029.21,0.985,44.0,0.999,181.72,,,0.009,0.009,615.559158,1776229795000
1776229797.385,297.385,0.001,181.72,,,0.01,1029.21,0.015,44.0,0.99,1029.21,0.985,44.0,0.999,181.72,,,0.009,0.009,615.57689,1776229796000
1776229797.736,297.736,0.001,180.61,,,0.01,2243.62,0.015,44.0,0.99,1029.21,0.985,44.0,0.999,181.72,,,0.009,0.009,615.57689,1776229796000
1776229798.593,298.593,0.001,150.59,,,0.01,2264.62,0.015,44.0,0.99,2254.62,0.985,44.0,0.999,160.59,,,0.009,0.009,615.56968,1776229797000
1776229798.958,298.958,0.001,110.59,,,0.01,2264.62,0.015,44.0,0.99,2264.62,0.985,44.0,0.999,110.59,,,0.009,0.009,615.57127,1776229798000
1776229799.957,299.957,,,,,0.001,89.61,0.01,2192.36,0.999,89.61,0.99,2192.36,,,,,,,615.565289,1776229799000
1776229800.98,300.98,,,,,0.001,89.61,0.01,2192.36,0.999,89.61,0.99,2192.36,,,,,,,615.566258,1776229800000

# RESULT,winner=Down,slug=bnb-updown-5m-1776229500,ticks=319
