timestamp,elapsed_sec,up_bid_p1,up_bid_s1,up_bid_p2,up_bid_s2,up_ask_p1,up_ask_s1,up_ask_p2,up_ask_s2,down_bid_p1,down_bid_s1,down_bid_p2,down_bid_s2,down_ask_p1,down_ask_s1,down_ask_p2,down_ask_s2,up_spread,down_spread,bnb_price,bnb_oracle_ts
1776219011.213,11.213,,,,,,,,,,,,,,,,,,,618.895457,1776219010000
1776219011.444,11.444,0.32,5.0,0.21,55.0,0.46,5.0,0.47,5.0,0.55,10.0,0.54,5.0,0.66,5.0,0.7,10.0,0.14,0.11,618.895457,1776219010000
1776219011.808,11.808,0.32,5.0,0.21,55.0,0.46,5.0,0.47,5.0,0.57,5.0,0.55,10.0,0.66,15.0,0.7,10.0,0.14,0.09,618.895457,1776219010000
1776219012.406,12.406,0.34,15.0,0.3,10.0,0.43,5.0,0.45,10.0,0.57,5.0,0.55,10.0,0.66,15.0,0.7,10.0,0.09,0.09,618.89055,1776219011000
1776219013.012,13.012,0.34,15.0,0.3,10.0,0.43,5.0,0.45,10.0,0.57,5.0,0.55,10.0,0.66,15.0,0.7,10.0,0.09,0.09,618.850492,1776219012000
1776219014.368,14.368,0.34,15.0,0.3,10.0,0.43,5.0,0.45,10.0,0.57,5.0,0.55,10.0,0.66,15.0,0.7,10.0,0.09,0.09,618.85222,1776219013000
1776219015.117,15.117,0.34,15.0,0.3,10.0,0.43,5.0,0.45,10.0,0.57,5.0,0.55,10.0,0.66,15.0,0.7,10.0,0.09,0.09,618.86086,1776219014000
1776219016.309,16.309,0.34,15.0,0.3,10.0,0.43,5.0,0.45,10.0,0.57,5.0,0.55,10.0,0.66,15.0,0.7,10.0,0.09,0.09,618.86269,1776219015000
1776219017.067,17.067,0.34,15.0,0.3,10.0,0.43,5.0,0.45,10.0,0.57,5.0,0.55,10.0,0.66,15.0,0.7,10.0,0.09,0.09,618.86269,1776219016000
1776219018.332,18.332,0.34,15.0,0.3,10.0,0.43,5.0,0.45,10.0,0.57,5.0,0.55,10.0,0.66,15.0,0.7,10.0,0.09,0.09,618.862911,1776219017000
1776219019.094,19.094,0.34,15.0,0.3,10.0,0.43,5.0,0.45,10.0,0.57,5.0,0.55,10.0,0.66,15.0,0.7,10.0,0.09,0.09,618.862777,1776219018000
1776219020.459,20.459,0.34,15.0,0.3,10.0,0.43,5.0,0.45,10.0,0.57,5.0,0.55,10.0,0.66,15.0,0.7,10.0,0.09,0.09,618.8666,1776219019000
1776219021.116,21.116,0.34,15.0,0.3,10.0,0.43,5.0,0.45,10.0,0.57,5.0,0.55,10.0,0.66,15.0,0.7,10.0,0.09,0.09,618.86334,1776219020000
1776219022.216,22.216,0.34,15.0,0.3,10.0,0.43,5.0,0.45,10.0,0.57,5.0,0.55,10.0,0.66,15.0,0.7,10.0,0.09,0.09,618.85573,1776219021000
1776219023.394,23.394,0.34,15.0,0.3,10.0,0.43,5.0,0.45,10.0,0.57,5.0,0.55,10.0,0.66,15.0,0.7,10.0,0.09,0.09,618.85579,1776219022000
1776219024.215,24.215,0.34,15.0,0.3,10.0,0.43,5.0,0.45,10.0,0.57,5.0,0.55,10.0,0.66,15.0,0.7,10.0,0.09,0.09,618.8556,1776219023000
1776219025.932,25.932,0.34,15.0,0.3,10.0,0.43,5.0,0.45,10.0,0.57,5.0,0.55,10.0,0.66,15.0,0.7,10.0,0.09,0.09,618.86791,1776219025000
1776219027.511,27.511,0.34,15.0,0.3,10.0,0.43,5.0,0.45,10.0,0.57,5.0,0.55,10.0,0.66,15.0,0.7,10.0,0.09,0.09,618.86992,1776219026000
1776219028.191,28.191,0.34,15.0,0.3,10.0,0.43,5.0,0.45,10.0,0.57,5.0,0.55,10.0,0.66,15.0,0.7,10.0,0.09,0.09,618.8676,1776219027000
1776219029.69,29.69,0.34,15.0,0.3,10.0,0.43,5.0,0.45,10.0,0.57,5.0,0.55,10.0,0.66,15.0,0.7,10.0,0.09,0.09,618.85996,1776219028000
1776219030.318,30.318,0.34,15.0,0.3,10.0,0.43,5.0,0.45,10.0,0.57,5.0,0.55,10.0,0.66,15.0,0.7,10.0,0.09,0.09,618.85973,1776219029000
1776219030.98,30.98,0.34,15.0,0.3,10.0,0.43,5.0,0.45,10.0,0.57,5.0,0.55,10.0,0.66,15.0,0.7,10.0,0.09,0.09,618.86212,1776219030000
1776219032.555,32.555,0.34,15.0,0.3,10.0,0.43,5.0,0.45,10.0,0.57,5.0,0.55,10.0,0.66,15.0,0.7,10.0,0.09,0.09,618.854443,1776219031000
1776219033.215,33.215,0.34,15.0,0.3,10.0,0.43,5.0,0.45,10.0,0.57,5.0,0.55,10.0,0.66,15.0,0.7,10.0,0.09,0.09,618.852039,1776219032000
1776219034.793,34.793,0.34,4.5,0.28,10.0,0.44,5.0,0.45,5.0,0.56,5.0,0.55,5.0,0.66,4.5,0.72,10.0,0.1,0.1,618.84856,1776219033000
1776219035.494,35.494,0.34,4.5,0.28,10.0,0.44,5.0,0.45,5.0,0.56,5.0,0.55,5.0,0.66,4.5,0.72,10.0,0.1,0.1,618.84856,1776219034000
1776219036.332,36.332,0.34,4.5,0.28,10.0,0.44,5.0,0.45,5.0,0.56,5.0,0.55,5.0,0.66,4.5,0.72,10.0,0.1,0.1,618.84966,1776219035000
1776219037.051,37.051,0.34,4.5,0.28,10.0,0.44,5.0,0.45,5.0,0.56,5.0,0.55,5.0,0.66,4.5,0.72,10.0,0.1,0.1,618.84966,1776219036000
1776219038.634,38.634,0.34,4.5,0.28,10.0,0.44,5.0,0.45,5.0,0.56,5.0,0.55,5.0,0.66,4.5,0.72,10.0,0.1,0.1,618.84696,1776219037000
1776219039.43,39.43,0.34,4.5,0.28,10.0,0.44,5.0,0.45,5.0,0.56,5.0,0.55,5.0,0.66,4.5,0.72,10.0,0.1,0.1,618.84693,1776219038000
1776219040.192,40.192,0.34,4.5,0.28,10.0,0.44,5.0,0.45,5.0,0.56,5.0,0.55,5.0,0.66,4.5,0.72,10.0,0.1,0.1,618.84789,1776219039000
1776219043.14,43.14,0.34,4.5,0.28,10.0,0.44,5.0,0.45,5.0,0.56,5.0,0.55,5.0,0.66,4.5,0.72,10.0,0.1,0.1,618.89543,1776219040000
1776219043.707,43.707,0.34,4.5,0.28,10.0,0.44,5.0,0.45,5.0,0.56,5.0,0.55,5.0,0.66,4.5,0.72,10.0,0.1,0.1,618.883884,1776219042000
1776219044.268,44.268,0.34,4.5,0.28,10.0,0.44,5.0,0.45,5.0,0.56,5.0,0.55,5.0,0.66,4.5,0.72,10.0,0.1,0.1,618.86929,1776219043000
1776219045.318,45.318,0.34,4.5,0.28,10.0,0.44,5.0,0.45,5.0,0.56,5.0,0.55,5.0,0.66,4.5,0.72,10.0,0.1,0.1,618.85824,1776219044000
1776219045.786,45.786,0.34,4.5,0.28,10.0,0.44,5.0,0.45,5.0,0.56,5.0,0.55,5.0,0.66,4.5,0.72,10.0,0.1,0.1,618.85824,1776219045000
1776219046.483,46.483,0.32,7.51,0.27,10.0,0.43,5.0,0.45,10.0,0.56,5.0,0.55,5.0,0.66,4.5,0.72,10.0,0.11,0.1,618.85824,1776219045000
1776219046.837,46.837,0.32,7.51,0.27,10.0,0.43,5.0,0.45,10.0,0.57,5.0,0.55,10.0,0.68,7.51,0.73,10.0,0.11,0.11,618.857351,1776219046000
1776219047.771,47.771,0.32,7.51,0.27,10.0,0.43,5.0,0.45,10.0,0.57,5.0,0.55,10.0,0.68,7.51,0.73,10.0,0.11,0.11,618.859171,1776219047000
1776219048.895,48.895,0.32,7.51,0.27,10.0,0.43,5.0,0.45,10.0,0.57,5.0,0.55,10.0,0.68,7.51,0.73,10.0,0.11,0.11,618.87703,1776219048000
1776219049.908,49.908,0.32,7.51,0.27,10.0,0.43,5.0,0.45,10.0,0.57,5.0,0.55,10.0,0.68,7.51,0.73,10.0,0.11,0.11,618.87446,1776219049000
1776219050.907,50.907,0.32,7.51,0.27,10.0,0.43,5.0,0.45,10.0,0.57,5.0,0.55,10.0,0.68,7.51,0.73,10.0,0.11,0.11,618.87429,1776219050000
1776219051.96,51.96,0.32,7.51,0.27,10.0,0.43,5.0,0.45,10.0,0.57,5.0,0.55,10.0,0.68,7.51,0.73,10.0,0.11,0.11,618.868205,1776219051000
1776219052.976,52.976,0.32,7.51,0.27,10.0,0.43,5.0,0.45,10.0,0.57,5.0,0.55,10.0,0.68,7.51,0.73,10.0,0.11,0.11,618.86658,1776219052000
1776219053.927,53.927,0.32,7.51,0.27,10.0,0.43,5.0,0.45,10.0,0.57,5.0,0.55,10.0,0.68,7.51,0.73,10.0,0.11,0.11,618.86623,1776219053000
1776219054.903,54.903,0.32,7.51,0.27,10.0,0.43,5.0,0.45,10.0,0.57,5.0,0.55,10.0,0.68,7.51,0.73,10.0,0.11,0.11,618.876486,1776219054000
1776219055.911,55.911,0.32,7.51,0.27,10.0,0.43,5.0,0.45,10.0,0.57,5.0,0.55,10.0,0.68,7.51,0.73,10.0,0.11,0.11,618.86845,1776219055000
1776219057.698,57.698,0.32,7.51,0.27,10.0,0.43,5.0,0.45,10.0,0.57,5.0,0.55,10.0,0.68,7.51,0.73,10.0,0.11,0.11,618.881165,1776219056000
1776219058.358,58.358,0.32,7.51,0.27,10.0,0.43,5.0,0.45,10.0,0.57,5.0,0.55,10.0,0.68,7.51,0.73,10.0,0.11,0.11,618.880412,1776219057000
1776219059.054,59.054,0.32,7.51,0.27,10.0,0.43,5.0,0.45,10.0,0.57,5.0,0.55,10.0,0.68,7.51,0.73,10.0,0.11,0.11,618.880218,1776219058000
1776219060.466,60.466,0.32,7.51,0.27,10.0,0.43,5.0,0.45,10.0,0.57,5.0,0.55,10.0,0.68,7.51,0.73,10.0,0.11,0.11,618.84724,1776219059000
1776219061.396,61.396,0.32,7.51,0.27,10.0,0.43,5.0,0.45,10.0,0.57,5.0,0.55,10.0,0.68,7.51,0.73,10.0,0.11,0.11,618.84624,1776219060000
1776219062.056,62.056,0.32,7.51,0.27,10.0,0.43,5.0,0.45,10.0,0.57,5.0,0.55,10.0,0.68,7.51,0.73,10.0,0.11,0.11,618.84207,1776219061000
1776219062.355,62.355,0.28,17.9,0.27,13.2,0.43,15.0,0.44,5.0,0.57,5.0,0.55,10.0,0.68,7.51,0.73,10.0,0.15,0.11,618.84207,1776219061000
1776219063.434,63.434,0.28,17.9,0.27,13.2,0.43,15.0,0.44,5.0,0.57,15.0,0.56,5.0,0.72,17.9,0.73,13.2,0.15,0.15,618.84793,1776219062000
1776219064.183,64.183,0.28,17.9,0.27,13.2,0.43,15.0,0.44,5.0,0.57,15.0,0.56,5.0,0.72,17.9,0.73,13.2,0.15,0.15,618.85641,1776219063000
1776219065.299,65.299,0.28,12.9,0.27,13.2,0.43,15.0,0.44,5.0,0.57,15.0,0.56,5.0,0.72,12.9,0.73,13.2,0.15,0.15,618.86735,1776219064000
1776219066.562,66.562,0.28,12.9,0.27,13.2,0.43,15.0,0.44,5.0,0.57,15.0,0.56,5.0,0.72,12.9,0.73,13.2,0.15,0.15,618.87883,1776219065000
1776219067.145,67.145,0.28,12.9,0.27,13.2,0.43,15.0,0.44,5.0,0.57,15.0,0.56,5.0,0.72,12.9,0.73,13.2,0.15,0.15,618.87874,1776219066000
1776219068.488,68.488,0.28,12.9,0.27,13.2,0.43,15.0,0.44,5.0,0.57,15.0,0.56,5.0,0.72,12.9,0.73,13.2,0.15,0.15,618.85508,1776219067000
1776219069.118,69.118,0.28,12.9,0.27,13.2,0.43,15.0,0.44,5.0,0.57,15.0,0.56,5.0,0.72,12.9,0.73,13.2,0.15,0.15,618.82988,1776219068000
1776219069.376,69.376,0.24,24.3,0.23,14.7,0.41,10.7,0.42,10.7,0.57,15.0,0.56,5.0,0.72,12.9,0.73,13.2,0.17,0.15,618.82988,1776219068000
1776219070.241,70.241,0.24,24.3,0.23,14.7,0.41,10.7,0.42,10.7,0.59,10.7,0.58,10.7,0.76,24.3,0.77,14.7,0.17,0.17,618.835748,1776219069000
1776219071.414,71.414,0.24,24.3,0.23,14.7,0.41,10.7,0.42,10.7,0.59,10.7,0.58,10.7,0.76,24.3,0.77,14.7,0.17,0.17,618.844042,1776219070000
1776219072.148,72.148,0.24,24.3,0.23,14.7,0.41,10.7,0.42,10.7,0.59,10.7,0.58,10.7,0.76,24.3,0.77,14.7,0.17,0.17,618.844042,1776219071000
1776219073.726,73.726,0.24,24.3,0.23,14.7,0.41,10.7,0.42,10.7,0.59,10.7,0.58,10.7,0.76,24.3,0.77,14.7,0.17,0.17,618.875313,1776219072000
1776219074.306,74.306,0.24,24.3,0.23,14.7,0.41,10.7,0.42,10.7,0.59,10.7,0.58,10.7,0.76,24.3,0.77,14.7,0.17,0.17,618.870914,1776219073000
1776219075.71,75.71,0.24,24.3,0.23,14.7,0.41,10.7,0.42,10.7,0.59,10.7,0.58,10.7,0.76,24.3,0.77,14.7,0.17,0.17,618.84236,1776219074000
1776219076.275,76.275,0.24,24.3,0.23,14.7,0.41,10.7,0.42,10.7,0.59,10.7,0.58,10.7,0.76,24.3,0.77,14.7,0.17,0.17,618.84356,1776219075000
1776219077.402,77.402,0.24,24.3,0.23,14.7,0.41,10.7,0.42,10.7,0.59,10.7,0.58,10.7,0.76,24.3,0.77,14.7,0.17,0.17,618.85014,1776219076000
1776219077.931,77.931,0.24,24.3,0.23,14.7,0.41,10.7,0.42,10.7,0.59,10.7,0.58,10.7,0.76,24.3,0.77,14.7,0.17,0.17,618.860628,1776219077000
1776219079.02,79.02,0.24,24.3,0.23,14.7,0.41,10.7,0.42,10.7,0.59,10.7,0.58,10.7,0.76,24.3,0.77,14.7,0.17,0.17,618.860489,1776219078000
1776219080.076,80.076,0.24,24.3,0.23,14.7,0.41,10.7,0.42,10.7,0.59,10.7,0.58,10.7,0.76,24.3,0.77,14.7,0.17,0.17,618.86989,1776219079000
1776219081.206,81.206,0.24,24.3,0.23,14.7,0.41,10.7,0.42,10.7,0.59,10.7,0.58,10.7,0.76,24.3,0.77,14.7,0.17,0.17,618.8687,1776219080000
1776219082.485,82.485,0.24,24.3,0.23,14.7,0.41,10.7,0.42,10.7,0.59,10.7,0.58,10.7,0.76,24.3,0.77,14.7,0.17,0.17,618.87277,1776219081000
1776219083.372,83.372,0.24,24.3,0.23,14.7,0.41,10.7,0.42,10.7,0.59,10.7,0.58,10.7,0.76,24.3,0.77,14.7,0.17,0.17,618.82923,1776219082000
1776219084.232,84.232,0.24,24.3,0.23,14.7,0.41,10.7,0.42,10.7,0.59,10.7,0.58,10.7,0.76,24.3,0.77,14.7,0.17,0.17,618.878416,1776219083000
1776219085.46,85.46,0.24,24.3,0.23,14.7,0.41,10.7,0.42,10.7,0.59,10.7,0.58,10.7,0.76,24.3,0.77,14.7,0.17,0.17,618.874746,1776219084000
1776219086.141,86.141,0.24,24.3,0.23,14.7,0.41,10.7,0.42,10.7,0.59,10.7,0.58,10.7,0.76,24.3,0.77,14.7,0.17,0.17,618.859537,1776219085000
1776219087.357,87.357,0.24,24.3,0.23,14.7,0.41,10.7,0.42,10.7,0.59,10.7,0.58,10.7,0.76,24.3,0.77,14.7,0.17,0.17,618.841517,1776219086000
1776219087.832,87.832,0.24,24.3,0.23,14.7,0.41,10.7,0.42,10.7,0.59,10.7,0.58,10.7,0.76,24.3,0.77,14.7,0.17,0.17,618.84246,1776219087000
1776219089.356,89.356,0.24,24.3,0.23,14.7,0.41,10.7,0.42,10.7,0.59,10.7,0.58,10.7,0.76,24.3,0.77,14.7,0.17,0.17,618.827926,1776219088000
1776219089.845,89.845,0.24,24.3,0.23,14.7,0.41,10.7,0.42,10.7,0.59,10.7,0.58,10.7,0.76,24.3,0.77,14.7,0.17,0.17,618.84535,1776219089000
1776219090.867,90.867,0.24,24.3,0.23,14.7,0.41,10.7,0.42,10.7,0.59,10.7,0.58,10.7,0.76,24.3,0.77,14.7,0.17,0.17,618.84941,1776219090000
1776219091.888,91.888,0.24,24.3,0.23,14.7,0.41,10.7,0.42,10.7,0.59,10.7,0.58,10.7,0.76,24.3,0.77,14.7,0.17,0.17,618.85101,1776219091000
1776219093.004,93.004,0.24,24.3,0.23,14.7,0.41,10.7,0.42,10.7,0.59,10.7,0.58,10.7,0.76,24.3,0.77,14.7,0.17,0.17,618.8459,1776219092000
1776219093.948,93.948,0.24,24.3,0.23,14.7,0.41,10.7,0.42,10.7,0.59,10.7,0.58,10.7,0.76,24.3,0.77,14.7,0.17,0.17,618.84053,1776219093000
1776219095.017,95.017,0.24,24.3,0.23,14.7,0.41,10.7,0.42,10.7,0.59,10.7,0.58,10.7,0.76,24.3,0.77,14.7,0.17,0.17,618.858362,1776219094000
1776219095.999,95.999,0.24,24.3,0.23,14.7,0.41,10.7,0.42,10.7,0.59,10.7,0.58,10.7,0.76,24.3,0.77,14.7,0.17,0.17,618.894831,1776219095000
1776219096.975,96.975,0.24,24.3,0.23,14.7,0.41,10.7,0.42,10.7,0.59,10.7,0.58,10.7,0.76,24.3,0.77,14.7,0.17,0.17,618.892059,1776219096000
1776219098.001,98.001,0.24,24.3,0.23,14.7,0.41,10.7,0.42,10.7,0.59,10.7,0.58,10.7,0.76,24.3,0.77,14.7,0.17,0.17,618.888251,1776219097000
1776219099.092,99.092,0.24,24.3,0.23,14.7,0.41,10.7,0.42,10.7,0.59,10.7,0.58,10.7,0.76,24.3,0.77,14.7,0.17,0.17,618.909148,1776219098000
1776219100.092,100.092,0.24,24.3,0.23,14.7,0.41,10.7,0.42,10.7,0.59,10.7,0.58,10.7,0.76,24.3,0.77,14.7,0.17,0.17,618.910165,1776219099000
1776219101.153,101.153,0.24,24.3,0.23,14.7,0.41,10.7,0.42,10.7,0.59,10.7,0.58,10.7,0.76,24.3,0.77,14.7,0.17,0.17,618.910189,1776219100000
1776219102.819,102.819,0.24,24.3,0.23,14.7,0.41,10.7,0.42,10.7,0.59,10.7,0.58,10.7,0.76,24.3,0.77,14.7,0.17,0.17,618.9114,1776219101000
1776219103.325,103.325,0.24,24.3,0.23,14.7,0.41,10.7,0.42,10.7,0.59,10.7,0.58,10.7,0.76,24.3,0.77,14.7,0.17,0.17,618.91054,1776219102000
1776219104.346,104.346,0.24,24.3,0.23,14.7,0.41,10.7,0.42,10.7,0.59,10.7,0.58,10.7,0.76,24.3,0.77,14.7,0.17,0.17,618.91025,1776219103000
1776219105.296,105.296,0.24,24.3,0.23,14.7,0.41,10.7,0.42,10.7,0.59,10.7,0.58,10.7,0.76,24.3,0.77,14.7,0.17,0.17,618.89616,1776219104000
1776219106.278,106.278,0.24,24.3,0.23,14.7,0.41,10.7,0.42,10.7,0.59,10.7,0.58,10.7,0.76,24.3,0.77,14.7,0.17,0.17,618.89555,1776219105000
1776219107.334,107.334,0.24,24.3,0.23,14.7,0.41,10.7,0.42,10.7,0.59,10.7,0.58,10.7,0.76,24.3,0.77,14.7,0.17,0.17,618.89499,1776219106000
1776219108.302,108.302,0.24,24.3,0.23,14.7,0.41,10.7,0.42,10.7,0.59,10.7,0.58,10.7,0.76,24.3,0.77,14.7,0.17,0.17,618.89505,1776219107000
1776219108.893,108.893,0.24,24.3,0.23,14.7,0.41,10.7,0.42,10.7,0.59,10.7,0.58,10.7,0.76,24.3,0.77,14.7,0.17,0.17,618.89508,1776219108000
1776219109.928,109.928,0.24,24.3,0.23,14.7,0.41,10.7,0.42,10.7,0.59,10.7,0.58,10.7,0.76,24.3,0.77,14.7,0.17,0.17,618.88535,1776219109000
1776219110.921,110.921,0.24,24.3,0.23,14.7,0.41,10.7,0.42,10.7,0.59,10.7,0.58,10.7,0.76,24.3,0.77,14.7,0.17,0.17,618.879635,1776219110000
1776219111.98,111.98,0.24,24.3,0.23,14.7,0.41,10.7,0.42,10.7,0.59,10.7,0.58,10.7,0.76,24.3,0.77,14.7,0.17,0.17,618.881048,1776219111000
1776219113.203,113.203,0.24,24.3,0.23,14.7,0.41,10.7,0.42,10.7,0.59,10.7,0.58,10.7,0.76,24.3,0.77,14.7,0.17,0.17,618.901131,1776219112000
1776219114.317,114.317,0.24,24.3,0.23,14.7,0.41,10.7,0.42,10.7,0.59,10.7,0.58,10.7,0.76,24.3,0.77,14.7,0.17,0.17,618.880484,1776219113000
1776219115.377,115.377,0.24,24.3,0.23,14.7,0.41,10.7,0.42,10.7,0.59,10.7,0.58,10.7,0.76,24.3,0.77,14.7,0.17,0.17,618.87818,1776219114000
1776219116.647,116.647,0.24,24.3,0.23,14.7,0.41,10.7,0.42,10.7,0.59,10.7,0.58,10.7,0.76,24.3,0.77,14.7,0.17,0.17,618.893601,1776219115000
1776219117.241,117.241,0.24,24.3,0.23,14.7,0.41,10.7,0.42,10.7,0.59,10.7,0.58,10.7,0.76,24.3,0.77,14.7,0.17,0.17,618.941173,1776219116000
1776219118.393,118.393,0.24,24.3,0.23,14.7,0.41,10.7,0.42,10.7,0.59,10.7,0.58,10.7,0.76,24.3,0.77,14.7,0.17,0.17,618.95101,1776219117000
1776219119.017,119.017,0.24,24.3,0.23,14.7,0.41,10.7,0.42,10.7,0.59,10.7,0.58,10.7,0.76,24.3,0.77,14.7,0.17,0.17,618.9457,1776219118000
1776219120.207,120.207,0.24,24.3,0.23,14.7,0.41,10.7,0.42,10.7,0.59,10.7,0.58,10.7,0.76,24.3,0.77,14.7,0.17,0.17,618.941908,1776219119000
1776219121.309,121.309,0.24,24.3,0.23,14.7,0.41,10.7,0.42,10.7,0.59,10.7,0.58,10.7,0.76,24.3,0.77,14.7,0.17,0.17,618.900205,1776219120000
1776219122.37,122.37,0.3,6.2,0.29,12.6,0.39,5.0,0.4,5.0,0.61,5.0,0.6,5.0,0.7,6.2,0.71,12.6,0.09,0.09,618.892983,1776219121000
1776219123.047,123.047,0.3,6.2,0.29,12.6,0.39,5.0,0.4,5.0,0.61,5.0,0.6,5.0,0.7,6.2,0.71,12.6,0.09,0.09,618.91606,1776219122000
1776219124.168,124.168,0.3,6.2,0.29,12.6,0.39,5.0,0.4,5.0,0.61,5.0,0.6,5.0,0.7,6.2,0.71,12.6,0.09,0.09,618.921286,1776219123000
1776219125.377,125.377,0.3,6.2,0.29,12.6,0.39,5.0,0.4,5.0,0.61,5.0,0.6,5.0,0.7,6.2,0.71,12.6,0.09,0.09,618.921386,1776219124000
1776219125.992,125.992,0.3,6.2,0.29,12.6,0.39,5.0,0.4,5.0,0.61,5.0,0.6,5.0,0.7,6.2,0.71,12.6,0.09,0.09,618.92449,1776219125000
1776219127.035,127.035,0.3,6.2,0.29,12.6,0.39,5.0,0.4,5.0,0.61,5.0,0.6,5.0,0.7,6.2,0.71,12.6,0.09,0.09,618.9246,1776219126000
1776219128.187,128.187,0.3,6.2,0.29,12.6,0.39,5.0,0.4,5.0,0.61,5.0,0.6,5.0,0.7,6.2,0.71,12.6,0.09,0.09,618.928586,1776219127000
1776219129.316,129.316,0.3,6.2,0.29,12.6,0.39,5.0,0.4,5.0,0.61,5.0,0.6,5.0,0.7,6.2,0.71,12.6,0.09,0.09,618.930599,1776219128000
1776219129.885,129.885,0.3,6.2,0.29,12.6,0.39,5.0,0.4,5.0,0.61,5.0,0.6,5.0,0.7,6.2,0.71,12.6,0.09,0.09,618.939476,1776219129000
1776219131.423,131.423,0.3,6.2,0.29,12.6,0.39,5.0,0.4,5.0,0.61,5.0,0.6,5.0,0.7,6.2,0.71,12.6,0.09,0.09,618.937767,1776219130000
1776219132.053,132.053,0.3,6.2,0.29,12.6,0.39,5.0,0.4,5.0,0.61,5.0,0.6,5.0,0.7,6.2,0.71,12.6,0.09,0.09,618.937847,1776219131000
1776219132.419,132.419,0.44,4.0,0.41,55.0,0.58,5.1,0.6,10.0,0.42,5.1,0.4,10.0,0.59,45.0,0.64,44.0,0.14,0.17,618.937847,1776219131000
1776219132.855,132.855,0.44,4.0,0.41,45.0,0.58,3.03,0.6,10.0,0.42,5.1,0.4,10.0,0.56,4.0,0.59,55.0,0.14,0.14,618.937847,1776219131000
1776219133.148,133.148,0.44,4.0,0.41,45.0,0.58,3.03,0.6,10.0,0.42,3.03,0.4,10.0,0.56,4.0,0.59,45.0,0.14,0.14,618.94533,1776219132000
1776219134.33,134.33,0.44,4.0,0.41,45.0,0.58,3.03,0.6,10.0,0.42,3.03,0.4,10.0,0.56,4.0,0.59,45.0,0.14,0.14,618.967663,1776219133000
1776219135.463,135.463,0.44,4.0,0.41,45.0,0.58,3.03,0.6,10.0,0.42,3.03,0.4,10.0,0.56,4.0,0.59,45.0,0.14,0.14,619.04936,1776219134000
1776219136.015,136.015,0.44,4.0,0.41,45.0,0.58,3.03,0.6,10.0,0.42,3.03,0.4,10.0,0.56,4.0,0.59,45.0,0.14,0.14,619.04787,1776219135000
1776219137.118,137.118,0.44,4.0,0.41,45.0,0.58,3.03,0.6,10.0,0.42,3.03,0.4,10.0,0.56,4.0,0.59,45.0,0.14,0.14,619.04764,1776219136000
1776219138.253,138.253,0.44,4.0,0.41,45.0,0.58,3.03,0.6,10.0,0.42,3.03,0.4,10.0,0.56,4.0,0.59,45.0,0.14,0.14,619.05563,1776219137000
1776219139.402,139.402,0.44,4.0,0.41,45.0,0.58,3.03,0.6,10.0,0.42,3.03,0.4,10.0,0.56,4.0,0.59,45.0,0.14,0.14,619.06076,1776219138000
1776219139.998,139.998,0.44,4.0,0.41,45.0,0.58,3.03,0.6,10.0,0.42,3.03,0.4,10.0,0.56,4.0,0.59,45.0,0.14,0.14,619.042246,1776219139000
1776219140.898,140.898,0.45,15.5,0.44,29.6,0.67,3.96,0.68,21.9,0.42,3.03,0.4,10.0,0.56,4.0,0.59,45.0,0.22,0.14,619.042246,1776219139000
1776219141.23,141.23,0.45,15.5,0.44,29.6,0.67,3.96,0.68,21.9,0.33,3.96,0.32,21.9,0.55,15.5,0.56,29.6,0.22,0.22,619.036809,1776219140000
1776219142.316,142.316,0.45,15.5,0.44,29.6,0.67,3.96,0.68,21.9,0.33,3.96,0.32,21.9,0.55,15.5,0.56,29.6,0.22,0.22,619.05797,1776219141000
1776219143.516,143.516,0.45,15.5,0.44,29.6,0.67,3.96,0.68,21.9,0.33,3.96,0.32,21.9,0.55,15.5,0.56,29.6,0.22,0.22,619.02948,1776219142000
1776219144.056,144.056,0.45,15.5,0.44,29.6,0.67,3.96,0.68,21.9,0.33,3.96,0.32,21.9,0.55,15.5,0.56,29.6,0.22,0.22,619.022019,1776219143000
1776219145.214,145.214,0.45,15.5,0.44,29.6,0.67,3.96,0.68,21.9,0.33,3.96,0.32,21.9,0.55,15.5,0.56,29.6,0.22,0.22,619.026978,1776219144000
1776219146.141,146.141,0.45,15.5,0.44,29.6,0.67,3.96,0.68,21.9,0.33,3.96,0.32,21.9,0.55,15.5,0.56,29.6,0.22,0.22,619.035419,1776219145000
1776219146.678,146.678,0.49,15.4,0.48,10.4,0.6,7.53,0.66,11.6,0.33,3.96,0.32,21.9,0.55,15.5,0.56,29.6,0.11,0.22,619.035419,1776219145000
1776219147.155,147.155,0.49,15.4,0.48,10.4,0.6,7.53,0.66,11.6,0.4,7.53,0.34,11.6,0.51,15.4,0.52,10.4,0.11,0.11,619.03653,1776219146000
1776219148.191,148.191,0.49,15.4,0.48,10.4,0.6,7.53,0.66,11.6,0.4,7.53,0.34,11.6,0.51,15.4,0.52,10.4,0.11,0.11,619.03632,1776219147000
1776219149.18,149.18,0.49,15.4,0.48,10.4,0.6,7.53,0.66,11.6,0.4,7.53,0.34,11.6,0.51,15.4,0.52,10.4,0.11,0.11,619.03626,1776219148000
1776219150.793,150.793,0.49,15.4,0.48,10.4,0.6,7.53,0.66,11.6,0.4,7.53,0.34,11.6,0.51,15.4,0.52,10.4,0.11,0.11,619.03676,1776219149000
1776219151.401,151.401,0.49,15.4,0.48,10.4,0.6,7.53,0.66,11.6,0.4,7.53,0.34,11.6,0.51,15.4,0.52,10.4,0.11,0.11,619.0332,1776219150000
1776219152.005,152.005,0.49,15.4,0.48,10.4,0.6,7.53,0.66,11.6,0.4,7.53,0.34,11.6,0.51,15.4,0.52,10.4,0.11,0.11,619.0332,1776219151000
1776219153.092,153.092,0.49,15.4,0.48,10.4,0.6,7.53,0.66,11.6,0.4,7.53,0.34,11.6,0.51,15.4,0.52,10.4,0.11,0.11,619.03624,1776219152000
1776219154.089,154.089,0.49,15.4,0.48,10.4,0.6,7.53,0.66,11.6,0.4,7.53,0.34,11.6,0.51,15.4,0.52,10.4,0.11,0.11,619.03623,1776219153000
1776219155.131,155.131,0.49,15.4,0.48,10.4,0.6,7.53,0.66,11.6,0.4,7.53,0.34,11.6,0.51,15.4,0.52,10.4,0.11,0.11,619.0368,1776219154000
1776219156.175,156.175,0.49,15.4,0.48,10.4,0.6,7.53,0.66,11.6,0.4,7.53,0.34,11.6,0.51,15.4,0.52,10.4,0.11,0.11,619.04031,1776219155000
1776219157.269,157.269,0.49,15.4,0.48,10.4,0.6,7.53,0.66,11.6,0.4,7.53,0.34,11.6,0.51,15.4,0.52,10.4,0.11,0.11,619.04026,1776219156000
1776219158.334,158.334,0.49,15.4,0.48,10.4,0.6,7.53,0.66,11.6,0.4,7.53,0.34,11.6,0.51,15.4,0.52,10.4,0.11,0.11,619.04218,1776219157000
1776219158.85,158.85,0.49,15.4,0.48,10.4,0.6,7.53,0.66,11.6,0.4,7.53,0.34,11.6,0.51,15.4,0.52,10.4,0.11,0.11,619.02932,1776219158000
1776219160.449,160.449,0.49,15.4,0.48,10.4,0.6,7.53,0.66,11.6,0.4,7.53,0.34,11.6,0.51,15.4,0.52,10.4,0.11,0.11,619.03473,1776219159000
1776219160.942,160.942,0.49,15.4,0.48,10.4,0.6,7.53,0.66,11.6,0.4,7.53,0.34,11.6,0.51,15.4,0.52,10.4,0.11,0.11,619.035157,1776219160000
1776219161.985,161.985,0.49,15.4,0.48,10.4,0.6,7.53,0.66,11.6,0.4,7.53,0.34,11.6,0.51,15.4,0.52,10.4,0.11,0.11,619.026638,1776219161000
1776219162.931,162.931,0.49,15.4,0.48,10.4,0.6,7.53,0.66,11.6,0.4,7.53,0.34,11.6,0.51,15.4,0.52,10.4,0.11,0.11,619.02623,1776219162000
1776219163.86,163.86,0.49,15.4,0.48,10.4,0.6,7.53,0.66,11.6,0.4,7.53,0.34,11.6,0.51,15.4,0.52,10.4,0.11,0.11,619.05026,1776219163000
1776219164.843,164.843,0.49,15.4,0.48,10.4,0.6,7.53,0.66,11.6,0.4,7.53,0.34,11.6,0.51,15.4,0.52,10.4,0.11,0.11,619.07418,1776219164000
1776219165.82,165.82,0.49,15.4,0.48,10.4,0.6,7.53,0.66,11.6,0.4,7.53,0.34,11.6,0.51,15.4,0.52,10.4,0.11,0.11,619.042677,1776219165000
1776219166.774,166.774,0.49,15.4,0.48,10.4,0.6,7.53,0.66,11.6,0.4,7.53,0.34,11.6,0.51,15.4,0.52,10.4,0.11,0.11,619.060751,1776219166000
1776219168.225,168.225,0.49,15.4,0.48,10.4,0.6,7.53,0.66,11.6,0.4,7.53,0.34,11.6,0.51,15.4,0.52,10.4,0.11,0.11,619.070123,1776219167000
1776219169.21,169.21,0.49,15.4,0.48,10.4,0.6,7.53,0.66,11.6,0.4,7.53,0.34,11.6,0.51,15.4,0.52,10.4,0.11,0.11,619.06473,1776219168000
1776219170.241,170.241,0.49,15.4,0.48,10.4,0.6,7.53,0.66,11.6,0.4,7.53,0.34,11.6,0.51,15.4,0.52,10.4,0.11,0.11,619.06612,1776219169000
1776219171.135,171.135,0.49,15.4,0.48,10.4,0.6,7.53,0.66,11.6,0.4,7.53,0.34,11.6,0.51,15.4,0.52,10.4,0.11,0.11,619.06534,1776219170000
1776219172.128,172.128,0.49,15.4,0.48,10.4,0.6,7.53,0.66,11.6,0.4,7.53,0.34,11.6,0.51,15.4,0.52,10.4,0.11,0.11,619.049234,1776219171000
1776219173.109,173.109,0.49,15.4,0.48,10.4,0.6,7.53,0.66,11.6,0.4,7.53,0.34,11.6,0.51,15.4,0.52,10.4,0.11,0.11,619.049234,1776219172000
1776219174.228,174.228,0.49,15.4,0.48,10.4,0.6,7.53,0.66,11.6,0.4,7.53,0.34,11.6,0.51,15.4,0.52,10.4,0.11,0.11,619.047072,1776219173000
1776219175.184,175.184,0.49,15.4,0.48,10.4,0.6,7.53,0.66,11.6,0.4,7.53,0.34,11.6,0.51,15.4,0.52,10.4,0.11,0.11,619.043356,1776219174000
1776219176.236,176.236,0.49,15.4,0.48,10.4,0.6,7.53,0.66,11.6,0.4,7.53,0.34,11.6,0.51,15.4,0.52,10.4,0.11,0.11,619.049458,1776219175000
1776219177.102,177.102,0.49,15.4,0.48,10.4,0.6,7.53,0.66,11.6,0.4,7.53,0.34,11.6,0.51,15.4,0.52,10.4,0.11,0.11,619.037936,1776219176000
1776219178.138,178.138,0.49,15.4,0.48,10.4,0.6,7.53,0.66,11.6,0.4,7.53,0.34,11.6,0.51,15.4,0.52,10.4,0.11,0.11,619.047062,1776219177000
1776219179.033,179.033,0.49,15.4,0.48,10.4,0.6,7.53,0.66,11.6,0.4,7.53,0.34,11.6,0.51,15.4,0.52,10.4,0.11,0.11,619.046759,1776219178000
1776219180.061,180.061,0.49,15.4,0.48,10.4,0.6,7.53,0.66,11.6,0.4,7.53,0.34,11.6,0.51,15.4,0.52,10.4,0.11,0.11,619.045192,1776219179000
1776219181.022,181.022,0.49,15.4,0.48,10.4,0.6,7.53,0.66,11.6,0.4,7.53,0.34,11.6,0.51,15.4,0.52,10.4,0.11,0.11,619.044711,1776219180000
1776219182.193,182.193,0.49,15.4,0.48,10.4,0.6,7.53,0.66,11.6,0.4,7.53,0.34,11.6,0.51,15.4,0.52,10.4,0.11,0.11,619.04561,1776219181000
1776219183.029,183.029,0.49,15.4,0.48,10.4,0.6,7.53,0.66,11.6,0.4,7.53,0.34,11.6,0.51,15.4,0.52,10.4,0.11,0.11,619.026161,1776219182000
1776219184.052,184.052,0.49,15.4,0.48,10.4,0.6,7.53,0.66,11.6,0.4,7.53,0.34,11.6,0.51,15.4,0.52,10.4,0.11,0.11,619.04417,1776219183000
1776219185.052,185.052,0.49,15.4,0.48,10.4,0.6,7.53,0.66,11.6,0.4,7.53,0.34,11.6,0.51,15.4,0.52,10.4,0.11,0.11,619.04371,1776219184000
1776219185.946,185.946,0.49,15.4,0.48,10.4,0.6,7.53,0.66,11.6,0.4,7.53,0.34,11.6,0.51,15.4,0.52,10.4,0.11,0.11,619.038969,1776219185000
1776219187.128,187.128,0.49,15.4,0.48,10.4,0.6,7.53,0.66,11.6,0.4,7.53,0.34,11.6,0.51,15.4,0.52,10.4,0.11,0.11,619.039017,1776219186000
1776219188.314,188.314,0.49,15.4,0.48,10.4,0.6,7.53,0.66,11.6,0.4,7.53,0.34,11.6,0.51,15.4,0.52,10.4,0.11,0.11,619.037922,1776219187000
1776219188.876,188.876,0.49,15.4,0.48,10.4,0.6,7.53,0.66,11.6,0.4,7.53,0.34,11.6,0.51,15.4,0.52,10.4,0.11,0.11,619.037922,1776219188000
1776219190.048,190.048,0.49,15.4,0.48,10.4,0.6,7.53,0.66,11.6,0.4,7.53,0.34,11.6,0.51,15.4,0.52,10.4,0.11,0.11,619.04241,1776219189000
1776219191.267,191.267,0.49,15.4,0.48,10.4,0.6,7.53,0.66,11.6,0.4,7.53,0.34,11.6,0.51,15.4,0.52,10.4,0.11,0.11,619.051316,1776219190000
1776219192.381,192.381,0.49,15.4,0.48,10.4,0.6,7.53,0.66,11.6,0.4,7.53,0.34,11.6,0.51,15.4,0.52,10.4,0.11,0.11,619.042111,1776219191000
1776219193.011,193.011,0.49,15.4,0.48,10.4,0.6,7.53,0.66,11.6,0.4,7.53,0.34,11.6,0.51,15.4,0.52,10.4,0.11,0.11,619.042111,1776219192000
1776219194.124,194.124,0.49,15.4,0.48,10.4,0.6,7.53,0.66,11.6,0.4,7.53,0.34,11.6,0.51,15.4,0.52,10.4,0.11,0.11,619.053908,1776219193000
1776219195.185,195.185,0.49,15.4,0.48,10.4,0.6,7.53,0.66,11.6,0.4,7.53,0.34,11.6,0.51,15.4,0.52,10.4,0.11,0.11,619.03163,1776219194000
1776219196.278,196.278,0.49,15.4,0.48,10.4,0.6,7.53,0.66,11.6,0.4,7.53,0.34,11.6,0.51,15.4,0.52,10.4,0.11,0.11,619.030301,1776219195000
1776219196.834,196.834,0.49,15.4,0.48,10.4,0.6,7.53,0.66,11.6,0.4,7.53,0.34,11.6,0.51,15.4,0.52,10.4,0.11,0.11,619.029009,1776219196000
1776219197.966,197.966,0.49,15.4,0.48,10.4,0.6,7.53,0.66,11.6,0.4,7.53,0.34,11.6,0.51,15.4,0.52,10.4,0.11,0.11,619.0327,1776219197000
1776219199.034,199.034,0.49,15.4,0.48,10.4,0.6,7.53,0.66,11.6,0.4,7.53,0.34,11.6,0.51,15.4,0.52,10.4,0.11,0.11,619.050777,1776219198000
1776219200.855,200.855,0.49,15.4,0.48,10.4,0.6,7.53,0.66,11.6,0.4,7.53,0.34,11.6,0.51,15.4,0.52,10.4,0.11,0.11,619.062657,1776219199000
1776219201.278,201.278,0.49,15.4,0.48,10.4,0.6,7.53,0.66,11.6,0.4,7.53,0.34,11.6,0.51,15.4,0.52,10.4,0.11,0.11,619.064646,1776219200000
1776219201.903,201.903,0.49,15.4,0.48,10.4,0.6,7.53,0.66,11.6,0.4,7.53,0.34,11.6,0.51,15.4,0.52,10.4,0.11,0.11,619.064753,1776219201000
1776219203.103,203.103,0.49,15.4,0.48,10.4,0.6,7.53,0.66,11.6,0.4,7.53,0.34,11.6,0.51,15.4,0.52,10.4,0.11,0.11,619.06002,1776219202000
1776219204.467,204.467,0.49,15.4,0.48,10.4,0.6,7.53,0.66,11.6,0.4,7.53,0.34,11.6,0.51,15.4,0.52,10.4,0.11,0.11,619.06463,1776219203000
1776219205.126,205.126,0.49,15.4,0.48,10.4,0.6,7.53,0.66,11.6,0.4,7.53,0.34,11.6,0.51,15.4,0.52,10.4,0.11,0.11,619.08218,1776219204000
1776219205.53,205.53,0.49,10.4,0.48,15.4,0.66,11.6,0.67,3.96,0.4,7.53,0.34,11.6,0.51,15.4,0.52,10.4,0.17,0.11,619.08218,1776219204000
1776219206.299,206.299,0.49,10.4,0.48,15.4,0.66,11.6,0.67,3.96,0.34,11.6,0.33,3.96,0.51,10.4,0.52,15.4,0.17,0.17,619.08726,1776219205000
1776219206.879,206.879,0.49,10.4,0.48,15.4,0.66,11.6,0.67,3.96,0.34,11.6,0.33,3.96,0.51,10.4,0.52,15.4,0.17,0.17,619.09134,1776219206000
1776219207.087,207.087,0.51,60.4,0.5,10.4,0.65,5.0,0.73,13.2,0.34,11.6,0.33,3.96,0.51,10.4,0.52,15.4,0.14,0.17,619.09134,1776219206000
1776219208.097,208.097,0.51,60.4,0.5,10.4,0.65,5.0,0.73,13.2,0.35,5.0,0.27,13.2,0.49,60.4,0.5,10.4,0.14,0.14,619.09225,1776219207000
1776219208.42,208.42,0.54,20.5,0.53,10.4,0.67,5.0,0.73,13.2,0.35,5.0,0.27,13.2,0.49,60.4,0.5,10.4,0.13,0.14,619.09225,1776219207000
1776219209.285,209.285,0.54,20.5,0.53,10.4,0.67,5.0,0.73,13.2,0.33,5.0,0.27,13.2,0.46,20.5,0.47,10.4,0.13,0.13,619.063792,1776219208000
1776219210.292,210.292,0.54,20.5,0.53,10.4,0.67,5.0,0.73,13.2,0.33,5.0,0.27,13.2,0.46,20.5,0.47,10.4,0.13,0.13,619.06432,1776219209000
1776219211.492,211.492,0.54,20.5,0.53,10.4,0.67,5.0,0.73,13.2,0.33,5.0,0.27,13.2,0.46,20.5,0.47,10.4,0.13,0.13,619.09211,1776219210000
1776219212.139,212.139,0.54,20.5,0.53,10.4,0.67,5.0,0.73,13.2,0.33,5.0,0.27,13.2,0.46,20.5,0.47,10.4,0.13,0.13,619.09222,1776219211000
1776219213.344,213.344,0.54,20.5,0.53,10.4,0.67,5.0,0.73,13.2,0.33,5.0,0.27,13.2,0.46,20.5,0.47,10.4,0.13,0.13,619.09089,1776219212000
1776219214.36,214.36,0.54,20.5,0.53,10.4,0.67,5.0,0.73,13.2,0.33,5.0,0.27,13.2,0.46,20.5,0.47,10.4,0.13,0.13,619.09398,1776219213000
1776219214.976,214.976,0.54,20.5,0.53,10.4,0.67,5.0,0.73,13.2,0.33,5.0,0.27,13.2,0.46,20.5,0.47,10.4,0.13,0.13,619.0942,1776219214000
1776219216.333,216.333,0.54,20.5,0.53,10.4,0.67,5.0,0.73,13.2,0.33,5.0,0.27,13.2,0.46,20.5,0.47,10.4,0.13,0.13,619.095,1776219215000
1776219217.341,217.341,0.54,20.5,0.53,10.4,0.67,5.0,0.73,13.2,0.33,5.0,0.27,13.2,0.46,20.5,0.47,10.4,0.13,0.13,619.09547,1776219216000
1776219218.285,218.285,0.54,20.5,0.53,10.4,0.67,5.0,0.73,13.2,0.33,5.0,0.27,13.2,0.46,20.5,0.47,10.4,0.13,0.13,619.062994,1776219217000
1776219219.343,219.343,0.54,20.5,0.53,10.4,0.67,5.0,0.73,13.2,0.33,5.0,0.27,13.2,0.46,20.5,0.47,10.4,0.13,0.13,619.09499,1776219218000
1776219219.883,219.883,0.54,20.5,0.53,10.4,0.67,5.0,0.73,13.2,0.33,5.0,0.27,13.2,0.46,20.5,0.47,10.4,0.13,0.13,619.09499,1776219219000
1776219220.174,220.174,0.62,11.0,0.61,70.9,0.78,5.19,0.83,18.39,0.33,5.0,0.27,13.2,0.46,20.5,0.47,10.4,0.16,0.13,619.09499,1776219219000
1776219221.055,221.055,0.62,11.0,0.61,70.9,0.78,5.19,0.83,18.39,0.22,5.19,0.17,18.39,0.38,11.0,0.39,70.9,0.16,0.16,619.0945,1776219220000
1776219222.049,222.049,0.62,11.0,0.61,70.9,0.78,5.19,0.83,18.39,0.22,5.19,0.17,18.39,0.38,11.0,0.39,70.9,0.16,0.16,619.094918,1776219221000
1776219223.036,223.036,0.62,11.0,0.61,70.9,0.78,5.19,0.83,18.39,0.22,5.19,0.17,18.39,0.38,11.0,0.39,70.9,0.16,0.16,619.128833,1776219222000
1776219224.088,224.088,0.62,11.0,0.61,70.9,0.78,5.19,0.83,18.39,0.22,5.19,0.17,18.39,0.38,11.0,0.39,70.9,0.16,0.16,619.129305,1776219223000
1776219225.068,225.068,0.62,11.0,0.61,70.9,0.78,5.19,0.83,18.39,0.22,5.19,0.17,18.39,0.38,11.0,0.39,70.9,0.16,0.16,619.14372,1776219224000
1776219226.128,226.128,0.62,11.0,0.61,70.9,0.78,5.19,0.83,18.39,0.22,5.19,0.17,18.39,0.38,11.0,0.39,70.9,0.16,0.16,619.154745,1776219225000
1776219227.1,227.1,0.62,11.0,0.61,70.9,0.78,5.19,0.83,18.39,0.22,5.19,0.17,18.39,0.38,11.0,0.39,70.9,0.16,0.16,619.15903,1776219226000
1776219228.038,228.038,0.62,11.0,0.61,70.9,0.78,5.19,0.83,18.39,0.22,5.19,0.17,18.39,0.38,11.0,0.39,70.9,0.16,0.16,619.16135,1776219227000
1776219228.912,228.912,0.62,11.0,0.61,70.9,0.78,5.19,0.83,18.39,0.22,5.19,0.17,18.39,0.38,11.0,0.39,70.9,0.16,0.16,619.158621,1776219228000
1776219230.077,230.077,0.62,11.0,0.61,70.9,0.78,5.19,0.83,18.39,0.22,5.19,0.17,18.39,0.38,11.0,0.39,70.9,0.16,0.16,619.131675,1776219229000
1776219231.169,231.169,0.62,11.0,0.61,70.9,0.78,5.19,0.83,18.39,0.22,5.19,0.17,18.39,0.38,11.0,0.39,70.9,0.16,0.16,619.134574,1776219230000
1776219232.31,232.31,0.62,11.0,0.61,70.9,0.78,5.19,0.83,18.39,0.22,5.19,0.17,18.39,0.38,11.0,0.39,70.9,0.16,0.16,619.151393,1776219231000
1776219233.38,233.38,0.62,11.0,0.61,70.9,0.78,5.19,0.83,18.39,0.22,5.19,0.17,18.39,0.38,11.0,0.39,70.9,0.16,0.16,619.140594,1776219232000
1776219233.976,233.976,0.62,11.0,0.61,70.9,0.78,5.19,0.83,18.39,0.22,5.19,0.17,18.39,0.38,11.0,0.39,70.9,0.16,0.16,619.173676,1776219233000
1776219234.431,234.431,0.72,17.9,0.71,12.6,0.85,20.39,0.86,21.6,0.22,5.19,0.17,18.39,0.38,11.0,0.39,70.9,0.13,0.16,619.173676,1776219233000
1776219235.061,235.061,0.72,17.9,0.71,12.6,0.85,20.39,0.86,21.6,0.15,20.39,0.14,21.6,0.28,17.9,0.29,12.6,0.13,0.13,619.187223,1776219234000
1776219236.106,236.106,0.72,17.9,0.71,12.6,0.85,20.39,0.86,21.6,0.15,20.39,0.14,21.6,0.28,17.9,0.29,12.6,0.13,0.13,619.180372,1776219235000
1776219237.217,237.217,0.72,17.9,0.71,12.6,0.85,20.39,0.86,21.6,0.15,20.39,0.14,21.6,0.28,17.9,0.29,12.6,0.13,0.13,619.180635,1776219236000
1776219238.324,238.324,0.72,17.9,0.71,12.6,0.85,20.39,0.86,21.6,0.15,20.39,0.14,21.6,0.28,17.9,0.29,12.6,0.13,0.13,619.12335,1776219237000
1776219239.49,239.49,0.72,17.9,0.71,12.6,0.85,20.39,0.86,21.6,0.15,20.39,0.14,21.6,0.28,17.9,0.29,12.6,0.13,0.13,619.12306,1776219238000
1776219239.93,239.93,0.72,17.9,0.71,12.6,0.85,20.39,0.86,21.6,0.15,20.39,0.14,21.6,0.28,17.9,0.29,12.6,0.13,0.13,619.12511,1776219239000
1776219241.075,241.075,0.72,17.9,0.71,12.6,0.85,20.39,0.86,21.6,0.15,20.39,0.14,21.6,0.28,17.9,0.29,12.6,0.13,0.13,619.12529,1776219240000
1776219242.218,242.218,0.72,17.9,0.71,12.6,0.85,20.39,0.86,21.6,0.15,20.39,0.14,21.6,0.28,17.9,0.29,12.6,0.13,0.13,619.12517,1776219241000
1776219245.405,245.405,0.72,17.9,0.71,12.6,0.85,20.39,0.86,21.6,0.15,20.39,0.14,21.6,0.28,17.9,0.29,12.6,0.13,0.13,619.12156,1776219244000
1776219245.955,245.955,0.72,17.9,0.71,12.6,0.85,20.39,0.86,21.6,0.15,20.39,0.14,21.6,0.28,17.9,0.29,12.6,0.13,0.13,619.12283,1776219245000
1776219247.006,247.006,0.72,17.9,0.71,12.6,0.85,20.39,0.86,21.6,0.15,20.39,0.14,21.6,0.28,17.9,0.29,12.6,0.13,0.13,619.12323,1776219246000
1776219248.013,248.013,0.72,17.9,0.71,12.6,0.85,20.39,0.86,21.6,0.15,20.39,0.14,21.6,0.28,17.9,0.29,12.6,0.13,0.13,619.12051,1776219247000
1776219249.154,249.154,0.72,17.9,0.71,12.6,0.85,20.39,0.86,21.6,0.15,20.39,0.14,21.6,0.28,17.9,0.29,12.6,0.13,0.13,619.12006,1776219248000
1776219250.182,250.182,0.72,17.9,0.71,12.6,0.85,20.39,0.86,21.6,0.15,20.39,0.14,21.6,0.28,17.9,0.29,12.6,0.13,0.13,619.122944,1776219249000
1776219251.211,251.211,0.72,17.9,0.71,12.6,0.85,20.39,0.86,21.6,0.15,20.39,0.14,21.6,0.28,17.9,0.29,12.6,0.13,0.13,619.17468,1776219250000
1776219252.329,252.329,0.72,17.9,0.71,12.6,0.85,20.39,0.86,21.6,0.15,20.39,0.14,21.6,0.28,17.9,0.29,12.6,0.13,0.13,619.17563,1776219251000
1776219253.371,253.371,0.72,17.9,0.71,12.6,0.85,20.39,0.86,21.6,0.15,20.39,0.14,21.6,0.28,17.9,0.29,12.6,0.13,0.13,619.17478,1776219252000
1776219253.974,253.974,0.72,17.9,0.71,12.6,0.85,20.39,0.86,21.6,0.15,20.39,0.14,21.6,0.28,17.9,0.29,12.6,0.13,0.13,619.176344,1776219253000
1776219254.976,254.976,0.72,17.9,0.71,12.6,0.85,20.39,0.86,21.6,0.15,20.39,0.14,21.6,0.28,17.9,0.29,12.6,0.13,0.13,619.196739,1776219254000
1776219256.016,256.016,0.72,17.9,0.71,12.6,0.85,20.39,0.86,21.6,0.15,20.39,0.14,21.6,0.28,17.9,0.29,12.6,0.13,0.13,619.196827,1776219255000
1776219257.085,257.085,0.72,17.9,0.71,12.6,0.85,20.39,0.86,21.6,0.15,20.39,0.14,21.6,0.28,17.9,0.29,12.6,0.13,0.13,619.207391,1776219256000
1776219258.101,258.101,0.72,17.9,0.71,12.6,0.85,20.39,0.86,21.6,0.15,20.39,0.14,21.6,0.28,17.9,0.29,12.6,0.13,0.13,619.20584,1776219257000
1776219258.693,258.693,0.88,29.6,0.87,23.0,0.96,2.91,0.97,189.3,0.15,20.39,0.14,21.6,0.28,17.9,0.29,12.6,0.08,0.13,619.20584,1776219257000
1776219259.137,259.137,0.88,29.6,0.87,23.0,0.96,2.91,0.97,189.3,0.04,2.91,0.03,189.3,0.12,29.6,0.13,23.0,0.08,0.08,619.206562,1776219258000
1776219260.247,260.247,0.88,29.6,0.87,23.0,0.96,2.91,0.97,189.3,0.04,2.91,0.03,189.3,0.12,29.6,0.13,23.0,0.08,0.08,619.25466,1776219259000
1776219260.575,260.575,0.91,36.7,0.9,28.9,0.97,100.0,0.98,192.69,0.04,2.91,0.03,189.3,0.12,29.6,0.13,23.0,0.06,0.08,619.25466,1776219259000
1776219261.407,261.407,0.91,36.7,0.9,28.9,0.97,100.0,0.98,192.69,0.03,100.0,0.02,192.69,0.09,36.7,0.1,28.9,0.06,0.06,619.288495,1776219260000
1776219261.76,261.76,0.93,39.9,0.92,35.29,0.97,97.93,0.98,60.0,0.03,100.0,0.02,192.69,0.09,36.7,0.1,28.9,0.04,0.06,619.288495,1776219260000
1776219262.228,262.228,0.94,46.1,0.93,39.9,0.97,77.93,0.98,60.0,0.03,97.93,0.02,60.0,0.07,39.9,0.08,35.29,0.03,0.04,619.285574,1776219261000
1776219262.641,262.641,0.95,54.7,0.94,46.1,0.97,41.04,0.98,60.0,0.03,77.93,0.02,60.0,0.06,46.1,0.07,39.9,0.02,0.03,619.285574,1776219261000
1776219263.086,263.086,0.95,54.7,0.94,46.1,0.97,41.04,0.98,60.0,0.03,41.04,0.02,60.0,0.05,54.7,0.06,46.1,0.02,0.02,619.346772,1776219262000
1776219264.209,264.209,0.95,54.7,0.94,46.1,0.97,41.04,0.98,60.0,0.03,41.04,0.02,60.0,0.05,54.7,0.06,46.1,0.02,0.02,619.378278,1776219263000
1776219265.284,265.284,0.96,67.7,0.95,54.7,0.98,60.0,0.99,557.6,0.02,60.0,0.01,557.6,0.04,67.7,0.05,54.7,0.02,0.02,619.379539,1776219264000
1776219266.369,266.369,0.96,67.7,0.95,54.7,0.98,60.0,0.99,557.6,0.02,60.0,0.01,557.6,0.04,67.7,0.05,54.7,0.02,0.02,619.385434,1776219265000
1776219266.878,266.878,0.96,67.7,0.95,54.7,0.98,60.0,0.99,557.6,0.02,60.0,0.01,557.6,0.04,67.7,0.05,54.7,0.02,0.02,619.383205,1776219266000
1776219267.999,267.999,0.96,67.7,0.95,54.7,0.98,60.0,0.99,557.6,0.02,60.0,0.01,557.6,0.04,67.7,0.05,54.7,0.02,0.02,619.38059,1776219267000
1776219269.017,269.017,0.96,67.7,0.95,54.7,0.98,60.0,0.99,557.6,0.02,60.0,0.01,557.6,0.04,67.7,0.05,54.7,0.02,0.02,619.38699,1776219268000
1776219270.174,270.174,0.96,67.7,0.95,54.7,0.98,60.0,0.99,557.6,0.02,60.0,0.01,557.6,0.04,67.7,0.05,54.7,0.02,0.02,619.346137,1776219269000
1776219271.126,271.126,0.96,67.7,0.95,54.7,0.98,60.0,0.99,557.6,0.02,60.0,0.01,557.6,0.04,67.7,0.05,54.7,0.02,0.02,619.345833,1776219270000
1776219272.124,272.124,0.97,94.3,0.96,67.7,0.98,55.0,0.99,557.6,0.02,60.0,0.01,557.6,0.04,67.7,0.05,54.7,0.01,0.02,619.345833,1776219270000
1776219272.364,272.364,0.97,94.3,0.96,67.7,0.98,55.0,0.99,557.6,0.02,55.0,0.01,557.6,0.03,94.3,0.04,67.7,0.01,0.01,619.344468,1776219271000
1776219272.943,272.943,0.97,94.3,0.96,67.7,0.98,49.0,0.99,295.0,0.02,55.0,0.01,557.6,0.03,94.3,0.04,67.7,0.01,0.01,619.344468,1776219271000
1776219273.46,273.46,0.97,94.3,0.96,67.7,0.98,49.0,0.99,295.0,0.02,49.0,0.01,295.0,0.03,94.3,0.04,67.7,0.01,0.01,619.344468,1776219272000
1776219273.915,273.915,0.97,94.3,0.96,67.7,0.98,49.0,0.99,295.0,0.02,49.0,0.01,295.0,0.03,94.3,0.04,67.7,0.01,0.01,619.344333,1776219273000
1776219274.568,274.568,0.97,5.0,0.95,5.0,0.98,25.92,0.99,295.0,0.02,49.0,0.01,295.0,0.03,94.3,0.04,67.7,0.01,0.01,619.344333,1776219273000
1776219274.911,274.911,0.97,5.0,0.95,5.0,0.98,25.92,0.99,295.0,0.02,25.92,0.01,295.0,0.03,5.0,0.05,5.0,0.01,0.01,619.345713,1776219274000
1776219275.978,275.978,0.97,5.0,0.95,5.0,0.98,25.92,0.99,295.0,0.02,25.92,0.01,295.0,0.03,5.0,0.05,5.0,0.01,0.01,619.370474,1776219275000
1776219276.29,276.29,0.97,5.0,0.86,10.0,0.99,295.0,,,0.02,25.92,0.01,295.0,0.03,5.0,0.05,5.0,0.02,0.01,619.370474,1776219275000
1776219277.018,277.018,0.97,5.0,0.86,10.0,0.99,295.0,,,0.01,295.0,,,0.03,5.0,0.14,10.0,0.02,0.02,619.292587,1776219276000
1776219278.022,278.022,0.97,5.0,0.86,10.0,0.99,295.0,,,0.01,295.0,,,0.03,5.0,0.14,10.0,0.02,0.02,619.274355,1776219277000
1776219279.045,279.045,0.97,5.0,0.86,10.0,0.99,295.0,,,0.01,295.0,,,0.03,5.0,0.14,10.0,0.02,0.02,619.298598,1776219278000
1776219280.074,280.074,0.97,5.0,0.86,10.0,0.99,295.0,,,0.01,295.0,,,0.03,5.0,0.14,10.0,0.02,0.02,619.31932,1776219279000
1776219280.967,280.967,0.97,5.0,0.86,10.0,0.99,295.0,,,0.01,295.0,,,0.03,5.0,0.14,10.0,0.02,0.02,619.298016,1776219280000
1776219282.079,282.079,0.97,5.0,0.86,10.0,0.99,295.0,,,0.01,295.0,,,0.03,5.0,0.14,10.0,0.02,0.02,619.2873,1776219281000
1776219283.026,283.026,0.97,5.0,0.86,10.0,0.99,295.0,,,0.01,295.0,,,0.03,5.0,0.14,10.0,0.02,0.02,619.29766,1776219282000
1776219284.103,284.103,0.97,5.0,0.86,10.0,0.99,295.0,,,0.01,295.0,,,0.03,5.0,0.14,10.0,0.02,0.02,619.283861,1776219283000
1776219285.019,285.019,0.97,5.0,0.86,10.0,0.99,295.0,,,0.01,295.0,,,0.03,5.0,0.14,10.0,0.02,0.02,619.279617,1776219284000
1776219286.603,286.603,0.97,5.0,0.86,10.0,0.99,295.0,,,0.01,295.0,,,0.03,5.0,0.14,10.0,0.02,0.02,619.291553,1776219285000
1776219287.514,287.514,0.97,5.0,0.86,10.0,0.99,295.0,,,0.01,295.0,,,0.03,5.0,0.14,10.0,0.02,0.02,619.293393,1776219286000
1776219288.128,288.128,0.97,5.0,0.86,10.0,0.99,295.0,,,0.01,295.0,,,0.03,5.0,0.14,10.0,0.02,0.02,619.293362,1776219287000
1776219289.411,289.411,0.97,5.0,0.86,10.0,0.99,295.0,,,0.01,295.0,,,0.03,5.0,0.14,10.0,0.02,0.02,619.269,1776219288000
1776219290.078,290.078,0.97,5.0,0.86,10.0,0.99,295.0,,,0.01,295.0,,,0.03,5.0,0.14,10.0,0.02,0.02,619.268364,1776219289000
1776219290.496,290.496,0.97,5.0,0.9,10.0,0.99,292.57,,,0.01,295.0,,,0.03,5.0,0.14,10.0,0.02,0.02,619.268364,1776219289000
1776219291.916,291.916,0.97,5.0,0.9,10.0,0.99,292.57,,,0.01,292.57,,,0.03,5.0,0.1,10.0,0.02,0.02,619.278918,1776219291000
1776219292.755,292.755,0.97,5.0,0.92,10.0,0.99,287.52,,,0.01,292.57,,,0.03,5.0,0.1,10.0,0.02,0.02,619.278918,1776219291000
1776219292.963,292.963,0.97,5.0,0.92,10.0,0.99,287.52,,,0.01,287.52,,,0.03,5.0,0.08,10.0,0.02,0.02,619.288476,1776219292000
1776219293.336,293.336,0.97,5.0,0.91,10.0,0.99,187.31,,,0.01,287.52,,,0.03,5.0,0.08,10.0,0.02,0.02,619.288476,1776219292000
1776219294.123,294.123,0.97,5.0,0.91,10.0,0.99,187.31,,,0.01,187.31,,,0.03,5.0,0.09,10.0,0.02,0.02,619.327643,1776219293000
1776219294.361,294.361,0.97,5.0,0.91,10.0,0.99,182.31,,,0.01,187.31,,,0.03,5.0,0.09,10.0,0.02,0.02,619.327643,1776219293000
1776219295.189,295.189,0.97,5.0,0.91,10.0,0.99,182.31,,,0.01,182.31,,,0.03,5.0,0.09,10.0,0.02,0.02,619.327643,1776219294000
1776219296.265,296.265,0.99,817.69,0.97,5.0,,,,,,,,,0.01,817.69,0.03,5.0,,,619.327302,1776219295000
1776219296.652,296.652,0.99,753.46,0.97,5.0,,,,,,,,,0.01,817.69,0.03,5.0,,,619.327302,1776219295000
1776219297.343,297.343,0.99,753.46,0.97,5.0,,,,,,,,,0.01,753.46,0.03,5.0,,,619.3408,1776219296000
1776219298.083,298.083,0.99,753.46,0.97,5.0,,,,,,,,,0.01,753.46,0.03,5.0,,,619.34353,1776219297000
1776219299.229,299.229,0.99,753.46,0.97,5.0,,,,,,,,,0.01,753.46,0.03,5.0,,,619.34686,1776219298000
1776219300.315,300.315,0.99,753.46,0.97,5.0,,,,,,,,,0.01,753.46,0.03,5.0,,,619.35283,1776219299000
1776219301.004,301.004,0.99,753.46,0.97,5.0,,,,,,,,,0.01,753.46,0.03,5.0,,,619.363955,1776219300000
1776219302.368,302.368,0.99,753.46,0.97,5.0,,,,,,,,,0.01,753.46,0.03,5.0,,,619.38622,1776219301000

# RESULT,winner=Up,slug=bnb-updown-5m-1776219000,ticks=314
