timestamp,elapsed_sec,up_bid_p1,up_bid_s1,up_bid_p2,up_bid_s2,up_ask_p1,up_ask_s1,up_ask_p2,up_ask_s2,down_bid_p1,down_bid_s1,down_bid_p2,down_bid_s2,down_ask_p1,down_ask_s1,down_ask_p2,down_ask_s2,up_spread,down_spread,bnb_price,bnb_oracle_ts
1776206701.59,1.59,0.5,5.0,0.33,300.0,0.67,300.0,0.69,375.0,0.33,300.0,0.31,375.0,0.5,5.0,0.67,300.0,0.17,0.17,614.675,1776206700000
1776206701.881,1.881,0.5,5.0,0.33,300.0,0.67,300.0,0.69,375.0,0.33,300.0,0.31,375.0,0.5,5.0,0.67,300.0,0.17,0.17,614.675,1776206700000
1776206702.286,2.286,0.5,5.0,0.33,300.0,0.67,300.0,0.69,375.0,0.33,300.0,0.31,375.0,0.5,5.0,0.67,300.0,0.17,0.17,614.674,1776206701000
1776206703.904,3.904,0.5,5.0,0.33,300.0,0.67,300.0,0.69,375.0,0.33,300.0,0.31,375.0,0.5,5.0,0.67,300.0,0.17,0.17,614.697988,1776206703000
1776206705.137,5.137,0.5,5.0,0.33,300.0,0.67,300.0,0.69,375.0,0.33,300.0,0.31,375.0,0.5,5.0,0.67,300.0,0.17,0.17,614.674,1776206704000
1776206706.37,6.37,0.5,5.0,0.33,300.0,0.67,300.0,0.69,375.0,0.33,300.0,0.31,375.0,0.5,5.0,0.67,300.0,0.17,0.17,614.651,1776206705000
1776206707.324,7.324,0.5,5.0,0.33,300.0,0.67,300.0,0.69,375.0,0.33,300.0,0.31,375.0,0.5,5.0,0.67,300.0,0.17,0.17,614.65,1776206706000
1776206707.918,7.918,0.5,5.0,0.33,300.0,0.67,300.0,0.69,375.0,0.33,300.0,0.31,375.0,0.5,5.0,0.67,300.0,0.17,0.17,614.65,1776206707000
1776206708.992,8.992,0.5,5.0,0.33,300.0,0.67,300.0,0.69,375.0,0.33,300.0,0.31,375.0,0.5,5.0,0.67,300.0,0.17,0.17,614.656,1776206708000
1776206710.009,10.009,0.5,5.0,0.33,300.0,0.67,300.0,0.69,375.0,0.33,300.0,0.31,375.0,0.5,5.0,0.67,300.0,0.17,0.17,614.651,1776206709000
1776206711.114,11.114,0.5,5.0,0.33,300.0,0.67,300.0,0.69,375.0,0.33,300.0,0.31,375.0,0.5,5.0,0.67,300.0,0.17,0.17,614.614,1776206710000
1776206713.014,13.014,0.5,5.0,0.33,300.0,0.67,300.0,0.69,375.0,0.33,300.0,0.31,375.0,0.5,5.0,0.67,300.0,0.17,0.17,614.624,1776206711000
1776206713.588,13.588,0.5,5.0,0.33,300.0,0.67,300.0,0.69,375.0,0.33,300.0,0.31,375.0,0.5,5.0,0.67,300.0,0.17,0.17,614.627,1776206712000
1776206714.098,14.098,0.5,5.0,0.33,300.0,0.67,300.0,0.69,375.0,0.33,300.0,0.31,375.0,0.5,5.0,0.67,300.0,0.17,0.17,614.618,1776206713000
1776206715.994,15.994,0.5,5.0,0.33,300.0,0.67,300.0,0.69,375.0,0.33,300.0,0.31,375.0,0.5,5.0,0.67,300.0,0.17,0.17,614.618,1776206714000
1776206716.856,16.856,0.5,5.0,0.33,300.0,0.67,300.0,0.69,375.0,0.33,300.0,0.31,375.0,0.5,5.0,0.67,300.0,0.17,0.17,614.619,1776206715000
1776206717.568,17.568,0.5,5.0,0.33,300.0,0.67,300.0,0.69,375.0,0.33,300.0,0.31,375.0,0.5,5.0,0.67,300.0,0.17,0.17,614.623,1776206716000
1776206718.233,18.233,0.5,5.0,0.33,300.0,0.67,300.0,0.69,375.0,0.33,300.0,0.31,375.0,0.5,5.0,0.67,300.0,0.17,0.17,614.623,1776206717000
1776206719.108,19.108,0.5,5.0,0.33,300.0,0.67,300.0,0.69,375.0,0.33,300.0,0.31,375.0,0.5,5.0,0.67,300.0,0.17,0.17,614.64,1776206718000
1776206719.405,19.405,0.5,5.0,0.46,5.0,0.61,10.0,0.63,10.0,0.33,300.0,0.31,375.0,0.5,5.0,0.67,300.0,0.11,0.17,614.64,1776206718000
1776206720.33,20.33,0.5,5.0,0.46,5.0,0.61,10.0,0.63,10.0,0.39,10.0,0.37,10.0,0.5,5.0,0.54,5.0,0.11,0.11,614.67,1776206719000
1776206721.194,21.194,0.5,5.0,0.46,5.0,0.61,10.0,0.63,10.0,0.39,10.0,0.37,10.0,0.5,5.0,0.54,5.0,0.11,0.11,614.677,1776206720000
1776206722.778,22.778,0.5,5.0,0.46,5.0,0.61,10.0,0.63,10.0,0.39,10.0,0.37,10.0,0.5,5.0,0.54,5.0,0.11,0.11,614.676202,1776206721000
1776206723.394,23.394,0.5,5.0,0.46,5.0,0.61,10.0,0.63,10.0,0.39,10.0,0.37,10.0,0.5,5.0,0.54,5.0,0.11,0.11,614.679,1776206722000
1776206724.211,24.211,0.5,5.0,0.46,5.0,0.61,10.0,0.63,10.0,0.39,10.0,0.37,10.0,0.5,5.0,0.54,5.0,0.11,0.11,614.695333,1776206723000
1776206725.601,25.601,0.5,5.0,0.46,5.0,0.61,10.0,0.63,10.0,0.39,10.0,0.37,10.0,0.5,5.0,0.54,5.0,0.11,0.11,614.783883,1776206724000
1776206726.392,26.392,0.5,5.0,0.46,5.0,0.61,10.0,0.63,10.0,0.39,10.0,0.37,10.0,0.5,5.0,0.54,5.0,0.11,0.11,614.823898,1776206725000
1776206727.205,27.205,0.5,5.0,0.46,5.0,0.61,10.0,0.63,10.0,0.39,10.0,0.37,10.0,0.5,5.0,0.54,5.0,0.11,0.11,614.825624,1776206726000
1776206727.714,27.714,0.63,5.0,0.61,5.0,0.73,5.0,0.78,10.0,0.39,10.0,0.37,10.0,0.5,5.0,0.54,5.0,0.1,0.11,614.825624,1776206726000
1776206728.765,28.765,0.63,5.0,0.61,5.0,0.73,5.0,0.78,10.0,0.27,5.0,0.22,10.0,0.37,5.0,0.39,5.0,0.1,0.1,614.892,1776206727000
1776206729.491,29.491,0.63,5.0,0.61,5.0,0.73,5.0,0.78,10.0,0.27,5.0,0.22,10.0,0.37,5.0,0.39,5.0,0.1,0.1,614.892,1776206728000
1776206730.26,30.26,0.63,5.0,0.61,5.0,0.73,5.0,0.78,10.0,0.27,5.0,0.22,10.0,0.37,5.0,0.39,5.0,0.1,0.1,614.882,1776206729000
1776206731.576,31.576,0.63,5.0,0.61,5.0,0.73,5.0,0.78,10.0,0.27,5.0,0.22,10.0,0.37,5.0,0.39,5.0,0.1,0.1,614.867,1776206730000
1776206732.393,32.393,0.63,5.0,0.61,5.0,0.73,5.0,0.78,10.0,0.27,5.0,0.22,10.0,0.37,5.0,0.39,5.0,0.1,0.1,614.867,1776206731000
1776206733.159,33.159,0.63,5.0,0.61,5.0,0.73,5.0,0.78,10.0,0.27,5.0,0.22,10.0,0.37,5.0,0.39,5.0,0.1,0.1,614.88,1776206732000
1776206734.849,34.849,0.63,5.0,0.61,5.0,0.73,5.0,0.78,10.0,0.27,5.0,0.22,10.0,0.37,5.0,0.39,5.0,0.1,0.1,614.884,1776206733000
1776206735.629,35.629,0.63,5.0,0.61,5.0,0.73,5.0,0.78,10.0,0.27,5.0,0.22,10.0,0.37,5.0,0.39,5.0,0.1,0.1,614.876,1776206734000
1776206736.175,36.175,0.63,5.0,0.61,5.0,0.73,5.0,0.78,10.0,0.27,5.0,0.22,10.0,0.37,5.0,0.39,5.0,0.1,0.1,614.87,1776206735000
1776206737.536,37.536,0.63,5.0,0.61,5.0,0.73,5.0,0.78,10.0,0.27,5.0,0.22,10.0,0.37,5.0,0.39,5.0,0.1,0.1,614.87,1776206736000
1776206738.043,38.043,0.63,5.0,0.61,5.0,0.73,5.0,0.78,10.0,0.27,5.0,0.22,10.0,0.37,5.0,0.39,5.0,0.1,0.1,614.87,1776206737000
1776206739.353,39.353,0.63,5.0,0.61,5.0,0.73,5.0,0.78,10.0,0.27,5.0,0.22,10.0,0.37,5.0,0.39,5.0,0.1,0.1,614.867,1776206738000
1776206739.555,39.555,0.74,5.0,0.72,5.0,0.84,1.46,0.85,5.0,0.27,5.0,0.22,10.0,0.37,5.0,0.39,5.0,0.1,0.1,614.867,1776206738000
1776206740.105,40.105,0.71,60.0,0.64,5.0,0.85,2.94,0.87,23.0,0.15,2.94,0.13,23.0,0.29,60.0,0.36,5.0,0.14,0.14,614.867,1776206739000
1776206741.464,41.464,0.71,60.0,0.64,5.0,0.85,2.94,0.87,23.0,0.15,2.94,0.13,23.0,0.29,60.0,0.36,5.0,0.14,0.14,615.005326,1776206740000
1776206742.295,42.295,0.71,60.0,0.64,5.0,0.85,2.94,0.87,23.0,0.15,2.94,0.13,23.0,0.29,60.0,0.36,5.0,0.14,0.14,615.005326,1776206741000
1776206742.736,42.736,0.74,5.0,0.72,5.0,0.84,23.4,0.85,20.39,0.15,2.94,0.13,23.0,0.29,60.0,0.36,5.0,0.1,0.14,615.005326,1776206741000
1776206743.789,43.789,0.74,5.0,0.72,5.0,0.84,23.4,0.85,20.39,0.16,23.4,0.15,20.39,0.26,5.0,0.28,5.0,0.1,0.1,615.038,1776206742000
1776206744.497,44.497,0.74,5.0,0.72,5.0,0.84,23.4,0.85,20.39,0.16,23.4,0.15,20.39,0.26,5.0,0.28,5.0,0.1,0.1,615.019,1776206743000
1776206745.103,45.103,0.74,5.0,0.72,5.0,0.84,23.4,0.85,20.39,0.16,23.4,0.15,20.39,0.26,5.0,0.28,5.0,0.1,0.1,615.07855,1776206744000
1776206746.486,46.486,0.74,5.0,0.72,5.0,0.84,23.4,0.85,20.39,0.16,23.4,0.15,20.39,0.26,5.0,0.28,5.0,0.1,0.1,615.137718,1776206745000
1776206747.257,47.257,0.74,5.0,0.72,5.0,0.84,23.4,0.85,20.39,0.16,23.4,0.15,20.39,0.26,5.0,0.28,5.0,0.1,0.1,615.137718,1776206746000
1776206748.735,48.735,0.74,5.0,0.72,5.0,0.84,23.4,0.85,20.39,0.16,23.4,0.15,20.39,0.26,5.0,0.28,5.0,0.1,0.1,615.128,1776206747000
1776206749.419,49.419,0.74,5.0,0.72,5.0,0.84,23.4,0.85,20.39,0.16,23.4,0.15,20.39,0.26,5.0,0.28,5.0,0.1,0.1,615.117734,1776206748000
1776206750.259,50.259,0.74,5.0,0.72,5.0,0.84,23.4,0.85,20.39,0.16,23.4,0.15,20.39,0.26,5.0,0.28,5.0,0.1,0.1,615.068355,1776206749000
1776206751.67,51.67,0.74,5.0,0.72,5.0,0.84,23.4,0.85,20.39,0.16,23.4,0.15,20.39,0.26,5.0,0.28,5.0,0.1,0.1,615.067283,1776206750000
1776206752.633,52.633,0.74,5.0,0.72,5.0,0.84,23.4,0.85,20.39,0.16,23.4,0.15,20.39,0.26,5.0,0.28,5.0,0.1,0.1,615.074265,1776206751000
1776206753.16,53.16,0.74,5.0,0.72,5.0,0.84,23.4,0.85,20.39,0.16,23.4,0.15,20.39,0.26,5.0,0.28,5.0,0.1,0.1,615.099,1776206752000
1776206754.132,54.132,0.74,5.0,0.72,5.0,0.84,23.4,0.85,20.39,0.16,23.4,0.15,20.39,0.26,5.0,0.28,5.0,0.1,0.1,615.14,1776206753000
1776206755.341,55.341,0.74,5.0,0.72,5.0,0.84,23.4,0.85,20.39,0.16,23.4,0.15,20.39,0.26,5.0,0.28,5.0,0.1,0.1,615.138,1776206754000
1776206756.373,56.373,0.74,5.0,0.72,5.0,0.84,23.4,0.85,20.39,0.16,23.4,0.15,20.39,0.26,5.0,0.28,5.0,0.1,0.1,615.134,1776206755000
1776206756.951,56.951,0.77,5.0,0.68,10.0,0.85,20.39,0.86,21.6,0.16,23.4,0.15,20.39,0.26,5.0,0.28,5.0,0.08,0.1,615.134,1776206755000
1776206757.331,57.331,0.77,5.0,0.68,10.0,0.85,20.39,0.86,21.6,0.15,20.39,0.14,21.6,0.23,5.0,0.32,10.0,0.08,0.08,615.066456,1776206756000
1776206757.89,57.89,0.77,5.0,0.68,10.0,0.85,20.39,0.86,21.6,0.15,20.39,0.14,21.6,0.23,5.0,0.32,10.0,0.08,0.08,615.069534,1776206757000
1776206758.92,58.92,0.77,5.0,0.68,10.0,0.85,20.39,0.86,21.6,0.15,20.39,0.14,21.6,0.23,5.0,0.32,10.0,0.08,0.08,615.069223,1776206758000
1776206759.862,59.862,0.77,5.0,0.68,10.0,0.85,20.39,0.86,21.6,0.15,20.39,0.14,21.6,0.23,5.0,0.32,10.0,0.08,0.08,615.068622,1776206759000
1776206760.935,60.935,0.77,5.0,0.68,10.0,0.85,20.39,0.86,21.6,0.15,20.39,0.14,21.6,0.23,5.0,0.32,10.0,0.08,0.08,615.068572,1776206760000
1776206761.931,61.931,0.77,5.0,0.68,10.0,0.85,20.39,0.86,21.6,0.15,20.39,0.14,21.6,0.23,5.0,0.32,10.0,0.08,0.08,615.068823,1776206761000
1776206762.922,62.922,0.77,5.0,0.68,10.0,0.85,20.39,0.86,21.6,0.15,20.39,0.14,21.6,0.23,5.0,0.32,10.0,0.08,0.08,615.054655,1776206762000
1776206763.919,63.919,0.77,5.0,0.68,10.0,0.85,20.39,0.86,21.6,0.15,20.39,0.14,21.6,0.23,5.0,0.32,10.0,0.08,0.08,615.049479,1776206763000
1776206764.852,64.852,0.77,5.0,0.68,10.0,0.85,20.39,0.86,21.6,0.15,20.39,0.14,21.6,0.23,5.0,0.32,10.0,0.08,0.08,615.050507,1776206764000
1776206766.368,66.368,0.77,5.0,0.68,10.0,0.85,20.39,0.86,21.6,0.15,20.39,0.14,21.6,0.23,5.0,0.32,10.0,0.08,0.08,615.050722,1776206765000
1776206766.849,66.849,0.77,5.0,0.68,10.0,0.85,20.39,0.86,21.6,0.15,20.39,0.14,21.6,0.23,5.0,0.32,10.0,0.08,0.08,615.050735,1776206766000
1776206767.891,67.891,0.77,5.0,0.68,10.0,0.85,20.39,0.86,21.6,0.15,20.39,0.14,21.6,0.23,5.0,0.32,10.0,0.08,0.08,615.050106,1776206767000
1776206768.961,68.961,0.77,5.0,0.68,10.0,0.85,20.39,0.86,21.6,0.15,20.39,0.14,21.6,0.23,5.0,0.32,10.0,0.08,0.08,614.99788,1776206768000
1776206769.862,69.862,0.77,5.0,0.68,10.0,0.85,20.39,0.86,21.6,0.15,20.39,0.14,21.6,0.23,5.0,0.32,10.0,0.08,0.08,614.996294,1776206769000
1776206770.866,70.866,0.77,5.0,0.68,10.0,0.85,20.39,0.86,21.6,0.15,20.39,0.14,21.6,0.23,5.0,0.32,10.0,0.08,0.08,614.991,1776206770000
1776206771.841,71.841,0.77,5.0,0.68,10.0,0.85,20.39,0.86,21.6,0.15,20.39,0.14,21.6,0.23,5.0,0.32,10.0,0.08,0.08,614.969,1776206771000
1776206773.348,73.348,0.77,5.0,0.68,10.0,0.85,20.39,0.86,21.6,0.15,20.39,0.14,21.6,0.23,5.0,0.32,10.0,0.08,0.08,614.968379,1776206772000
1776206774.319,74.319,0.77,5.0,0.68,10.0,0.85,20.39,0.86,21.6,0.15,20.39,0.14,21.6,0.23,5.0,0.32,10.0,0.08,0.08,614.972,1776206773000
1776206775.237,75.237,0.77,5.0,0.68,10.0,0.85,20.39,0.86,21.6,0.15,20.39,0.14,21.6,0.23,5.0,0.32,10.0,0.08,0.08,614.97,1776206774000
1776206775.843,75.843,0.69,5.0,0.66,5.0,0.78,3.93,0.79,20.7,0.15,20.39,0.14,21.6,0.23,5.0,0.32,10.0,0.09,0.08,614.97,1776206774000
1776206776.199,76.199,0.69,5.0,0.66,5.0,0.78,3.93,0.79,20.7,0.22,3.93,0.21,20.7,0.31,5.0,0.34,5.0,0.09,0.09,614.972,1776206775000
1776206777.135,77.135,0.69,5.0,0.66,5.0,0.78,2.52,0.79,20.7,0.22,2.52,0.21,20.7,0.31,5.0,0.34,5.0,0.09,0.09,614.998,1776206776000
1776206778.619,78.619,0.69,5.0,0.66,5.0,0.78,2.52,0.79,20.7,0.22,2.52,0.21,20.7,0.31,5.0,0.34,5.0,0.09,0.09,614.994,1776206777000
1776206779.17,79.17,0.69,5.0,0.66,5.0,0.78,2.52,0.79,20.7,0.22,2.52,0.21,20.7,0.31,5.0,0.34,5.0,0.09,0.09,614.994,1776206778000
1776206780.189,80.189,0.69,5.0,0.66,5.0,0.78,2.52,0.79,20.7,0.22,2.52,0.21,20.7,0.31,5.0,0.34,5.0,0.09,0.09,614.987,1776206779000
1776206781.337,81.337,0.69,5.0,0.66,5.0,0.78,2.52,0.79,20.7,0.22,2.52,0.21,20.7,0.31,5.0,0.34,5.0,0.09,0.09,614.987,1776206780000
1776206782.322,82.322,0.69,5.0,0.66,5.0,0.78,2.52,0.79,20.7,0.22,2.52,0.21,20.7,0.31,5.0,0.34,5.0,0.09,0.09,614.983,1776206781000
1776206782.848,82.848,0.69,5.0,0.66,5.0,0.78,2.52,0.79,20.7,0.22,2.52,0.21,20.7,0.31,5.0,0.34,5.0,0.09,0.09,614.987,1776206782000
1776206783.873,83.873,0.69,5.0,0.66,5.0,0.78,2.52,0.79,20.7,0.22,2.52,0.21,20.7,0.31,5.0,0.34,5.0,0.09,0.09,614.987,1776206783000
1776206784.934,84.934,0.69,5.0,0.66,5.0,0.78,2.52,0.79,20.7,0.22,2.52,0.21,20.7,0.31,5.0,0.34,5.0,0.09,0.09,614.987,1776206784000
1776206786.001,86.001,0.69,5.0,0.66,5.0,0.78,2.52,0.79,20.7,0.22,2.52,0.21,20.7,0.31,5.0,0.34,5.0,0.09,0.09,614.972,1776206785000
1776206786.965,86.965,0.69,5.0,0.66,5.0,0.78,2.52,0.79,20.7,0.22,2.52,0.21,20.7,0.31,5.0,0.34,5.0,0.09,0.09,614.948087,1776206786000
1776206787.966,87.966,0.69,5.0,0.66,5.0,0.78,2.52,0.79,20.7,0.22,2.52,0.21,20.7,0.31,5.0,0.34,5.0,0.09,0.09,614.887511,1776206787000
1776206788.973,88.973,0.69,5.0,0.66,5.0,0.78,2.52,0.79,20.7,0.22,2.52,0.21,20.7,0.31,5.0,0.34,5.0,0.09,0.09,614.887462,1776206788000
1776206789.963,89.963,0.69,5.0,0.66,5.0,0.78,2.52,0.79,20.7,0.22,2.52,0.21,20.7,0.31,5.0,0.34,5.0,0.09,0.09,614.883935,1776206789000
1776206790.973,90.973,0.69,5.0,0.66,5.0,0.78,2.52,0.79,20.7,0.22,2.52,0.21,20.7,0.31,5.0,0.34,5.0,0.09,0.09,614.884348,1776206790000
1776206792.702,92.702,0.69,5.0,0.66,5.0,0.78,2.52,0.79,20.7,0.22,2.52,0.21,20.7,0.31,5.0,0.34,5.0,0.09,0.09,614.832,1776206791000
1776206793.328,93.328,0.69,5.0,0.66,5.0,0.78,2.52,0.79,20.7,0.22,2.52,0.21,20.7,0.31,5.0,0.34,5.0,0.09,0.09,614.832,1776206792000
1776206794.577,94.577,0.69,5.0,0.66,5.0,0.78,2.52,0.79,20.7,0.22,2.52,0.21,20.7,0.31,5.0,0.34,5.0,0.09,0.09,614.842,1776206793000
1776206795.166,95.166,0.69,5.0,0.66,5.0,0.78,2.52,0.79,20.7,0.22,2.52,0.21,20.7,0.31,5.0,0.34,5.0,0.09,0.09,614.842,1776206794000
1776206796.316,96.316,0.69,5.0,0.66,5.0,0.78,2.52,0.79,20.7,0.22,2.52,0.21,20.7,0.31,5.0,0.34,5.0,0.09,0.09,614.897,1776206795000
1776206796.93,96.93,0.69,5.0,0.66,5.0,0.78,2.52,0.79,20.7,0.22,2.52,0.21,20.7,0.31,5.0,0.34,5.0,0.09,0.09,614.905,1776206796000
1776206798.086,98.086,0.69,5.0,0.66,5.0,0.78,2.52,0.79,20.7,0.22,2.52,0.21,20.7,0.31,5.0,0.34,5.0,0.09,0.09,614.905,1776206797000
1776206799.238,99.238,0.69,5.0,0.66,5.0,0.78,2.52,0.79,20.7,0.22,2.52,0.21,20.7,0.31,5.0,0.34,5.0,0.09,0.09,614.89,1776206798000
1776206800.412,100.412,0.69,5.0,0.66,5.0,0.78,2.52,0.79,20.7,0.22,2.52,0.21,20.7,0.31,5.0,0.34,5.0,0.09,0.09,614.883,1776206799000
1776206800.755,100.755,0.62,8.76,0.61,15.9,0.75,5.0,0.77,19.7,0.22,2.52,0.21,20.7,0.31,5.0,0.34,5.0,0.13,0.09,614.883,1776206799000
1776206801.475,101.475,0.62,8.76,0.61,15.9,0.75,5.0,0.77,19.7,0.25,5.0,0.23,19.7,0.38,8.76,0.39,15.9,0.13,0.13,614.886,1776206800000
1776206802.005,102.005,0.62,8.76,0.61,15.9,0.75,5.0,0.77,19.7,0.25,5.0,0.23,19.7,0.38,8.76,0.39,15.9,0.13,0.13,614.886,1776206801000
1776206803.115,103.115,0.62,8.76,0.61,15.9,0.75,5.0,0.77,19.7,0.25,5.0,0.23,19.7,0.38,8.76,0.39,15.9,0.13,0.13,614.888,1776206802000
1776206804.272,104.272,0.62,8.76,0.61,15.9,0.75,5.0,0.77,19.7,0.25,5.0,0.23,19.7,0.38,8.76,0.39,15.9,0.13,0.13,614.888,1776206803000
1776206805.338,105.338,0.62,8.76,0.61,15.9,0.75,5.0,0.77,19.7,0.25,5.0,0.23,19.7,0.38,8.76,0.39,15.9,0.13,0.13,614.80611,1776206804000
1776206805.941,105.941,0.62,8.76,0.61,15.9,0.75,5.0,0.77,19.7,0.25,5.0,0.23,19.7,0.38,8.76,0.39,15.9,0.13,0.13,614.799643,1776206805000
1776206807.431,107.431,0.62,8.76,0.61,15.9,0.75,5.0,0.77,19.7,0.25,5.0,0.23,19.7,0.38,8.76,0.39,15.9,0.13,0.13,614.715,1776206806000
1776206808.072,108.072,0.62,8.76,0.61,15.9,0.75,5.0,0.77,19.7,0.25,5.0,0.23,19.7,0.38,8.76,0.39,15.9,0.13,0.13,614.729,1776206807000
1776206809.097,109.097,0.62,8.76,0.61,15.9,0.75,5.0,0.77,19.7,0.25,5.0,0.23,19.7,0.38,8.76,0.39,15.9,0.13,0.13,614.706,1776206808000
1776206809.682,109.682,0.48,5.0,0.46,10.5,0.67,1.0,0.68,5.0,0.25,5.0,0.23,19.7,0.38,8.76,0.39,15.9,0.19,0.13,614.706,1776206808000
1776206810.472,110.472,0.48,5.0,0.46,10.5,0.67,1.0,0.68,5.0,0.33,1.0,0.32,5.0,0.52,5.0,0.54,10.5,0.19,0.19,614.708,1776206809000
1776206811.052,111.052,0.48,5.0,0.46,10.5,0.67,1.0,0.68,5.0,0.33,1.0,0.32,5.0,0.52,5.0,0.54,10.5,0.19,0.19,614.708,1776206810000
1776206812.303,112.303,0.48,5.0,0.46,10.5,0.67,1.0,0.68,5.0,0.33,1.0,0.32,5.0,0.52,5.0,0.54,10.5,0.19,0.19,614.704,1776206811000
1776206813.368,113.368,0.48,5.0,0.46,10.5,0.67,1.0,0.68,5.0,0.33,1.0,0.32,5.0,0.52,5.0,0.54,10.5,0.19,0.19,614.704,1776206812000
1776206813.934,113.934,0.48,5.0,0.46,10.5,0.67,1.0,0.68,5.0,0.33,1.0,0.32,5.0,0.52,5.0,0.54,10.5,0.19,0.19,614.704,1776206813000
1776206815.009,115.009,0.48,5.0,0.46,10.5,0.67,1.0,0.68,5.0,0.33,1.0,0.32,5.0,0.52,5.0,0.54,10.5,0.19,0.19,614.704,1776206814000
1776206816.133,116.133,0.48,5.0,0.46,10.5,0.67,1.0,0.68,5.0,0.33,1.0,0.32,5.0,0.52,5.0,0.54,10.5,0.19,0.19,614.698,1776206815000
1776206817.34,117.34,0.48,5.0,0.46,10.5,0.67,1.0,0.68,5.0,0.33,1.0,0.32,5.0,0.52,5.0,0.54,10.5,0.19,0.19,614.702,1776206816000
1776206818.055,118.055,0.48,5.0,0.46,10.5,0.67,1.0,0.68,5.0,0.33,1.0,0.32,5.0,0.52,5.0,0.54,10.5,0.19,0.19,614.71,1776206817000
1776206819.135,119.135,0.48,5.0,0.46,10.5,0.67,1.0,0.68,5.0,0.33,1.0,0.32,5.0,0.52,5.0,0.54,10.5,0.19,0.19,614.712,1776206818000
1776206820.359,120.359,0.48,5.0,0.46,10.5,0.67,1.0,0.68,5.0,0.33,1.0,0.32,5.0,0.52,5.0,0.54,10.5,0.19,0.19,614.71237,1776206819000
1776206821.033,121.033,0.48,5.0,0.46,10.5,0.67,1.0,0.68,5.0,0.33,1.0,0.32,5.0,0.52,5.0,0.54,10.5,0.19,0.19,614.71257,1776206820000
1776206822.369,122.369,0.48,5.0,0.46,10.5,0.67,1.0,0.68,5.0,0.33,1.0,0.32,5.0,0.52,5.0,0.54,10.5,0.19,0.19,614.71352,1776206821000
1776206823.564,123.564,0.48,5.0,0.46,10.5,0.67,1.0,0.68,5.0,0.33,1.0,0.32,5.0,0.52,5.0,0.54,10.5,0.19,0.19,614.71363,1776206822000
1776206824.307,124.307,0.48,5.0,0.46,10.5,0.67,1.0,0.68,5.0,0.33,1.0,0.32,5.0,0.52,5.0,0.54,10.5,0.19,0.19,614.71376,1776206823000
1776206825.847,125.847,0.48,5.0,0.46,10.5,0.67,1.0,0.68,5.0,0.33,1.0,0.32,5.0,0.52,5.0,0.54,10.5,0.19,0.19,614.711,1776206824000
1776206826.67,126.67,0.48,5.0,0.46,10.5,0.67,1.0,0.68,5.0,0.33,1.0,0.32,5.0,0.52,5.0,0.54,10.5,0.19,0.19,614.711,1776206825000
1776206827.397,127.397,0.48,5.0,0.46,10.5,0.67,1.0,0.68,5.0,0.33,1.0,0.32,5.0,0.52,5.0,0.54,10.5,0.19,0.19,614.711,1776206826000
1776206828.679,128.679,0.48,5.0,0.46,10.5,0.67,1.0,0.68,5.0,0.33,1.0,0.32,5.0,0.52,5.0,0.54,10.5,0.19,0.19,614.71553,1776206827000
1776206829.401,129.401,0.48,5.0,0.46,10.5,0.67,1.0,0.68,5.0,0.33,1.0,0.32,5.0,0.52,5.0,0.54,10.5,0.19,0.19,614.724,1776206828000
1776206830.019,130.019,0.48,5.0,0.46,10.5,0.67,1.0,0.68,5.0,0.33,1.0,0.32,5.0,0.52,5.0,0.54,10.5,0.19,0.19,614.724,1776206829000
1776206831.385,131.385,0.48,5.0,0.46,10.5,0.67,1.0,0.68,5.0,0.33,1.0,0.32,5.0,0.52,5.0,0.54,10.5,0.19,0.19,614.724,1776206830000
1776206831.975,131.975,0.48,5.0,0.46,10.5,0.67,1.0,0.68,5.0,0.33,1.0,0.32,5.0,0.52,5.0,0.54,10.5,0.19,0.19,614.725,1776206831000
1776206833.343,133.343,0.48,5.0,0.46,10.5,0.67,1.0,0.68,5.0,0.33,1.0,0.32,5.0,0.52,5.0,0.54,10.5,0.19,0.19,614.724,1776206832000
1776206834.21,134.21,0.48,5.0,0.46,10.5,0.67,1.0,0.68,5.0,0.33,1.0,0.32,5.0,0.52,5.0,0.54,10.5,0.19,0.19,614.72,1776206833000
1776206835.558,135.558,0.48,5.0,0.46,10.5,0.67,1.0,0.68,5.0,0.33,1.0,0.32,5.0,0.52,5.0,0.54,10.5,0.19,0.19,614.727,1776206834000
1776206836.347,136.347,0.48,5.0,0.46,10.5,0.67,1.0,0.68,5.0,0.33,1.0,0.32,5.0,0.52,5.0,0.54,10.5,0.19,0.19,614.727,1776206835000
1776206837.081,137.081,0.48,5.0,0.46,10.5,0.67,1.0,0.68,5.0,0.33,1.0,0.32,5.0,0.52,5.0,0.54,10.5,0.19,0.19,614.746,1776206836000
1776206838.513,138.513,0.48,5.0,0.46,10.5,0.67,1.0,0.68,5.0,0.33,1.0,0.32,5.0,0.52,5.0,0.54,10.5,0.19,0.19,614.729,1776206837000
1776206839.383,139.383,0.48,5.0,0.46,10.5,0.67,1.0,0.68,5.0,0.33,1.0,0.32,5.0,0.52,5.0,0.54,10.5,0.19,0.19,614.729,1776206838000
1776206840.624,140.624,0.48,5.0,0.46,10.5,0.67,1.0,0.68,5.0,0.33,1.0,0.32,5.0,0.52,5.0,0.54,10.5,0.19,0.19,614.733,1776206839000
1776206841.102,141.102,0.48,5.0,0.46,10.5,0.67,1.0,0.68,5.0,0.33,1.0,0.32,5.0,0.52,5.0,0.54,10.5,0.19,0.19,614.733,1776206840000
1776206842.332,142.332,0.48,5.0,0.46,10.5,0.67,1.0,0.68,5.0,0.33,1.0,0.32,5.0,0.52,5.0,0.54,10.5,0.19,0.19,614.734,1776206841000
1776206843.323,143.323,0.48,5.0,0.46,10.5,0.67,1.0,0.68,5.0,0.33,1.0,0.32,5.0,0.52,5.0,0.54,10.5,0.19,0.19,614.731,1776206842000
1776206843.96,143.96,0.48,5.0,0.46,10.5,0.67,1.0,0.68,5.0,0.33,1.0,0.32,5.0,0.52,5.0,0.54,10.5,0.19,0.19,614.731121,1776206843000
1776206845.024,145.024,0.48,5.0,0.46,10.5,0.67,1.0,0.68,5.0,0.33,1.0,0.32,5.0,0.52,5.0,0.54,10.5,0.19,0.19,614.733,1776206844000
1776206846.132,146.132,0.48,5.0,0.46,10.5,0.67,1.0,0.68,5.0,0.33,1.0,0.32,5.0,0.52,5.0,0.54,10.5,0.19,0.19,614.729,1776206845000
1776206847.14,147.14,0.48,5.0,0.46,10.5,0.67,1.0,0.68,5.0,0.33,1.0,0.32,5.0,0.52,5.0,0.54,10.5,0.19,0.19,614.736,1776206846000
1776206848.251,148.251,0.48,5.0,0.46,10.5,0.67,1.0,0.68,5.0,0.33,1.0,0.32,5.0,0.52,5.0,0.54,10.5,0.19,0.19,614.761,1776206847000
1776206849.421,149.421,0.48,5.0,0.46,10.5,0.67,1.0,0.68,5.0,0.33,1.0,0.32,5.0,0.52,5.0,0.54,10.5,0.19,0.19,614.768,1776206848000
1776206849.905,149.905,0.48,5.0,0.46,10.5,0.67,1.0,0.68,5.0,0.33,1.0,0.32,5.0,0.52,5.0,0.54,10.5,0.19,0.19,614.766,1776206849000
1776206850.954,150.954,0.48,5.0,0.46,10.5,0.67,1.0,0.68,5.0,0.33,1.0,0.32,5.0,0.52,5.0,0.54,10.5,0.19,0.19,614.766,1776206850000
1776206852.037,152.037,0.48,5.0,0.46,10.5,0.67,1.0,0.68,5.0,0.33,1.0,0.32,5.0,0.52,5.0,0.54,10.5,0.19,0.19,614.744,1776206851000
1776206853.089,153.089,0.48,5.0,0.46,10.5,0.67,1.0,0.68,5.0,0.33,1.0,0.32,5.0,0.52,5.0,0.54,10.5,0.19,0.19,614.744,1776206852000
1776206854.814,154.814,0.48,5.0,0.46,10.5,0.67,1.0,0.68,5.0,0.33,1.0,0.32,5.0,0.52,5.0,0.54,10.5,0.19,0.19,614.745,1776206853000
1776206855.517,155.517,0.48,5.0,0.46,10.5,0.67,1.0,0.68,5.0,0.33,1.0,0.32,5.0,0.52,5.0,0.54,10.5,0.19,0.19,614.746,1776206854000
1776206856.659,156.659,0.48,5.0,0.46,10.5,0.67,1.0,0.68,5.0,0.33,1.0,0.32,5.0,0.52,5.0,0.54,10.5,0.19,0.19,614.746,1776206855000
1776206857.144,157.144,0.48,5.0,0.46,10.5,0.67,1.0,0.68,5.0,0.33,1.0,0.32,5.0,0.52,5.0,0.54,10.5,0.19,0.19,614.748,1776206856000
1776206858.672,158.672,0.48,5.0,0.46,10.5,0.67,1.0,0.68,5.0,0.33,1.0,0.32,5.0,0.52,5.0,0.54,10.5,0.19,0.19,614.748,1776206857000
1776206859.431,159.431,0.48,5.0,0.46,10.5,0.67,1.0,0.68,5.0,0.33,1.0,0.32,5.0,0.52,5.0,0.54,10.5,0.19,0.19,614.747,1776206858000
1776206860.232,160.232,0.48,5.0,0.46,10.5,0.67,1.0,0.68,5.0,0.33,1.0,0.32,5.0,0.52,5.0,0.54,10.5,0.19,0.19,614.747,1776206859000
1776206861.5,161.5,0.48,5.0,0.46,10.5,0.67,1.0,0.68,5.0,0.33,1.0,0.32,5.0,0.52,5.0,0.54,10.5,0.19,0.19,614.745,1776206860000
1776206862.051,162.051,0.48,5.0,0.46,10.5,0.67,1.0,0.68,5.0,0.33,1.0,0.32,5.0,0.52,5.0,0.54,10.5,0.19,0.19,614.745,1776206861000
1776206863.395,163.395,0.48,5.0,0.46,10.5,0.67,1.0,0.68,5.0,0.33,1.0,0.32,5.0,0.52,5.0,0.54,10.5,0.19,0.19,614.756,1776206862000
1776206864.274,164.274,0.48,5.0,0.46,10.5,0.67,1.0,0.68,5.0,0.33,1.0,0.32,5.0,0.52,5.0,0.54,10.5,0.19,0.19,614.75,1776206863000
1776206865.688,165.688,0.48,5.0,0.46,10.5,0.67,1.0,0.68,5.0,0.33,1.0,0.32,5.0,0.52,5.0,0.54,10.5,0.19,0.19,614.759,1776206864000
1776206866.384,166.384,0.48,5.0,0.46,10.5,0.67,1.0,0.68,5.0,0.33,1.0,0.32,5.0,0.52,5.0,0.54,10.5,0.19,0.19,614.755,1776206865000
1776206867.219,167.219,0.48,5.0,0.46,10.5,0.67,1.0,0.68,5.0,0.33,1.0,0.32,5.0,0.52,5.0,0.54,10.5,0.19,0.19,614.841618,1776206866000
1776206868.567,168.567,0.48,5.0,0.46,10.5,0.67,1.0,0.68,5.0,0.33,1.0,0.32,5.0,0.52,5.0,0.54,10.5,0.19,0.19,615.001,1776206867000
1776206869.17,169.17,0.48,5.0,0.46,10.5,0.67,1.0,0.68,5.0,0.33,1.0,0.32,5.0,0.52,5.0,0.54,10.5,0.19,0.19,615.001,1776206868000
1776206870.108,170.108,0.78,15.0,0.75,10.0,0.91,2.22,0.92,35.29,0.33,1.0,0.32,5.0,0.52,5.0,0.54,10.5,0.13,0.19,615.001,1776206868000
1776206870.512,170.512,0.78,15.0,0.75,10.0,0.91,2.22,0.92,35.29,0.09,2.22,0.08,35.29,0.22,15.0,0.25,10.0,0.13,0.13,614.980776,1776206869000
1776206871.135,171.135,0.78,15.0,0.75,10.0,0.91,2.22,0.92,35.29,0.09,2.22,0.08,35.29,0.22,15.0,0.25,10.0,0.13,0.13,614.983826,1776206870000
1776206872.117,172.117,0.8,5.0,0.78,10.0,0.92,39.2,0.93,39.9,0.09,2.22,0.08,35.29,0.22,15.0,0.25,10.0,0.12,0.13,614.983826,1776206870000
1776206872.838,172.838,0.8,5.0,0.78,10.0,0.92,39.2,0.93,39.9,0.08,39.2,0.07,39.9,0.2,5.0,0.22,10.0,0.12,0.12,614.986876,1776206871000
1776206873.393,173.393,0.8,5.0,0.78,10.0,0.92,39.2,0.93,39.9,0.08,39.2,0.07,39.9,0.2,5.0,0.22,10.0,0.12,0.12,614.986876,1776206872000
1776206873.909,173.909,0.8,5.0,0.78,10.0,0.92,39.2,0.93,39.9,0.08,39.2,0.07,39.9,0.2,5.0,0.22,10.0,0.12,0.12,614.986876,1776206873000
1776206875.015,175.015,0.8,5.0,0.78,10.0,0.92,39.2,0.93,39.9,0.08,39.2,0.07,39.9,0.2,5.0,0.22,10.0,0.12,0.12,614.986876,1776206874000
1776206876.117,176.117,0.8,5.0,0.78,10.0,0.92,39.2,0.93,39.9,0.08,39.2,0.07,39.9,0.2,5.0,0.22,10.0,0.12,0.12,615.052525,1776206875000
1776206877.253,177.253,0.8,5.0,0.78,10.0,0.92,39.2,0.93,39.9,0.08,39.2,0.07,39.9,0.2,5.0,0.22,10.0,0.12,0.12,615.070972,1776206876000
1776206878.354,178.354,0.8,5.0,0.78,10.0,0.92,39.2,0.93,39.9,0.08,39.2,0.07,39.9,0.2,5.0,0.22,10.0,0.12,0.12,615.072885,1776206877000
1776206879.389,179.389,0.8,5.0,0.78,10.0,0.92,39.2,0.93,39.9,0.08,39.2,0.07,39.9,0.2,5.0,0.22,10.0,0.12,0.12,615.072885,1776206878000
1776206879.961,179.961,0.8,5.0,0.78,10.0,0.92,39.2,0.93,39.9,0.08,39.2,0.07,39.9,0.2,5.0,0.22,10.0,0.12,0.12,615.072885,1776206879000
1776206881.122,181.122,0.8,5.0,0.78,10.0,0.92,39.2,0.93,39.9,0.08,39.2,0.07,39.9,0.2,5.0,0.22,10.0,0.12,0.12,615.072885,1776206880000
1776206882.239,182.239,0.8,5.0,0.78,10.0,0.92,39.2,0.93,39.9,0.08,39.2,0.07,39.9,0.2,5.0,0.22,10.0,0.12,0.12,615.072885,1776206881000
1776206883.362,183.362,0.85,10.28,0.84,19.3,0.93,34.9,0.94,46.1,0.07,34.9,0.06,46.1,0.15,10.28,0.16,19.3,0.08,0.08,615.057914,1776206882000
1776206884.458,184.458,0.85,10.28,0.84,19.3,0.93,34.9,0.94,46.1,0.07,34.9,0.06,46.1,0.15,10.28,0.16,19.3,0.08,0.08,615.03319,1776206883000
1776206884.966,184.966,0.85,10.28,0.84,19.3,0.93,34.9,0.94,46.1,0.07,34.9,0.06,46.1,0.15,10.28,0.16,19.3,0.08,0.08,615.032897,1776206884000
1776206886.044,186.044,0.85,10.28,0.84,19.3,0.93,34.9,0.94,46.1,0.07,34.9,0.06,46.1,0.15,10.28,0.16,19.3,0.08,0.08,615.001988,1776206885000
1776206887.623,187.623,0.85,10.28,0.84,19.3,0.93,34.9,0.94,46.1,0.07,34.9,0.06,46.1,0.15,10.28,0.16,19.3,0.08,0.08,614.999029,1776206886000
1776206888.386,188.386,0.85,10.28,0.84,19.3,0.93,34.9,0.94,46.1,0.07,34.9,0.06,46.1,0.15,10.28,0.16,19.3,0.08,0.08,614.941946,1776206887000
1776206889.083,189.083,0.85,10.28,0.84,19.3,0.93,34.9,0.94,46.1,0.07,34.9,0.06,46.1,0.15,10.28,0.16,19.3,0.08,0.08,614.935847,1776206888000
1776206890.318,190.318,0.85,10.28,0.84,19.3,0.93,34.9,0.94,46.1,0.07,34.9,0.06,46.1,0.15,10.28,0.16,19.3,0.08,0.08,614.932312,1776206889000
1776206890.952,190.952,0.85,10.28,0.84,19.3,0.93,34.9,0.94,46.1,0.07,34.9,0.06,46.1,0.15,10.28,0.16,19.3,0.08,0.08,614.92697,1776206890000
1776206892.157,192.157,0.85,10.28,0.84,19.3,0.93,34.9,0.94,46.1,0.07,34.9,0.06,46.1,0.15,10.28,0.16,19.3,0.08,0.08,614.849387,1776206891000
1776206892.384,192.384,0.75,5.0,0.74,5.0,0.81,16.89,0.82,17.6,0.07,34.9,0.06,46.1,0.15,10.28,0.16,19.3,0.06,0.08,614.849387,1776206891000
1776206893.295,193.295,0.75,5.0,0.74,5.0,0.81,16.89,0.82,17.6,0.19,16.89,0.18,17.6,0.25,5.0,0.26,5.0,0.06,0.06,614.842758,1776206892000
1776206894.554,194.554,0.75,5.0,0.74,5.0,0.81,16.89,0.82,17.6,0.19,16.89,0.18,17.6,0.25,5.0,0.26,5.0,0.06,0.06,614.845467,1776206893000
1776206895.116,195.116,0.75,5.0,0.74,5.0,0.81,16.89,0.82,17.6,0.19,16.89,0.18,17.6,0.25,5.0,0.26,5.0,0.06,0.06,614.841876,1776206894000
1776206895.327,195.327,0.74,5.0,0.73,5.0,0.8,16.2,0.81,16.89,0.19,16.89,0.18,17.6,0.25,5.0,0.26,5.0,0.06,0.06,614.841876,1776206894000
1776206896.198,196.198,0.74,5.0,0.73,5.0,0.8,16.2,0.81,16.89,0.2,16.2,0.19,16.89,0.26,5.0,0.27,5.0,0.06,0.06,614.841876,1776206895000
1776206897.414,197.414,0.74,5.0,0.73,5.0,0.8,16.2,0.81,16.89,0.2,16.2,0.19,16.89,0.26,5.0,0.27,5.0,0.06,0.06,614.841876,1776206896000
1776206897.999,197.999,0.74,5.0,0.73,5.0,0.8,16.2,0.81,16.89,0.2,16.2,0.19,16.89,0.26,5.0,0.27,5.0,0.06,0.06,614.83655,1776206897000
1776206899.079,199.079,0.74,5.0,0.73,5.0,0.8,16.2,0.81,16.89,0.2,16.2,0.19,16.89,0.26,5.0,0.27,5.0,0.06,0.06,614.766701,1776206898000
1776206900.196,200.196,0.74,5.0,0.73,5.0,0.8,16.2,0.81,16.89,0.2,16.2,0.19,16.89,0.26,5.0,0.27,5.0,0.06,0.06,614.766701,1776206899000
1776206901.451,201.451,0.74,5.0,0.73,5.0,0.8,16.2,0.81,16.89,0.2,16.2,0.19,16.89,0.26,5.0,0.27,5.0,0.06,0.06,614.787,1776206900000
1776206901.994,201.994,0.74,5.0,0.73,5.0,0.8,16.2,0.81,16.89,0.2,16.2,0.19,16.89,0.26,5.0,0.27,5.0,0.06,0.06,614.787,1776206901000
1776206903.061,203.061,0.74,5.0,0.73,5.0,0.8,16.2,0.81,16.89,0.2,16.2,0.19,16.89,0.26,5.0,0.27,5.0,0.06,0.06,614.782,1776206902000
1776206904.934,204.934,0.74,5.0,0.73,5.0,0.8,16.2,0.81,16.89,0.2,16.2,0.19,16.89,0.26,5.0,0.27,5.0,0.06,0.06,614.808,1776206903000
1776206905.734,205.734,0.74,5.0,0.73,5.0,0.8,16.2,0.81,16.89,0.2,16.2,0.19,16.89,0.26,5.0,0.27,5.0,0.06,0.06,614.805,1776206904000
1776206906.329,206.329,0.74,5.0,0.73,5.0,0.8,16.2,0.81,16.89,0.2,16.2,0.19,16.89,0.26,5.0,0.27,5.0,0.06,0.06,614.812,1776206905000
1776206907.099,207.099,0.74,5.0,0.73,5.0,0.8,16.2,0.81,16.89,0.2,16.2,0.19,16.89,0.26,5.0,0.27,5.0,0.06,0.06,614.812,1776206906000
1776206908.345,208.345,0.74,5.0,0.73,5.0,0.8,16.2,0.81,16.89,0.2,16.2,0.19,16.89,0.26,5.0,0.27,5.0,0.06,0.06,614.81,1776206907000
1776206909.116,209.116,0.74,5.0,0.73,5.0,0.8,16.2,0.81,16.89,0.2,16.2,0.19,16.89,0.26,5.0,0.27,5.0,0.06,0.06,614.81,1776206908000
1776206910.312,210.312,0.74,5.0,0.73,5.0,0.8,16.2,0.81,16.89,0.2,16.2,0.19,16.89,0.26,5.0,0.27,5.0,0.06,0.06,614.811,1776206909000
1776206911.186,211.186,0.74,5.0,0.73,5.0,0.8,16.2,0.81,16.89,0.2,16.2,0.19,16.89,0.26,5.0,0.27,5.0,0.06,0.06,614.807,1776206910000
1776206912.458,212.458,0.74,5.0,0.73,5.0,0.8,16.2,0.81,16.89,0.2,16.2,0.19,16.89,0.26,5.0,0.27,5.0,0.06,0.06,614.758,1776206911000
1776206913.136,213.136,0.74,5.0,0.73,5.0,0.8,16.2,0.81,16.89,0.2,16.2,0.19,16.89,0.26,5.0,0.27,5.0,0.06,0.06,614.758,1776206912000
1776206914.455,214.455,0.74,5.0,0.73,5.0,0.8,16.2,0.81,16.89,0.2,16.2,0.19,16.89,0.26,5.0,0.27,5.0,0.06,0.06,614.758932,1776206913000
1776206915.149,215.149,0.74,5.0,0.73,5.0,0.8,16.2,0.81,16.89,0.2,16.2,0.19,16.89,0.26,5.0,0.27,5.0,0.06,0.06,614.754542,1776206914000
1776206916.535,216.535,0.74,5.0,0.73,5.0,0.8,16.2,0.81,16.89,0.2,16.2,0.19,16.89,0.26,5.0,0.27,5.0,0.06,0.06,614.750889,1776206915000
1776206917.209,217.209,0.74,5.0,0.73,5.0,0.8,16.2,0.81,16.89,0.2,16.2,0.19,16.89,0.26,5.0,0.27,5.0,0.06,0.06,614.727968,1776206916000
1776206918.585,218.585,0.74,5.0,0.73,5.0,0.8,16.2,0.81,16.89,0.2,16.2,0.19,16.89,0.26,5.0,0.27,5.0,0.06,0.06,614.70421,1776206917000
1776206919.428,219.428,0.74,5.0,0.73,5.0,0.8,16.2,0.81,16.89,0.2,16.2,0.19,16.89,0.26,5.0,0.27,5.0,0.06,0.06,614.632,1776206918000
1776206920.086,220.086,0.74,5.0,0.73,5.0,0.8,16.2,0.81,16.89,0.2,16.2,0.19,16.89,0.26,5.0,0.27,5.0,0.06,0.06,614.632,1776206919000
1776206920.963,220.963,0.74,5.0,0.73,5.0,0.8,16.2,0.81,16.89,0.2,16.2,0.19,16.89,0.26,5.0,0.27,5.0,0.06,0.06,614.628,1776206920000
1776206921.949,221.949,0.5,5.0,0.35,5.71,0.56,10.6,0.57,39.6,0.44,10.6,0.43,39.6,0.5,5.0,0.65,5.71,0.06,0.06,614.624,1776206921000
1776206922.46,222.46,0.31,50.0,0.25,13.9,0.54,35.5,0.55,10.5,0.44,10.6,0.43,39.6,0.5,5.0,0.65,5.71,0.23,0.06,614.624,1776206921000
1776206922.978,222.978,0.31,50.0,0.25,13.9,0.54,35.5,0.55,10.5,0.46,35.5,0.45,10.5,0.69,50.0,0.75,13.9,0.23,0.23,614.621,1776206922000
1776206923.931,223.931,0.31,50.0,0.25,13.9,0.54,35.5,0.55,10.5,0.46,35.5,0.45,10.5,0.69,50.0,0.75,13.9,0.23,0.23,614.59,1776206923000
1776206924.899,224.899,0.31,50.0,0.25,13.9,0.54,35.5,0.55,10.5,0.46,35.5,0.45,10.5,0.69,50.0,0.75,13.9,0.23,0.23,614.6,1776206924000
1776206925.858,225.858,0.31,50.0,0.25,13.9,0.54,35.5,0.55,10.5,0.46,35.5,0.45,10.5,0.69,50.0,0.75,13.9,0.23,0.23,614.633,1776206925000
1776206926.851,226.851,0.31,50.0,0.25,13.9,0.54,35.5,0.55,10.5,0.46,35.5,0.45,10.5,0.69,50.0,0.75,13.9,0.23,0.23,614.641,1776206926000
1776206928.25,228.25,0.31,50.0,0.25,13.9,0.54,35.5,0.55,10.5,0.46,35.5,0.45,10.5,0.69,50.0,0.75,13.9,0.23,0.23,614.696,1776206927000
1776206929.158,229.158,0.31,50.0,0.25,13.9,0.54,35.5,0.55,10.5,0.46,35.5,0.45,10.5,0.69,50.0,0.75,13.9,0.23,0.23,614.696,1776206928000
1776206930.296,230.296,0.31,50.0,0.25,13.9,0.54,35.5,0.55,10.5,0.46,35.5,0.45,10.5,0.69,50.0,0.75,13.9,0.23,0.23,614.731241,1776206929000
1776206931.202,231.202,0.31,50.0,0.25,13.9,0.54,35.5,0.55,10.5,0.46,35.5,0.45,10.5,0.69,50.0,0.75,13.9,0.23,0.23,614.722,1776206930000
1776206932.146,232.146,0.31,50.0,0.25,13.9,0.54,35.5,0.55,10.5,0.46,35.5,0.45,10.5,0.69,50.0,0.75,13.9,0.23,0.23,614.713,1776206931000
1776206933.764,233.764,0.31,50.0,0.25,13.9,0.54,35.5,0.55,10.5,0.46,35.5,0.45,10.5,0.69,50.0,0.75,13.9,0.23,0.23,614.702,1776206932000
1776206934.272,234.272,0.31,50.0,0.25,13.9,0.54,35.5,0.55,10.5,0.46,35.5,0.45,10.5,0.69,50.0,0.75,13.9,0.23,0.23,614.703,1776206933000
1776206935.262,235.262,0.31,50.0,0.25,13.9,0.54,35.5,0.55,10.5,0.46,35.5,0.45,10.5,0.69,50.0,0.75,13.9,0.23,0.23,614.703,1776206934000
1776206936.231,236.231,0.31,50.0,0.25,13.9,0.54,35.5,0.55,10.5,0.46,35.5,0.45,10.5,0.69,50.0,0.75,13.9,0.23,0.23,614.701,1776206935000
1776206937.219,237.219,0.31,50.0,0.25,13.9,0.54,35.5,0.55,10.5,0.46,35.5,0.45,10.5,0.69,50.0,0.75,13.9,0.23,0.23,614.671,1776206936000
1776206938.235,238.235,0.31,50.0,0.25,13.9,0.54,35.5,0.55,10.5,0.46,35.5,0.45,10.5,0.69,50.0,0.75,13.9,0.23,0.23,614.640278,1776206937000
1776206939.193,239.193,0.31,50.0,0.25,13.9,0.54,35.5,0.55,10.5,0.46,35.5,0.45,10.5,0.69,50.0,0.75,13.9,0.23,0.23,614.643,1776206938000
1776206940.163,240.163,0.31,50.0,0.25,13.9,0.54,35.5,0.55,10.5,0.46,35.5,0.45,10.5,0.69,50.0,0.75,13.9,0.23,0.23,614.643,1776206939000
1776206941.086,241.086,0.31,50.0,0.25,13.9,0.54,35.5,0.55,10.5,0.46,35.5,0.45,10.5,0.69,50.0,0.75,13.9,0.23,0.23,614.641,1776206940000
1776206942.083,242.083,0.31,50.0,0.25,13.9,0.54,35.5,0.55,10.5,0.46,35.5,0.45,10.5,0.69,50.0,0.75,13.9,0.23,0.23,614.642,1776206941000
1776206943.059,243.059,0.31,50.0,0.25,13.9,0.54,35.5,0.55,10.5,0.46,35.5,0.45,10.5,0.69,50.0,0.75,13.9,0.23,0.23,614.66,1776206942000
1776206944.015,244.015,0.31,50.0,0.25,13.9,0.54,35.5,0.55,10.5,0.46,35.5,0.45,10.5,0.69,50.0,0.75,13.9,0.23,0.23,614.653,1776206943000
1776206944.986,244.986,0.31,50.0,0.25,13.9,0.54,35.5,0.55,10.5,0.46,35.5,0.45,10.5,0.69,50.0,0.75,13.9,0.23,0.23,614.653,1776206944000
1776206946.496,246.496,0.31,50.0,0.25,13.9,0.54,35.5,0.55,10.5,0.46,35.5,0.45,10.5,0.69,50.0,0.75,13.9,0.23,0.23,614.645,1776206945000
1776206946.994,246.994,0.31,50.0,0.25,13.9,0.54,35.5,0.55,10.5,0.46,35.5,0.45,10.5,0.69,50.0,0.75,13.9,0.23,0.23,614.646,1776206946000
1776206948.153,248.153,0.31,50.0,0.25,13.9,0.54,35.5,0.55,10.5,0.46,35.5,0.45,10.5,0.69,50.0,0.75,13.9,0.23,0.23,614.646,1776206947000
1776206949.208,249.208,0.31,50.0,0.25,13.9,0.54,35.5,0.55,10.5,0.46,35.5,0.45,10.5,0.69,50.0,0.75,13.9,0.23,0.23,614.643,1776206948000
1776206950.073,250.073,0.31,50.0,0.25,13.9,0.54,35.5,0.55,10.5,0.46,35.5,0.45,10.5,0.69,50.0,0.75,13.9,0.23,0.23,614.639,1776206949000
1776206950.817,250.817,0.51,50.0,0.41,50.0,0.75,11.23,0.76,14.3,0.46,35.5,0.45,10.5,0.69,50.0,0.75,13.9,0.24,0.23,614.639,1776206949000
1776206951.135,251.135,0.51,50.0,0.41,50.0,0.75,11.23,0.76,14.3,0.25,11.23,0.24,14.3,0.49,50.0,0.59,50.0,0.24,0.24,614.656,1776206950000
1776206952.229,252.229,0.51,50.0,0.41,50.0,0.75,11.23,0.76,14.3,0.25,11.23,0.24,14.3,0.49,50.0,0.59,50.0,0.24,0.24,614.669432,1776206951000
1776206953.172,253.172,0.51,50.0,0.41,50.0,0.75,11.23,0.76,14.3,0.25,11.23,0.24,14.3,0.49,50.0,0.59,50.0,0.24,0.24,614.722,1776206952000
1776206954.207,254.207,0.51,50.0,0.41,50.0,0.75,11.23,0.76,14.3,0.25,11.23,0.24,14.3,0.49,50.0,0.59,50.0,0.24,0.24,614.718403,1776206953000
1776206955.255,255.255,0.51,50.0,0.41,50.0,0.75,11.23,0.76,14.3,0.25,11.23,0.24,14.3,0.49,50.0,0.59,50.0,0.24,0.24,614.718403,1776206954000
1776206956.201,256.201,0.51,50.0,0.41,50.0,0.75,11.23,0.76,14.3,0.25,11.23,0.24,14.3,0.49,50.0,0.59,50.0,0.24,0.24,614.718403,1776206955000
1776206957.213,257.213,0.51,50.0,0.41,50.0,0.75,11.23,0.76,14.3,0.25,11.23,0.24,14.3,0.49,50.0,0.59,50.0,0.24,0.24,614.720235,1776206956000
1776206958.255,258.255,0.51,50.0,0.41,50.0,0.75,11.23,0.76,14.3,0.25,11.23,0.24,14.3,0.49,50.0,0.59,50.0,0.24,0.24,614.736389,1776206957000
1776206959.538,259.538,0.51,50.0,0.41,50.0,0.75,11.23,0.76,14.3,0.25,11.23,0.24,14.3,0.49,50.0,0.59,50.0,0.24,0.24,614.804986,1776206958000
1776206960.192,260.192,0.51,50.0,0.41,50.0,0.75,11.23,0.76,14.3,0.25,11.23,0.24,14.3,0.49,50.0,0.59,50.0,0.24,0.24,614.804986,1776206959000
1776206961.191,261.191,0.51,50.0,0.41,50.0,0.75,11.23,0.76,14.3,0.25,11.23,0.24,14.3,0.49,50.0,0.59,50.0,0.24,0.24,614.812792,1776206960000
1776206962.184,262.184,0.51,50.0,0.41,50.0,0.75,11.23,0.76,14.3,0.25,11.23,0.24,14.3,0.49,50.0,0.59,50.0,0.24,0.24,614.812792,1776206961000
1776206963.234,263.234,0.51,50.0,0.41,50.0,0.75,11.23,0.76,14.3,0.25,11.23,0.24,14.3,0.49,50.0,0.59,50.0,0.24,0.24,614.814926,1776206962000
1776206964.384,264.384,0.51,50.0,0.41,50.0,0.75,11.23,0.76,14.3,0.25,11.23,0.24,14.3,0.49,50.0,0.59,50.0,0.24,0.24,614.853957,1776206963000
1776206964.878,264.878,0.51,50.0,0.41,50.0,0.75,11.23,0.76,14.3,0.25,11.23,0.24,14.3,0.49,50.0,0.59,50.0,0.24,0.24,614.853957,1776206964000
1776206965.95,265.95,0.51,50.0,0.41,50.0,0.75,11.23,0.76,14.3,0.25,11.23,0.24,14.3,0.49,50.0,0.59,50.0,0.24,0.24,614.853957,1776206965000
1776206966.958,266.958,0.51,50.0,0.41,50.0,0.75,11.23,0.76,14.3,0.25,11.23,0.24,14.3,0.49,50.0,0.59,50.0,0.24,0.24,614.853959,1776206966000
1776206968.016,268.016,0.51,50.0,0.41,50.0,0.75,11.23,0.76,14.3,0.25,11.23,0.24,14.3,0.49,50.0,0.59,50.0,0.24,0.24,614.816,1776206967000
1776206969.009,269.009,0.51,50.0,0.41,50.0,0.75,11.23,0.76,14.3,0.25,11.23,0.24,14.3,0.49,50.0,0.59,50.0,0.24,0.24,614.768046,1776206968000
1776206970.02,270.02,0.51,50.0,0.41,50.0,0.75,11.23,0.76,14.3,0.25,11.23,0.24,14.3,0.49,50.0,0.59,50.0,0.24,0.24,614.768046,1776206969000
1776206970.945,270.945,0.51,50.0,0.41,50.0,0.75,11.23,0.76,14.3,0.25,11.23,0.24,14.3,0.49,50.0,0.59,50.0,0.24,0.24,614.765912,1776206970000
1776206972.199,272.199,0.51,50.0,0.41,50.0,0.75,11.23,0.76,14.3,0.25,11.23,0.24,14.3,0.49,50.0,0.59,50.0,0.24,0.24,614.765912,1776206971000
1776206973.289,273.289,0.51,50.0,0.41,50.0,0.75,11.23,0.76,14.3,0.25,11.23,0.24,14.3,0.49,50.0,0.59,50.0,0.24,0.24,614.769,1776206972000
1776206975.206,275.206,0.51,50.0,0.41,50.0,0.75,11.23,0.76,14.3,0.25,11.23,0.24,14.3,0.49,50.0,0.59,50.0,0.24,0.24,614.767,1776206973000
1776206975.79,275.79,0.51,50.0,0.41,50.0,0.75,11.23,0.76,14.3,0.25,11.23,0.24,14.3,0.49,50.0,0.59,50.0,0.24,0.24,614.733976,1776206974000
1776206976.542,276.542,0.51,50.0,0.41,50.0,0.75,11.23,0.76,14.3,0.25,11.23,0.24,14.3,0.49,50.0,0.59,50.0,0.24,0.24,614.733976,1776206975000
1776206977.151,277.151,0.51,50.0,0.41,50.0,0.75,11.23,0.76,14.3,0.25,11.23,0.24,14.3,0.49,50.0,0.59,50.0,0.24,0.24,614.733976,1776206976000
1776206978.761,278.761,0.51,50.0,0.41,50.0,0.75,11.23,0.76,14.3,0.25,11.23,0.24,14.3,0.49,50.0,0.59,50.0,0.24,0.24,614.723232,1776206977000
1776206979.405,279.405,0.51,50.0,0.41,50.0,0.75,11.23,0.76,14.3,0.25,11.23,0.24,14.3,0.49,50.0,0.59,50.0,0.24,0.24,614.719203,1776206978000
1776206980.106,280.106,0.51,50.0,0.41,50.0,0.75,11.23,0.76,14.3,0.25,11.23,0.24,14.3,0.49,50.0,0.59,50.0,0.24,0.24,614.71918,1776206979000
1776206980.646,280.646,0.61,42.38,0.51,65.0,0.9,206.0,0.91,50.0,0.25,11.23,0.24,14.3,0.49,50.0,0.59,50.0,0.29,0.24,614.71918,1776206979000
1776206981.575,281.575,0.61,34.76,0.51,65.0,0.9,206.0,0.91,50.0,0.1,206.0,0.09,50.0,0.39,34.76,0.49,65.0,0.29,0.29,614.714855,1776206980000
1776206982.27,282.27,0.61,34.76,0.51,65.0,0.9,206.0,0.91,50.0,0.1,206.0,0.09,50.0,0.39,34.76,0.49,65.0,0.29,0.29,614.714414,1776206981000
1776206983.656,283.656,0.61,34.76,0.51,65.0,0.9,206.0,0.91,50.0,0.1,206.0,0.09,50.0,0.39,34.76,0.49,65.0,0.29,0.29,614.718,1776206982000
1776206984.342,284.342,0.61,34.76,0.51,65.0,0.9,206.0,0.91,50.0,0.1,206.0,0.09,50.0,0.39,34.76,0.49,65.0,0.29,0.29,614.72,1776206983000
1776206985.145,285.145,0.61,34.76,0.51,65.0,0.9,206.0,0.91,50.0,0.1,206.0,0.09,50.0,0.39,34.76,0.49,65.0,0.29,0.29,614.72,1776206984000
1776206986.439,286.439,0.61,34.76,0.51,65.0,0.9,206.0,0.91,50.0,0.1,206.0,0.09,50.0,0.39,34.76,0.49,65.0,0.29,0.29,614.657,1776206985000
1776206986.825,286.825,0.51,50.0,0.41,50.0,0.73,25.0,0.81,38.7,0.19,38.7,0.1,100.0,0.21,6.0,0.49,50.0,0.22,0.02,614.657,1776206985000
1776206987.197,287.197,0.51,50.0,0.41,50.0,0.73,25.0,0.81,38.7,0.27,25.0,0.19,38.7,0.49,50.0,0.59,50.0,0.22,0.22,614.657,1776206986000
1776206987.434,287.434,0.51,37.35,0.41,50.0,0.73,99.0,0.81,38.7,0.27,25.0,0.19,38.7,0.49,50.0,0.59,50.0,0.22,0.22,614.657,1776206986000
1776206988.019,288.019,0.51,32.34,0.41,50.0,0.73,99.0,0.81,38.7,0.27,99.0,0.19,38.7,0.49,37.35,0.59,50.0,0.22,0.22,614.657,1776206986000
1776206988.564,288.564,0.51,27.33,0.41,50.0,0.73,99.0,0.81,38.7,0.27,99.0,0.19,38.7,0.49,27.33,0.59,50.0,0.22,0.22,614.649627,1776206987000
1776206989.249,289.249,0.51,27.33,0.41,50.0,0.73,99.0,0.81,38.7,0.27,99.0,0.19,38.7,0.49,27.33,0.59,50.0,0.22,0.22,614.649627,1776206988000
1776206989.755,289.755,0.41,38.86,0.4,5.1,0.71,109.0,0.73,25.0,0.27,99.0,0.19,38.7,0.49,27.33,0.59,50.0,0.3,0.22,614.649627,1776206988000
1776206990.674,290.674,0.41,38.86,0.4,5.1,0.71,109.0,0.73,25.0,0.29,109.0,0.27,25.0,0.59,38.86,0.6,5.1,0.3,0.3,614.649491,1776206989000
1776206991.73,291.73,0.41,38.86,0.4,5.1,0.71,109.0,0.73,25.0,0.29,109.0,0.27,25.0,0.59,38.86,0.6,5.1,0.3,0.3,614.649491,1776206990000
1776206992.172,292.172,0.41,38.86,0.4,5.1,0.71,109.0,0.73,25.0,0.29,109.0,0.27,25.0,0.59,38.86,0.6,5.1,0.3,0.3,614.649491,1776206991000
1776206992.417,292.417,0.41,33.82,0.31,50.0,0.71,50.0,0.73,25.0,0.29,109.0,0.27,25.0,0.59,38.86,0.6,5.1,0.3,0.3,614.649491,1776206991000
1776206992.934,292.934,0.41,48.82,0.31,50.0,0.71,45.81,0.73,25.0,0.29,50.0,0.27,25.0,0.59,33.82,0.69,50.0,0.3,0.3,614.649491,1776206991000
1776206994.762,294.762,0.41,48.82,0.31,50.0,0.71,45.81,0.73,25.0,0.29,45.81,0.27,25.0,0.59,48.82,0.69,50.0,0.3,0.3,614.649491,1776206993000
1776206995.465,295.465,0.41,48.82,0.31,50.0,0.71,45.81,0.73,25.0,0.29,45.81,0.27,25.0,0.59,48.82,0.69,50.0,0.3,0.3,614.649491,1776206994000
1776206995.961,295.961,0.41,48.82,0.31,50.0,0.71,45.81,0.73,25.0,0.29,45.81,0.27,25.0,0.59,48.82,0.69,50.0,0.3,0.3,614.649493,1776206995000
1776206996.385,296.385,0.51,25.0,0.41,48.82,0.73,25.0,0.81,38.7,0.29,45.81,0.27,25.0,0.59,48.82,0.69,50.0,0.22,0.3,614.649493,1776206995000
1776206996.995,296.995,0.51,72.76,0.41,48.82,0.73,25.0,0.81,38.7,0.27,25.0,0.19,38.7,0.49,72.76,0.59,48.82,0.22,0.22,614.655,1776206996000
1776206997.32,297.32,0.51,72.76,0.41,48.82,0.73,8.56,0.81,38.7,0.27,25.0,0.19,38.7,0.49,72.76,0.59,48.82,0.22,0.22,614.655,1776206996000
1776206998.039,298.039,0.51,70.52,0.41,48.82,0.73,8.56,0.81,38.7,0.27,8.56,0.19,38.7,0.49,70.52,0.59,48.82,0.22,0.22,614.658,1776206997000
1776206998.405,298.405,0.51,48.79,0.41,48.82,0.72,23.46,0.73,8.56,0.27,8.56,0.19,38.7,0.49,70.52,0.59,48.82,0.21,0.22,614.658,1776206997000
1776206998.706,298.706,0.41,15.0,0.31,50.0,0.51,63.16,0.72,23.46,0.49,65.2,0.28,23.46,0.59,46.58,0.69,50.0,0.1,0.1,614.658,1776206997000
1776206999.049,299.049,0.41,15.0,0.31,50.0,0.51,23.94,0.72,23.46,0.49,23.94,0.28,23.46,0.59,15.0,0.69,50.0,0.1,0.1,614.656,1776206998000
1776206999.271,299.271,0.41,4.0,0.1,100.0,0.5,119.4,0.51,23.94,0.55,5.0,0.5,125.4,0.59,4.0,0.9,100.0,0.09,0.04,614.656,1776206998000
1776206999.472,299.472,0.41,4.0,0.1,100.0,0.51,23.94,0.55,6.66,0.49,23.94,0.45,6.66,0.59,4.0,0.9,100.0,0.1,0.1,614.656,1776206998000
1776206999.968,299.968,0.41,4.0,0.1,100.0,0.45,52.68,0.5,40.0,0.49,23.94,0.45,6.66,0.59,4.0,0.9,100.0,0.04,0.1,614.656,1776206998000
1776207000.202,300.202,0.41,4.0,0.2,375.0,0.5,15.41,0.51,23.94,0.55,52.68,0.5,40.0,0.59,4.0,0.9,100.0,0.09,0.04,614.656,1776206998000
1776207000.725,300.725,0.2,375.0,0.07,720.0,0.59,11.83,0.6,3.19,0.41,9.28,0.4,3.19,0.8,375.0,0.93,720.0,0.39,0.39,614.655,1776206999000

# RESULT,winner=Down,slug=bnb-updown-5m-1776206700,ticks=328
