timestamp,elapsed_sec,up_bid_p1,up_bid_s1,up_bid_p2,up_bid_s2,up_ask_p1,up_ask_s1,up_ask_p2,up_ask_s2,down_bid_p1,down_bid_s1,down_bid_p2,down_bid_s2,down_ask_p1,down_ask_s1,down_ask_p2,down_ask_s2,up_spread,down_spread,bnb_price,bnb_oracle_ts
1776244201.473,1.473,0.33,300.0,0.31,375.0,0.49,5.0,0.67,300.0,0.51,5.0,0.33,300.0,0.67,300.0,0.69,375.0,0.16,0.16,614.587341,1776244200000
1776244201.798,1.798,0.33,300.0,0.31,375.0,0.49,5.0,0.67,300.0,0.51,5.0,0.33,300.0,0.67,300.0,0.69,375.0,0.16,0.16,614.587341,1776244200000
1776244202.092,2.092,0.33,300.0,0.31,375.0,0.49,5.0,0.67,300.0,0.51,5.0,0.33,300.0,0.67,300.0,0.69,375.0,0.16,0.16,614.574,1776244201000
1776244203.036,3.036,0.33,300.0,0.31,375.0,0.49,5.0,0.67,300.0,0.51,5.0,0.33,300.0,0.67,300.0,0.69,375.0,0.16,0.16,614.575,1776244202000
1776244204.05,4.05,0.33,300.0,0.31,375.0,0.49,5.0,0.67,300.0,0.51,5.0,0.33,300.0,0.67,300.0,0.69,375.0,0.16,0.16,614.57031,1776244203000
1776244205.173,5.173,0.33,300.0,0.31,375.0,0.49,5.0,0.67,300.0,0.51,5.0,0.33,300.0,0.67,300.0,0.69,375.0,0.16,0.16,614.574,1776244204000
1776244205.823,5.823,0.48,10.0,0.47,5.0,0.49,5.0,0.57,5.0,0.51,5.0,0.33,300.0,0.67,300.0,0.69,375.0,0.01,0.16,614.574,1776244204000
1776244206.134,6.134,0.48,10.0,0.47,5.0,0.49,5.0,0.57,5.0,0.51,5.0,0.43,5.0,0.52,10.0,0.53,5.0,0.01,0.01,614.597683,1776244205000
1776244206.409,6.409,0.55,3.0,0.54,5.0,0.56,5.0,0.57,5.0,0.44,5.0,0.43,5.0,0.52,10.0,0.53,5.0,0.01,0.08,614.597683,1776244205000
1776244207.081,7.081,0.55,3.0,0.54,5.0,0.56,5.0,0.57,5.0,0.44,5.0,0.43,5.0,0.45,3.0,0.46,5.0,0.01,0.01,614.615,1776244206000
1776244207.353,7.353,0.54,2.0,0.53,5.0,0.56,5.0,0.57,5.0,0.44,5.0,0.43,5.0,0.45,3.0,0.46,5.0,0.02,0.01,614.615,1776244206000
1776244207.973,7.973,0.54,2.0,0.53,5.0,0.56,5.0,0.57,5.0,0.44,5.0,0.43,5.0,0.46,2.0,0.47,5.0,0.02,0.02,614.615,1776244207000
1776244208.978,8.978,0.54,2.0,0.53,5.0,0.56,5.0,0.57,5.0,0.44,5.0,0.43,5.0,0.46,2.0,0.47,5.0,0.02,0.02,614.608,1776244208000
1776244209.944,9.944,0.54,2.0,0.53,5.0,0.56,5.0,0.57,5.0,0.44,5.0,0.43,5.0,0.46,2.0,0.47,5.0,0.02,0.02,614.608,1776244209000
1776244210.934,10.934,0.54,2.0,0.53,5.0,0.56,5.0,0.57,5.0,0.44,5.0,0.43,5.0,0.46,2.0,0.47,5.0,0.02,0.02,614.619,1776244210000
1776244212.423,12.423,0.54,2.0,0.53,5.0,0.56,5.0,0.57,5.0,0.44,5.0,0.43,5.0,0.46,2.0,0.47,5.0,0.02,0.02,614.626,1776244211000
1776244212.918,12.918,0.54,2.0,0.53,5.0,0.56,5.0,0.57,5.0,0.44,5.0,0.43,5.0,0.46,2.0,0.47,5.0,0.02,0.02,614.626,1776244212000
1776244213.787,13.787,0.54,5.0,0.53,11.0,0.59,5.0,0.6,5.0,0.44,5.0,0.43,5.0,0.46,2.0,0.47,5.0,0.05,0.02,614.626,1776244212000
1776244214.048,14.048,0.54,5.0,0.53,11.0,0.59,5.0,0.6,5.0,0.41,5.0,0.4,5.0,0.46,5.0,0.47,11.0,0.05,0.05,614.628,1776244213000
1776244215.163,15.163,0.54,5.0,0.53,11.0,0.59,5.0,0.6,5.0,0.41,5.0,0.4,5.0,0.46,5.0,0.47,11.0,0.05,0.05,614.624,1776244214000
1776244215.851,15.851,0.54,5.0,0.53,11.0,0.59,5.0,0.6,5.0,0.41,5.0,0.4,5.0,0.46,5.0,0.47,11.0,0.05,0.05,614.631,1776244215000
1776244216.202,16.202,0.63,5.0,0.62,5.0,0.66,10.0,0.67,5.0,0.41,5.0,0.4,5.0,0.46,5.0,0.47,11.0,0.03,0.05,614.631,1776244215000
1776244216.588,16.588,0.61,3.37,0.6,5.0,0.65,5.0,0.66,15.0,0.34,10.0,0.33,5.0,0.37,5.0,0.38,5.0,0.04,0.03,614.631,1776244215000
1776244216.952,16.952,0.61,3.37,0.6,5.0,0.65,5.0,0.66,15.0,0.35,5.0,0.34,15.0,0.39,3.37,0.4,5.0,0.04,0.04,614.632,1776244216000
1776244218.137,18.137,0.61,3.37,0.6,5.0,0.65,5.0,0.66,15.0,0.35,5.0,0.34,15.0,0.39,3.37,0.4,5.0,0.04,0.04,614.662,1776244217000
1776244219.197,19.197,0.61,3.37,0.6,5.0,0.65,5.0,0.66,15.0,0.35,5.0,0.34,15.0,0.39,3.37,0.4,5.0,0.04,0.04,614.73657,1776244218000
1776244220.299,20.299,0.61,3.37,0.6,5.0,0.65,5.0,0.66,15.0,0.35,5.0,0.34,15.0,0.39,3.37,0.4,5.0,0.04,0.04,614.727,1776244219000
1776244221.261,21.261,0.6,8.0,0.59,5.0,0.62,10.0,0.63,5.0,0.38,10.0,0.37,5.0,0.4,8.0,0.41,5.0,0.02,0.02,614.732,1776244220000
1776244222.336,22.336,0.6,8.0,0.59,5.0,0.62,10.0,0.63,5.0,0.38,10.0,0.37,5.0,0.4,8.0,0.41,5.0,0.02,0.02,614.734,1776244221000
1776244223.373,23.373,0.6,8.0,0.59,5.0,0.62,10.0,0.63,5.0,0.38,10.0,0.37,5.0,0.4,8.0,0.41,5.0,0.02,0.02,614.729,1776244222000
1776244223.926,23.926,0.6,8.0,0.59,5.0,0.62,10.0,0.63,5.0,0.38,10.0,0.37,5.0,0.4,8.0,0.41,5.0,0.02,0.02,614.729,1776244223000
1776244224.378,24.378,0.59,19.0,0.58,5.0,0.61,10.0,0.62,5.0,0.38,10.0,0.37,5.0,0.4,8.0,0.41,5.0,0.02,0.02,614.729,1776244223000
1776244225.333,25.333,0.59,19.0,0.58,5.0,0.61,10.0,0.62,5.0,0.39,10.0,0.38,5.0,0.41,19.0,0.42,5.0,0.02,0.02,614.723,1776244224000
1776244226.42,26.42,0.59,19.0,0.58,5.0,0.61,10.0,0.62,5.0,0.39,10.0,0.38,5.0,0.41,19.0,0.42,5.0,0.02,0.02,614.726,1776244225000
1776244226.939,26.939,0.59,19.0,0.58,5.0,0.61,10.0,0.62,5.0,0.39,10.0,0.38,5.0,0.41,19.0,0.42,5.0,0.02,0.02,614.703809,1776244226000
1776244227.904,27.904,0.59,19.0,0.58,5.0,0.61,10.0,0.62,5.0,0.39,10.0,0.38,5.0,0.41,19.0,0.42,5.0,0.02,0.02,614.703229,1776244227000
1776244228.979,28.979,0.59,19.0,0.58,5.0,0.61,10.0,0.62,5.0,0.39,10.0,0.38,5.0,0.41,19.0,0.42,5.0,0.02,0.02,614.718,1776244228000
1776244229.35,29.35,0.61,5.0,0.6,13.0,0.63,5.0,0.64,5.0,0.39,10.0,0.38,5.0,0.41,19.0,0.42,5.0,0.02,0.02,614.718,1776244228000
1776244229.983,29.983,0.61,5.0,0.6,13.0,0.63,5.0,0.64,5.0,0.37,5.0,0.36,5.0,0.39,5.0,0.4,13.0,0.02,0.02,614.719,1776244229000
1776244231.021,31.021,0.61,5.0,0.6,13.0,0.63,5.0,0.64,5.0,0.37,5.0,0.36,5.0,0.39,5.0,0.4,13.0,0.02,0.02,614.721,1776244230000
1776244232.0,32.0,0.62,14.0,0.61,5.0,0.64,5.0,0.65,5.0,0.36,5.0,0.35,5.0,0.38,14.0,0.39,5.0,0.02,0.02,614.7299,1776244231000
1776244233.072,33.072,0.62,14.0,0.61,5.0,0.64,5.0,0.65,5.0,0.36,5.0,0.35,5.0,0.38,14.0,0.39,5.0,0.02,0.02,614.71474,1776244232000
1776244234.013,34.013,0.62,14.0,0.61,5.0,0.64,5.0,0.65,5.0,0.36,5.0,0.35,5.0,0.38,14.0,0.39,5.0,0.02,0.02,614.70933,1776244233000
1776244234.3,34.3,0.62,4.0,0.57,5.0,0.63,5.0,0.64,5.0,0.36,5.0,0.35,5.0,0.38,14.0,0.39,5.0,0.01,0.02,614.70933,1776244233000
1776244234.557,34.557,0.49,5.0,0.48,5.0,0.63,11.0,0.64,5.0,0.37,5.0,0.36,5.0,0.38,4.0,0.43,5.0,0.14,0.01,614.70933,1776244233000
1776244234.966,34.966,0.49,5.0,0.48,5.0,0.63,11.0,0.64,5.0,0.37,11.0,0.36,5.0,0.51,5.0,0.52,5.0,0.14,0.14,614.71861,1776244234000
1776244235.932,35.932,0.49,5.0,0.48,5.0,0.63,11.0,0.64,5.0,0.37,11.0,0.36,5.0,0.51,5.0,0.52,5.0,0.14,0.14,614.699853,1776244235000
1776244236.981,36.981,0.49,5.0,0.48,5.0,0.63,11.0,0.64,5.0,0.37,11.0,0.36,5.0,0.51,5.0,0.52,5.0,0.14,0.14,614.61287,1776244236000
1776244237.906,37.906,0.49,5.0,0.48,5.0,0.63,11.0,0.64,5.0,0.37,11.0,0.36,5.0,0.51,5.0,0.52,5.0,0.14,0.14,614.57213,1776244237000
1776244238.944,38.944,0.48,11.0,0.47,5.0,0.56,5.0,0.57,15.0,0.37,11.0,0.36,5.0,0.51,5.0,0.52,5.0,0.08,0.14,614.57213,1776244237000
1776244239.375,39.375,0.48,11.0,0.47,5.0,0.56,5.0,0.57,15.0,0.44,5.0,0.43,15.0,0.52,11.0,0.53,5.0,0.08,0.08,614.57292,1776244238000
1776244240.369,40.369,0.48,11.0,0.47,5.0,0.56,5.0,0.57,15.0,0.44,5.0,0.43,15.0,0.52,11.0,0.53,5.0,0.08,0.08,614.58773,1776244239000
1776244241.413,41.413,0.48,11.0,0.47,5.0,0.56,5.0,0.57,15.0,0.44,5.0,0.43,15.0,0.52,11.0,0.53,5.0,0.08,0.08,614.60058,1776244240000
1776244242.023,42.023,0.48,11.0,0.47,5.0,0.56,5.0,0.57,15.0,0.44,5.0,0.43,15.0,0.52,11.0,0.53,5.0,0.08,0.08,614.60842,1776244241000
1776244242.587,42.587,0.45,5.0,0.44,5.0,0.55,11.0,0.56,15.0,0.44,5.0,0.43,15.0,0.52,11.0,0.53,5.0,0.1,0.08,614.60842,1776244241000
1776244243.041,43.041,0.45,5.0,0.44,5.0,0.55,11.0,0.56,15.0,0.45,11.0,0.44,15.0,0.55,5.0,0.56,5.0,0.1,0.1,614.5987,1776244242000
1776244244.231,44.231,0.45,5.0,0.44,5.0,0.55,11.0,0.56,15.0,0.45,11.0,0.44,15.0,0.55,5.0,0.56,5.0,0.1,0.1,614.59065,1776244243000
1776244245.373,45.373,0.45,5.0,0.44,5.0,0.55,11.0,0.56,15.0,0.45,11.0,0.44,15.0,0.55,5.0,0.56,5.0,0.1,0.1,614.56631,1776244244000
1776244245.903,45.903,0.45,5.0,0.44,5.0,0.55,11.0,0.56,15.0,0.45,11.0,0.44,15.0,0.55,5.0,0.56,5.0,0.1,0.1,614.58,1776244245000
1776244247.09,47.09,0.45,5.0,0.44,5.0,0.55,11.0,0.56,15.0,0.45,11.0,0.44,15.0,0.55,5.0,0.56,5.0,0.1,0.1,614.581,1776244246000
1776244248.306,48.306,0.45,5.0,0.44,5.0,0.55,11.0,0.56,15.0,0.45,11.0,0.44,15.0,0.55,5.0,0.56,5.0,0.1,0.1,614.582,1776244247000
1776244249.57,49.57,0.45,5.0,0.44,5.0,0.55,11.0,0.56,15.0,0.45,11.0,0.44,15.0,0.55,5.0,0.56,5.0,0.1,0.1,614.594,1776244248000
1776244250.164,50.164,0.45,5.0,0.44,5.0,0.55,11.0,0.56,15.0,0.45,11.0,0.44,15.0,0.55,5.0,0.56,5.0,0.1,0.1,614.594,1776244249000
1776244251.42,51.42,0.45,5.0,0.44,5.0,0.55,11.0,0.56,15.0,0.45,11.0,0.44,15.0,0.55,5.0,0.56,5.0,0.1,0.1,614.593642,1776244250000
1776244252.129,52.129,0.45,5.0,0.44,5.0,0.55,11.0,0.56,15.0,0.45,11.0,0.44,15.0,0.55,5.0,0.56,5.0,0.1,0.1,614.603,1776244251000
1776244253.32,53.32,0.45,5.0,0.44,5.0,0.55,11.0,0.56,15.0,0.45,11.0,0.44,15.0,0.55,5.0,0.56,5.0,0.1,0.1,614.59366,1776244252000
1776244254.936,54.936,0.45,5.0,0.44,5.0,0.55,11.0,0.56,15.0,0.45,11.0,0.44,15.0,0.55,5.0,0.56,5.0,0.1,0.1,614.60466,1776244253000
1776244255.9,55.9,0.45,5.0,0.44,5.0,0.55,11.0,0.56,15.0,0.45,11.0,0.44,15.0,0.55,5.0,0.56,5.0,0.1,0.1,614.60546,1776244254000
1776244256.824,56.824,0.45,5.0,0.44,5.0,0.55,11.0,0.56,15.0,0.45,11.0,0.44,15.0,0.55,5.0,0.56,5.0,0.1,0.1,614.58947,1776244255000
1776244257.423,57.423,0.45,5.0,0.44,5.0,0.55,11.0,0.56,15.0,0.45,11.0,0.44,15.0,0.55,5.0,0.56,5.0,0.1,0.1,614.6,1776244256000
1776244258.121,58.121,0.45,5.0,0.44,5.0,0.55,11.0,0.56,15.0,0.45,11.0,0.44,15.0,0.55,5.0,0.56,5.0,0.1,0.1,614.6,1776244257000
1776244259.619,59.619,0.45,5.0,0.44,5.0,0.55,11.0,0.56,15.0,0.45,11.0,0.44,15.0,0.55,5.0,0.56,5.0,0.1,0.1,614.603,1776244258000
1776244260.328,60.328,0.45,5.0,0.44,5.0,0.55,11.0,0.56,15.0,0.45,11.0,0.44,15.0,0.55,5.0,0.56,5.0,0.1,0.1,614.604,1776244259000
1776244260.991,60.991,0.47,1.0,0.4,5.0,0.48,5.0,0.49,10.0,0.45,11.0,0.44,15.0,0.55,5.0,0.56,5.0,0.01,0.1,614.604,1776244259000
1776244261.25,61.25,0.4,5.0,0.39,10.0,0.48,5.0,0.49,10.0,0.52,5.0,0.51,10.0,0.53,1.0,0.6,5.0,0.08,0.01,614.604,1776244259000
1776244261.796,61.796,0.4,5.0,0.39,10.0,0.48,5.0,0.49,10.0,0.52,5.0,0.51,10.0,0.6,5.0,0.61,10.0,0.08,0.08,614.603,1776244260000
1776244262.587,62.587,0.4,5.0,0.39,10.0,0.48,5.0,0.49,10.0,0.52,5.0,0.51,10.0,0.6,5.0,0.61,10.0,0.08,0.08,614.603,1776244261000
1776244263.132,63.132,0.4,5.0,0.39,10.0,0.48,5.0,0.49,10.0,0.52,5.0,0.51,10.0,0.6,5.0,0.61,10.0,0.08,0.08,614.54028,1776244262000
1776244264.104,64.104,0.27,13.2,0.26,13.5,0.29,5.0,0.3,5.0,0.52,5.0,0.51,10.0,0.6,5.0,0.61,10.0,0.02,0.08,614.54028,1776244262000
1776244264.576,64.576,0.27,13.2,0.26,13.5,0.3,5.0,0.31,5.0,0.7,5.0,0.69,5.0,0.73,13.2,0.74,13.5,0.03,0.03,614.50298,1776244263000
1776244265.347,65.347,0.27,13.2,0.26,13.5,0.3,5.0,0.31,5.0,0.7,5.0,0.69,5.0,0.73,13.2,0.74,13.5,0.03,0.03,614.50341,1776244264000
1776244266.015,66.015,0.27,13.2,0.26,13.5,0.3,5.0,0.31,5.0,0.7,5.0,0.69,5.0,0.73,13.2,0.74,13.5,0.03,0.03,614.42081,1776244265000
1776244267.382,67.382,0.27,13.2,0.26,13.5,0.3,5.0,0.31,5.0,0.7,5.0,0.69,5.0,0.73,13.2,0.74,13.5,0.03,0.03,614.35499,1776244266000
1776244268.144,68.144,0.27,13.2,0.26,13.5,0.3,5.0,0.31,5.0,0.7,5.0,0.69,5.0,0.73,13.2,0.74,13.5,0.03,0.03,614.36093,1776244267000
1776244269.653,69.653,0.27,13.2,0.26,13.5,0.3,5.0,0.31,5.0,0.7,5.0,0.69,5.0,0.73,13.2,0.74,13.5,0.03,0.03,614.36661,1776244268000
1776244270.377,70.377,0.27,13.2,0.26,13.5,0.3,5.0,0.31,5.0,0.7,5.0,0.69,5.0,0.73,13.2,0.74,13.5,0.03,0.03,614.36305,1776244269000
1776244271.139,71.139,0.27,13.2,0.26,13.5,0.3,5.0,0.31,5.0,0.7,5.0,0.69,5.0,0.73,13.2,0.74,13.5,0.03,0.03,614.37404,1776244270000
1776244272.702,72.702,0.27,13.2,0.26,13.5,0.3,5.0,0.31,5.0,0.7,5.0,0.69,5.0,0.73,13.2,0.74,13.5,0.03,0.03,614.37171,1776244271000
1776244273.853,73.853,0.27,13.2,0.26,13.5,0.3,5.0,0.31,5.0,0.7,5.0,0.69,5.0,0.73,13.2,0.74,13.5,0.03,0.03,614.37147,1776244272000
1776244274.222,74.222,0.31,5.0,0.3,10.0,0.32,2.0,0.34,5.0,0.7,5.0,0.69,5.0,0.73,13.2,0.74,13.5,0.01,0.03,614.37147,1776244272000
1776244274.488,74.488,0.31,55.0,0.3,10.0,0.34,2.0,0.36,10.0,0.68,2.0,0.66,5.0,0.69,5.0,0.7,10.0,0.03,0.01,614.37037,1776244273000
1776244275.352,75.352,0.33,5.0,0.32,5.0,0.36,10.0,0.37,5.0,0.64,10.0,0.63,5.0,0.67,5.0,0.68,5.0,0.03,0.03,614.36294,1776244274000
1776244275.855,75.855,0.33,5.0,0.32,5.0,0.36,10.0,0.37,5.0,0.64,10.0,0.63,5.0,0.67,5.0,0.68,5.0,0.03,0.03,614.36238,1776244275000
1776244276.855,76.855,0.36,5.0,0.35,5.0,0.38,11.0,0.39,15.74,0.62,11.0,0.61,15.74,0.64,5.0,0.65,5.0,0.02,0.02,614.35729,1776244276000
1776244277.935,77.935,0.36,5.0,0.35,5.0,0.38,11.0,0.39,15.74,0.62,11.0,0.61,15.74,0.64,5.0,0.65,5.0,0.02,0.02,614.42557,1776244277000
1776244278.841,78.841,0.36,5.0,0.35,5.0,0.38,11.0,0.39,15.74,0.62,11.0,0.61,15.74,0.64,5.0,0.65,5.0,0.02,0.02,614.42852,1776244278000
1776244280.297,80.297,0.41,44.0,0.37,5.0,0.44,10.0,0.45,5.0,0.56,10.0,0.55,5.0,0.59,44.0,0.63,5.0,0.03,0.03,614.433,1776244279000
1776244281.162,81.162,0.44,5.0,0.43,10.0,0.51,5.0,0.52,10.0,0.49,5.0,0.48,10.0,0.56,5.0,0.57,10.0,0.07,0.07,614.556168,1776244280000
1776244282.276,82.276,0.44,5.0,0.43,10.0,0.51,5.0,0.52,10.0,0.49,5.0,0.48,10.0,0.56,5.0,0.57,10.0,0.07,0.07,614.538652,1776244281000
1776244283.23,83.23,0.44,5.0,0.43,10.0,0.51,5.0,0.52,10.0,0.49,5.0,0.48,10.0,0.56,5.0,0.57,10.0,0.07,0.07,614.51834,1776244282000
1776244283.546,83.546,0.24,6.09,0.23,14.7,0.25,5.0,0.26,5.0,0.49,5.0,0.48,10.0,0.56,5.0,0.57,10.0,0.01,0.07,614.51834,1776244282000
1776244283.94,83.94,0.22,15.2,0.21,70.7,0.24,4.0,0.25,5.0,0.75,5.0,0.74,5.0,0.77,12.99,0.78,15.2,0.02,0.02,614.51834,1776244282000
1776244284.166,84.166,0.22,15.2,0.21,70.7,0.25,4.0,0.26,5.0,0.75,4.0,0.74,5.0,0.78,15.2,0.79,70.7,0.03,0.03,614.51876,1776244283000
1776244284.474,84.474,0.22,20.2,0.21,70.7,0.24,5.0,0.25,11.0,0.75,4.0,0.74,5.0,0.78,15.2,0.79,70.7,0.02,0.03,614.51876,1776244283000
1776244285.207,85.207,0.22,20.2,0.21,70.7,0.24,5.0,0.25,11.0,0.76,5.0,0.75,11.0,0.78,20.2,0.79,70.7,0.02,0.02,614.345266,1776244284000
1776244286.624,86.624,0.22,20.2,0.21,70.7,0.24,5.0,0.25,11.0,0.76,5.0,0.75,11.0,0.78,20.2,0.79,70.7,0.02,0.02,614.335195,1776244285000
1776244287.198,87.198,0.22,20.2,0.21,70.7,0.24,5.0,0.25,11.0,0.76,5.0,0.75,11.0,0.78,20.2,0.79,70.7,0.02,0.02,614.331243,1776244286000
1776244288.214,88.214,0.22,20.2,0.21,70.7,0.24,5.0,0.25,11.0,0.76,5.0,0.75,11.0,0.78,20.2,0.79,70.7,0.02,0.02,614.29044,1776244287000
1776244289.305,89.305,0.22,20.2,0.21,70.7,0.24,5.0,0.25,11.0,0.76,5.0,0.75,11.0,0.78,20.2,0.79,70.7,0.02,0.02,614.28765,1776244288000
1776244290.339,90.339,0.22,20.2,0.21,70.7,0.24,5.0,0.25,11.0,0.76,5.0,0.75,11.0,0.78,20.2,0.79,70.7,0.02,0.02,614.202209,1776244289000
1776244290.553,90.553,0.21,12.85,0.18,5.0,0.22,17.0,0.23,5.0,0.76,5.0,0.75,11.0,0.78,20.2,0.79,70.7,0.01,0.02,614.202209,1776244289000
1776244290.903,90.903,0.21,6.68,0.18,5.0,0.22,17.0,0.23,5.0,0.78,17.0,0.77,5.0,0.79,6.68,0.82,5.0,0.01,0.01,614.199507,1776244290000
1776244291.429,91.429,0.21,1.61,0.16,5.0,0.22,17.0,0.23,10.0,0.78,17.0,0.77,5.0,0.79,6.68,0.82,5.0,0.01,0.01,614.199507,1776244290000
1776244291.976,91.976,0.16,5.0,0.15,5.0,0.22,17.0,0.23,10.0,0.78,17.0,0.77,10.0,0.84,5.0,0.85,5.0,0.06,0.06,614.199507,1776244291000
1776244293.063,93.063,0.16,5.0,0.15,5.0,0.22,17.0,0.23,10.0,0.78,17.0,0.77,10.0,0.84,5.0,0.85,5.0,0.06,0.06,614.195349,1776244292000
1776244294.057,94.057,0.16,5.0,0.15,5.0,0.22,17.0,0.23,10.0,0.78,17.0,0.77,10.0,0.84,5.0,0.85,5.0,0.06,0.06,614.203,1776244293000
1776244295.167,95.167,0.16,5.0,0.15,5.0,0.22,17.0,0.23,10.0,0.78,17.0,0.77,10.0,0.84,5.0,0.85,5.0,0.06,0.06,614.218,1776244294000
1776244296.274,96.274,0.16,5.0,0.15,5.0,0.22,17.0,0.23,10.0,0.78,17.0,0.77,10.0,0.84,5.0,0.85,5.0,0.06,0.06,614.23455,1776244295000
1776244297.268,97.268,0.16,5.0,0.15,5.0,0.22,17.0,0.23,10.0,0.78,17.0,0.77,10.0,0.84,5.0,0.85,5.0,0.06,0.06,614.233,1776244296000
1776244298.348,98.348,0.16,5.0,0.15,5.0,0.22,17.0,0.23,10.0,0.78,17.0,0.77,10.0,0.84,5.0,0.85,5.0,0.06,0.06,614.23,1776244297000
1776244298.9,98.9,0.16,5.0,0.15,5.0,0.22,17.0,0.23,10.0,0.78,17.0,0.77,10.0,0.84,5.0,0.85,5.0,0.06,0.06,614.22825,1776244298000
1776244300.587,100.587,0.16,5.0,0.15,5.0,0.22,17.0,0.23,10.0,0.78,17.0,0.77,10.0,0.84,5.0,0.85,5.0,0.06,0.06,614.207,1776244299000
1776244301.141,101.141,0.16,5.0,0.15,5.0,0.22,17.0,0.23,10.0,0.78,17.0,0.77,10.0,0.84,5.0,0.85,5.0,0.06,0.06,614.207,1776244300000
1776244302.169,102.169,0.16,5.0,0.15,5.0,0.22,17.0,0.23,10.0,0.78,17.0,0.77,10.0,0.84,5.0,0.85,5.0,0.06,0.06,614.19,1776244301000
1776244303.315,103.315,0.16,5.0,0.15,5.0,0.22,17.0,0.23,10.0,0.78,17.0,0.77,10.0,0.84,5.0,0.85,5.0,0.06,0.06,614.19,1776244302000
1776244304.375,104.375,0.16,5.0,0.15,5.0,0.22,17.0,0.23,10.0,0.78,17.0,0.77,10.0,0.84,5.0,0.85,5.0,0.06,0.06,614.15,1776244303000
1776244305.488,105.488,0.16,5.0,0.15,5.0,0.22,17.0,0.23,10.0,0.78,17.0,0.77,10.0,0.84,5.0,0.85,5.0,0.06,0.06,614.15,1776244304000
1776244305.978,105.978,0.16,5.0,0.15,5.0,0.22,17.0,0.23,10.0,0.78,17.0,0.77,10.0,0.84,5.0,0.85,5.0,0.06,0.06,614.15,1776244305000
1776244306.988,106.988,0.16,5.0,0.15,5.0,0.22,17.0,0.23,10.0,0.78,17.0,0.77,10.0,0.84,5.0,0.85,5.0,0.06,0.06,614.147,1776244306000
1776244308.106,108.106,0.16,5.0,0.15,5.0,0.22,17.0,0.23,10.0,0.78,17.0,0.77,10.0,0.84,5.0,0.85,5.0,0.06,0.06,614.076,1776244307000
1776244309.199,109.199,0.16,5.0,0.15,5.0,0.22,17.0,0.23,10.0,0.78,17.0,0.77,10.0,0.84,5.0,0.85,5.0,0.06,0.06,614.068,1776244308000
1776244310.219,110.219,0.16,5.0,0.15,5.0,0.22,17.0,0.23,10.0,0.78,17.0,0.77,10.0,0.84,5.0,0.85,5.0,0.06,0.06,613.998465,1776244309000
1776244311.258,111.258,0.16,5.0,0.15,5.0,0.22,17.0,0.23,10.0,0.78,17.0,0.77,10.0,0.84,5.0,0.85,5.0,0.06,0.06,613.969,1776244310000
1776244312.296,112.296,0.16,5.0,0.15,5.0,0.22,17.0,0.23,10.0,0.78,17.0,0.77,10.0,0.84,5.0,0.85,5.0,0.06,0.06,613.971,1776244311000
1776244312.712,112.712,0.05,39.7,0.04,72.7,0.08,29.0,0.09,48.7,0.78,17.0,0.77,10.0,0.84,5.0,0.85,5.0,0.03,0.06,613.971,1776244311000
1776244313.269,113.269,0.05,39.7,0.04,72.7,0.08,29.0,0.09,48.7,0.92,29.0,0.91,48.7,0.95,39.7,0.96,72.7,0.03,0.03,613.967,1776244312000
1776244314.569,114.569,0.05,39.7,0.04,72.7,0.08,29.0,0.09,48.7,0.92,29.0,0.91,48.7,0.95,39.7,0.96,72.7,0.03,0.03,613.93502,1776244313000
1776244315.089,115.089,0.05,39.7,0.04,72.7,0.08,29.0,0.09,48.7,0.92,29.0,0.91,48.7,0.95,39.7,0.96,72.7,0.03,0.03,613.884,1776244314000
1776244315.481,115.481,0.04,72.7,0.03,94.3,0.06,13.0,0.07,5.0,0.92,29.0,0.91,48.7,0.95,39.7,0.96,72.7,0.02,0.03,613.884,1776244314000
1776244323.392,123.392,0.04,72.7,0.03,94.3,0.06,13.0,0.07,5.0,0.94,13.0,0.93,5.0,0.96,72.7,0.97,94.3,0.02,0.02,613.892,1776244322000
1776244324.006,124.006,0.04,72.7,0.03,94.3,0.06,13.0,0.07,5.0,0.94,13.0,0.93,5.0,0.96,72.7,0.97,94.3,0.02,0.02,613.901615,1776244323000
1776244325.13,125.13,0.04,72.7,0.03,94.3,0.06,13.0,0.07,5.0,0.94,13.0,0.93,5.0,0.96,72.7,0.97,94.3,0.02,0.02,614.063,1776244324000
1776244326.215,126.215,0.04,72.7,0.03,94.3,0.06,13.0,0.07,5.0,0.94,13.0,0.93,5.0,0.96,72.7,0.97,94.3,0.02,0.02,614.028,1776244325000
1776244327.354,127.354,0.04,72.7,0.03,94.3,0.06,13.0,0.07,5.0,0.94,13.0,0.93,5.0,0.96,72.7,0.97,94.3,0.02,0.02,614.06,1776244326000
1776244327.997,127.997,0.04,72.7,0.03,94.3,0.06,13.0,0.07,5.0,0.94,13.0,0.93,5.0,0.96,72.7,0.97,94.3,0.02,0.02,614.06,1776244327000
1776244329.58,129.58,0.04,72.7,0.03,94.3,0.06,13.0,0.07,5.0,0.94,13.0,0.93,5.0,0.96,72.7,0.97,94.3,0.02,0.02,614.056,1776244328000
1776244330.464,130.464,0.04,72.7,0.03,94.3,0.06,13.0,0.07,5.0,0.94,13.0,0.93,5.0,0.96,72.7,0.97,94.3,0.02,0.02,614.062,1776244329000
1776244330.892,130.892,0.04,72.7,0.03,94.3,0.06,13.0,0.07,5.0,0.94,13.0,0.93,5.0,0.96,72.7,0.97,94.3,0.02,0.02,614.062,1776244330000
1776244332.378,132.378,0.04,72.7,0.03,94.3,0.06,13.0,0.07,5.0,0.94,13.0,0.93,5.0,0.96,72.7,0.97,94.3,0.02,0.02,614.113,1776244331000
1776244333.083,133.083,0.04,72.7,0.03,94.3,0.06,13.0,0.07,5.0,0.94,13.0,0.93,5.0,0.96,72.7,0.97,94.3,0.02,0.02,614.117333,1776244332000
1776244334.354,134.354,0.04,72.7,0.03,94.3,0.06,13.0,0.07,5.0,0.94,13.0,0.93,5.0,0.96,72.7,0.97,94.3,0.02,0.02,614.122659,1776244333000
1776244335.057,135.057,0.04,72.7,0.03,94.3,0.06,13.0,0.07,5.0,0.94,13.0,0.93,5.0,0.96,72.7,0.97,94.3,0.02,0.02,614.118445,1776244334000
1776244336.458,136.458,0.04,72.7,0.03,94.3,0.06,13.0,0.07,5.0,0.94,13.0,0.93,5.0,0.96,72.7,0.97,94.3,0.02,0.02,614.118251,1776244335000
1776244336.856,136.856,0.1,10.0,0.09,36.7,0.11,3.9,0.12,5.0,0.94,13.0,0.93,5.0,0.96,72.7,0.97,94.3,0.01,0.02,614.118251,1776244335000
1776244337.173,137.173,0.1,10.0,0.09,36.7,0.11,3.9,0.12,5.0,0.89,3.9,0.88,5.0,0.9,10.0,0.91,36.7,0.01,0.01,614.118136,1776244336000
1776244338.568,138.568,0.1,10.0,0.09,36.7,0.11,3.9,0.12,5.0,0.89,3.9,0.88,5.0,0.9,10.0,0.91,36.7,0.01,0.01,614.117388,1776244337000
1776244339.255,139.255,0.1,10.0,0.09,36.7,0.11,3.9,0.12,5.0,0.89,3.9,0.88,5.0,0.9,10.0,0.91,36.7,0.01,0.01,614.153452,1776244338000
1776244340.689,140.689,0.11,5.0,0.1,5.0,0.13,5.0,0.14,5.0,0.87,5.0,0.86,5.0,0.89,5.0,0.9,5.0,0.02,0.02,614.158721,1776244339000
1776244341.361,141.361,0.11,5.0,0.1,5.0,0.13,5.0,0.14,5.0,0.87,5.0,0.86,5.0,0.89,5.0,0.9,5.0,0.02,0.02,614.128716,1776244340000
1776244342.102,142.102,0.11,5.0,0.1,5.0,0.13,5.0,0.14,5.0,0.87,5.0,0.86,5.0,0.89,5.0,0.9,5.0,0.02,0.02,614.128796,1776244341000
1776244343.39,143.39,0.11,5.0,0.1,5.0,0.13,5.0,0.14,5.0,0.87,5.0,0.86,5.0,0.89,5.0,0.9,5.0,0.02,0.02,614.128787,1776244342000
1776244344.058,144.058,0.11,5.0,0.1,5.0,0.13,5.0,0.14,5.0,0.87,5.0,0.86,5.0,0.89,5.0,0.9,5.0,0.02,0.02,614.128537,1776244343000
1776244345.469,145.469,0.11,5.0,0.1,5.0,0.13,5.0,0.14,5.0,0.87,5.0,0.86,5.0,0.89,5.0,0.9,5.0,0.02,0.02,614.128791,1776244344000
1776244346.616,146.616,0.11,5.0,0.1,5.0,0.13,5.0,0.14,5.0,0.87,5.0,0.86,5.0,0.89,5.0,0.9,5.0,0.02,0.02,614.128885,1776244345000
1776244347.185,147.185,0.11,5.0,0.1,5.0,0.13,5.0,0.14,5.0,0.87,5.0,0.86,5.0,0.89,5.0,0.9,5.0,0.02,0.02,614.129056,1776244346000
1776244348.201,148.201,0.11,5.0,0.1,5.0,0.13,5.0,0.14,5.0,0.87,5.0,0.86,5.0,0.89,5.0,0.9,5.0,0.02,0.02,614.217348,1776244347000
1776244349.279,149.279,0.11,5.0,0.1,5.0,0.13,5.0,0.14,5.0,0.87,5.0,0.86,5.0,0.89,5.0,0.9,5.0,0.02,0.02,614.229,1776244348000
1776244350.368,150.368,0.11,5.0,0.1,5.0,0.13,5.0,0.14,5.0,0.87,5.0,0.86,5.0,0.89,5.0,0.9,5.0,0.02,0.02,614.236,1776244349000
1776244350.936,150.936,0.11,5.0,0.1,5.0,0.13,5.0,0.14,5.0,0.87,5.0,0.86,5.0,0.89,5.0,0.9,5.0,0.02,0.02,614.236,1776244350000
1776244352.066,152.066,0.11,5.0,0.1,5.0,0.13,5.0,0.14,5.0,0.87,5.0,0.86,5.0,0.89,5.0,0.9,5.0,0.02,0.02,614.252,1776244351000
1776244353.041,153.041,0.11,5.0,0.1,5.0,0.13,5.0,0.14,5.0,0.87,5.0,0.86,5.0,0.89,5.0,0.9,5.0,0.02,0.02,614.267915,1776244352000
1776244354.17,154.17,0.11,5.0,0.1,5.0,0.13,5.0,0.14,5.0,0.87,5.0,0.86,5.0,0.89,5.0,0.9,5.0,0.02,0.02,614.267915,1776244353000
1776244355.181,155.181,0.11,5.0,0.1,5.0,0.13,5.0,0.14,5.0,0.87,5.0,0.86,5.0,0.89,5.0,0.9,5.0,0.02,0.02,614.272879,1776244354000
1776244356.281,156.281,0.11,5.0,0.1,5.0,0.13,5.0,0.14,5.0,0.87,5.0,0.86,5.0,0.89,5.0,0.9,5.0,0.02,0.02,614.272879,1776244355000
1776244357.167,157.167,0.11,5.0,0.1,5.0,0.13,5.0,0.14,5.0,0.87,5.0,0.86,5.0,0.89,5.0,0.9,5.0,0.02,0.02,614.295,1776244356000
1776244358.184,158.184,0.11,5.0,0.1,5.0,0.13,5.0,0.14,5.0,0.87,5.0,0.86,5.0,0.89,5.0,0.9,5.0,0.02,0.02,614.339,1776244357000
1776244359.234,159.234,0.11,5.0,0.1,5.0,0.13,5.0,0.14,5.0,0.87,5.0,0.86,5.0,0.89,5.0,0.9,5.0,0.02,0.02,614.355,1776244358000
1776244360.168,160.168,0.11,5.0,0.1,5.0,0.13,5.0,0.14,5.0,0.87,5.0,0.86,5.0,0.89,5.0,0.9,5.0,0.02,0.02,614.355,1776244359000
1776244361.214,161.214,0.11,5.0,0.1,5.0,0.13,5.0,0.14,5.0,0.87,5.0,0.86,5.0,0.89,5.0,0.9,5.0,0.02,0.02,614.355,1776244360000
1776244362.286,162.286,0.11,5.0,0.1,5.0,0.13,5.0,0.14,5.0,0.87,5.0,0.86,5.0,0.89,5.0,0.9,5.0,0.02,0.02,614.356,1776244361000
1776244363.401,163.401,0.11,5.0,0.1,5.0,0.13,5.0,0.14,5.0,0.87,5.0,0.86,5.0,0.89,5.0,0.9,5.0,0.02,0.02,614.374,1776244362000
1776244364.351,164.351,0.11,5.0,0.1,5.0,0.13,5.0,0.14,5.0,0.87,5.0,0.86,5.0,0.89,5.0,0.9,5.0,0.02,0.02,614.383,1776244363000
1776244364.9,164.9,0.11,5.0,0.1,5.0,0.13,5.0,0.14,5.0,0.87,5.0,0.86,5.0,0.89,5.0,0.9,5.0,0.02,0.02,614.383,1776244364000
1776244365.936,165.936,0.22,11.0,0.21,55.0,0.24,16.0,0.25,5.0,0.76,16.0,0.75,5.0,0.78,11.0,0.79,55.0,0.02,0.02,614.374,1776244365000
1776244366.934,166.934,0.22,11.0,0.21,55.0,0.24,16.0,0.25,5.0,0.76,16.0,0.75,5.0,0.78,11.0,0.79,55.0,0.02,0.02,614.375,1776244366000
1776244367.209,167.209,0.22,11.0,0.21,60.0,0.24,11.0,0.25,5.0,0.76,16.0,0.75,5.0,0.78,11.0,0.79,55.0,0.02,0.02,614.375,1776244366000
1776244368.102,168.102,0.22,11.0,0.21,60.0,0.24,11.0,0.25,5.0,0.76,11.0,0.75,5.0,0.78,11.0,0.79,60.0,0.02,0.02,614.363,1776244367000
1776244369.02,169.02,0.22,11.0,0.21,60.0,0.24,11.0,0.25,5.0,0.76,11.0,0.75,5.0,0.78,11.0,0.79,60.0,0.02,0.02,614.363,1776244368000
1776244370.002,170.002,0.22,11.0,0.21,60.0,0.24,11.0,0.25,5.0,0.76,11.0,0.75,5.0,0.78,11.0,0.79,60.0,0.02,0.02,614.363,1776244369000
1776244370.962,170.962,0.31,44.0,0.23,11.0,0.35,5.0,0.47,10.4,0.76,11.0,0.75,5.0,0.78,11.0,0.79,60.0,0.04,0.02,614.363,1776244369000
1776244372.119,172.119,0.31,44.0,0.23,11.0,0.35,5.0,0.47,10.4,0.65,5.0,0.53,10.4,0.69,44.0,0.77,11.0,0.04,0.04,614.385855,1776244371000
1776244373.595,173.595,0.38,1.0,0.37,5.0,0.47,5.0,0.48,5.0,0.53,5.0,0.52,5.0,0.62,1.0,0.63,5.0,0.09,0.09,614.447246,1776244372000
1776244374.166,174.166,0.38,1.0,0.37,5.0,0.47,5.0,0.48,5.0,0.53,5.0,0.52,5.0,0.62,1.0,0.63,5.0,0.09,0.09,614.553,1776244373000
1776244375.208,175.208,0.38,1.0,0.37,5.0,0.47,5.0,0.48,5.0,0.53,5.0,0.52,5.0,0.62,1.0,0.63,5.0,0.09,0.09,614.507131,1776244374000
1776244375.85,175.85,0.48,11.0,0.47,5.0,0.6,5.0,0.61,5.0,0.53,5.0,0.52,5.0,0.62,1.0,0.63,5.0,0.12,0.09,614.507131,1776244374000
1776244376.208,176.208,0.48,11.0,0.47,5.0,0.6,5.0,0.61,5.0,0.4,5.0,0.39,5.0,0.52,11.0,0.53,5.0,0.12,0.12,614.525,1776244375000
1776244377.324,177.324,0.48,11.0,0.47,5.0,0.6,5.0,0.61,5.0,0.4,5.0,0.39,5.0,0.52,11.0,0.53,5.0,0.12,0.12,614.529,1776244376000
1776244378.393,178.393,0.48,11.0,0.47,5.0,0.6,5.0,0.61,5.0,0.4,5.0,0.39,5.0,0.52,11.0,0.53,5.0,0.12,0.12,614.58979,1776244377000
1776244378.908,178.908,0.48,11.0,0.47,5.0,0.6,5.0,0.61,5.0,0.4,5.0,0.39,5.0,0.52,11.0,0.53,5.0,0.12,0.12,614.59045,1776244378000
1776244379.97,179.97,0.48,11.0,0.47,5.0,0.6,5.0,0.61,5.0,0.4,5.0,0.39,5.0,0.52,11.0,0.53,5.0,0.12,0.12,614.608,1776244379000
1776244381.122,181.122,0.48,11.0,0.47,5.0,0.6,5.0,0.61,5.0,0.4,5.0,0.39,5.0,0.52,11.0,0.53,5.0,0.12,0.12,614.608,1776244380000
1776244382.153,182.153,0.56,12.0,0.55,5.0,0.72,5.0,0.73,5.0,0.4,5.0,0.39,5.0,0.52,11.0,0.53,5.0,0.16,0.12,614.608,1776244380000
1776244383.292,183.292,0.56,12.0,0.55,5.0,0.72,5.0,0.73,5.0,0.28,5.0,0.27,5.0,0.44,12.0,0.45,5.0,0.16,0.16,614.633,1776244382000
1776244384.41,184.41,0.56,12.0,0.55,5.0,0.72,5.0,0.73,5.0,0.28,5.0,0.27,5.0,0.44,12.0,0.45,5.0,0.16,0.16,614.714777,1776244383000
1776244384.896,184.896,0.56,12.0,0.55,5.0,0.72,5.0,0.73,5.0,0.28,5.0,0.27,5.0,0.44,12.0,0.45,5.0,0.16,0.16,614.731,1776244384000
1776244385.97,185.97,0.56,12.0,0.55,5.0,0.72,5.0,0.73,5.0,0.28,5.0,0.27,5.0,0.44,12.0,0.45,5.0,0.16,0.16,614.731,1776244385000
1776244387.516,187.516,0.56,12.0,0.55,5.0,0.72,5.0,0.73,5.0,0.28,5.0,0.27,5.0,0.44,12.0,0.45,5.0,0.16,0.16,614.73209,1776244386000
1776244388.048,188.048,0.56,12.0,0.55,5.0,0.72,5.0,0.73,5.0,0.28,5.0,0.27,5.0,0.44,12.0,0.45,5.0,0.16,0.16,614.7336,1776244387000
1776244389.02,189.02,0.56,12.0,0.55,5.0,0.72,5.0,0.73,5.0,0.28,5.0,0.27,5.0,0.44,12.0,0.45,5.0,0.16,0.16,614.72355,1776244388000
1776244390.178,190.178,0.56,12.0,0.55,5.0,0.72,5.0,0.73,5.0,0.28,5.0,0.27,5.0,0.44,12.0,0.45,5.0,0.16,0.16,614.72101,1776244389000
1776244390.874,190.874,0.56,12.0,0.55,5.0,0.72,5.0,0.73,5.0,0.28,5.0,0.27,5.0,0.44,12.0,0.45,5.0,0.16,0.16,614.72243,1776244390000
1776244392.255,192.255,0.56,12.0,0.55,5.0,0.72,5.0,0.73,5.0,0.28,5.0,0.27,5.0,0.44,12.0,0.45,5.0,0.16,0.16,614.71582,1776244391000
1776244393.148,193.148,0.56,12.0,0.55,5.0,0.72,5.0,0.73,5.0,0.28,5.0,0.27,5.0,0.44,12.0,0.45,5.0,0.16,0.16,614.71423,1776244392000
1776244394.03,194.03,0.56,12.0,0.55,5.0,0.72,5.0,0.73,5.0,0.28,5.0,0.27,5.0,0.44,12.0,0.45,5.0,0.16,0.16,614.72328,1776244393000
1776244395.112,195.112,0.56,12.0,0.55,5.0,0.72,5.0,0.73,5.0,0.28,5.0,0.27,5.0,0.44,12.0,0.45,5.0,0.16,0.16,614.71353,1776244394000
1776244395.454,195.454,0.66,18.0,0.65,5.0,0.67,3.5,0.68,5.0,0.28,5.0,0.27,5.0,0.44,12.0,0.45,5.0,0.01,0.16,614.71353,1776244394000
1776244396.05,196.05,0.66,18.0,0.65,5.0,0.67,3.5,0.68,5.0,0.33,3.5,0.32,5.0,0.34,18.0,0.35,5.0,0.01,0.01,614.7117,1776244395000
1776244396.558,196.558,0.74,5.0,0.73,5.0,0.77,5.0,0.78,5.0,0.33,3.5,0.32,5.0,0.34,18.0,0.35,5.0,0.03,0.01,614.7117,1776244395000
1776244397.015,197.015,0.74,5.0,0.73,5.0,0.77,5.0,0.78,5.0,0.23,5.0,0.22,5.0,0.26,5.0,0.27,5.0,0.03,0.03,614.73825,1776244396000
1776244398.069,198.069,0.74,5.0,0.73,5.0,0.77,5.0,0.78,5.0,0.23,5.0,0.22,5.0,0.26,5.0,0.27,5.0,0.03,0.03,614.7515,1776244397000
1776244398.989,198.989,0.74,5.0,0.73,5.0,0.77,5.0,0.78,5.0,0.23,5.0,0.22,5.0,0.26,5.0,0.27,5.0,0.03,0.03,614.78716,1776244398000
1776244400.54,200.54,0.74,5.0,0.73,5.0,0.77,5.0,0.78,5.0,0.23,5.0,0.22,5.0,0.26,5.0,0.27,5.0,0.03,0.03,614.78664,1776244399000
1776244401.108,201.108,0.74,5.0,0.73,5.0,0.77,5.0,0.78,5.0,0.23,5.0,0.22,5.0,0.26,5.0,0.27,5.0,0.03,0.03,614.78643,1776244400000
1776244401.584,201.584,0.71,8.0,0.66,10.0,0.73,5.0,0.74,5.0,0.23,5.0,0.22,5.0,0.26,5.0,0.27,5.0,0.02,0.03,614.78643,1776244400000
1776244402.338,202.338,0.71,8.0,0.66,10.0,0.73,5.0,0.74,5.0,0.27,5.0,0.26,5.0,0.29,8.0,0.34,10.0,0.02,0.02,614.8,1776244401000
1776244403.301,203.301,0.71,8.0,0.66,10.0,0.73,5.0,0.74,5.0,0.27,5.0,0.26,5.0,0.29,8.0,0.34,10.0,0.02,0.02,614.807,1776244402000
1776244403.864,203.864,0.71,8.0,0.66,10.0,0.73,5.0,0.74,5.0,0.27,5.0,0.26,5.0,0.29,8.0,0.34,10.0,0.02,0.02,614.80344,1776244403000
1776244405.0,205.0,0.71,8.0,0.66,10.0,0.73,5.0,0.74,5.0,0.27,5.0,0.26,5.0,0.29,8.0,0.34,10.0,0.02,0.02,614.771,1776244404000
1776244405.413,205.413,0.71,41.6,0.7,12.4,0.73,5.0,0.74,5.0,0.27,5.0,0.26,5.0,0.29,8.0,0.34,10.0,0.02,0.02,614.771,1776244404000
1776244406.048,206.048,0.71,41.6,0.7,12.4,0.73,5.0,0.74,5.0,0.27,5.0,0.26,5.0,0.29,41.6,0.3,12.4,0.02,0.02,614.776,1776244405000
1776244407.066,207.066,0.71,41.6,0.7,12.4,0.73,5.0,0.74,5.0,0.27,5.0,0.26,5.0,0.29,41.6,0.3,12.4,0.02,0.02,614.782,1776244406000
1776244407.282,207.282,0.71,49.6,0.7,17.4,0.73,5.0,0.74,5.0,0.27,5.0,0.26,5.0,0.29,41.6,0.3,12.4,0.02,0.02,614.782,1776244406000
1776244408.287,208.287,0.71,49.6,0.7,17.4,0.73,5.0,0.74,5.0,0.27,5.0,0.26,5.0,0.29,49.6,0.3,17.4,0.02,0.02,614.773,1776244407000
1776244409.246,209.246,0.71,49.6,0.7,17.4,0.73,5.0,0.74,5.0,0.27,5.0,0.26,5.0,0.29,49.6,0.3,17.4,0.02,0.02,614.766,1776244408000
1776244410.3,210.3,0.71,49.6,0.7,17.4,0.73,5.0,0.74,5.0,0.27,5.0,0.26,5.0,0.29,49.6,0.3,17.4,0.02,0.02,614.769,1776244409000
1776244411.419,211.419,0.71,49.6,0.7,17.4,0.73,5.0,0.74,5.0,0.27,5.0,0.26,5.0,0.29,49.6,0.3,17.4,0.02,0.02,614.768,1776244410000
1776244412.498,212.498,0.71,49.6,0.7,17.4,0.73,5.0,0.74,5.0,0.27,5.0,0.26,5.0,0.29,49.6,0.3,17.4,0.02,0.02,614.768,1776244411000
1776244413.017,213.017,0.71,49.6,0.7,17.4,0.73,5.0,0.74,5.0,0.27,5.0,0.26,5.0,0.29,49.6,0.3,17.4,0.02,0.02,614.768,1776244412000
1776244414.034,214.034,0.71,49.6,0.7,17.4,0.73,5.0,0.74,5.0,0.27,5.0,0.26,5.0,0.29,49.6,0.3,17.4,0.02,0.02,614.764,1776244413000
1776244415.067,215.067,0.71,49.6,0.7,17.4,0.73,5.0,0.74,5.0,0.27,5.0,0.26,5.0,0.29,49.6,0.3,17.4,0.02,0.02,614.761,1776244414000
1776244416.303,216.303,0.86,5.0,0.85,30.0,0.88,1.62,0.89,5.0,0.27,5.0,0.26,5.0,0.29,49.6,0.3,17.4,0.02,0.02,614.761,1776244414000
1776244416.519,216.519,0.86,5.0,0.85,30.0,0.88,1.62,0.89,5.0,0.12,1.62,0.11,5.0,0.14,5.0,0.15,30.0,0.02,0.02,614.758,1776244415000
1776244417.041,217.041,0.86,5.0,0.85,30.0,0.88,1.62,0.89,5.0,0.12,1.62,0.11,5.0,0.14,5.0,0.15,30.0,0.02,0.02,614.758,1776244416000
1776244417.372,217.372,0.82,13.0,0.78,15.2,0.83,2.85,0.84,5.0,0.12,1.62,0.11,5.0,0.14,5.0,0.15,30.0,0.01,0.02,614.758,1776244416000
1776244417.609,217.609,0.82,5.0,0.79,15.7,0.83,2.85,0.84,5.0,0.17,2.85,0.16,5.0,0.18,13.0,0.22,15.2,0.01,0.01,614.758,1776244416000
1776244418.072,218.072,0.82,5.0,0.79,15.7,0.83,2.85,0.84,5.0,0.17,2.85,0.16,5.0,0.18,5.0,0.21,15.7,0.01,0.01,614.825989,1776244417000
1776244419.651,219.651,0.82,5.0,0.79,15.7,0.83,2.85,0.84,5.0,0.17,2.85,0.16,5.0,0.18,5.0,0.21,15.7,0.01,0.01,614.832645,1776244418000
1776244420.288,220.288,0.82,5.0,0.79,15.7,0.83,2.85,0.84,5.0,0.17,2.85,0.16,5.0,0.18,5.0,0.21,15.7,0.01,0.01,614.829645,1776244419000
1776244421.599,221.599,0.82,5.0,0.79,15.7,0.83,2.85,0.84,5.0,0.17,2.85,0.16,5.0,0.18,5.0,0.21,15.7,0.01,0.01,614.829906,1776244420000
1776244422.21,222.21,0.82,5.0,0.79,15.7,0.83,2.85,0.84,5.0,0.17,2.85,0.16,5.0,0.18,5.0,0.21,15.7,0.01,0.01,614.86,1776244421000
1776244423.417,223.417,0.82,5.0,0.79,15.7,0.83,2.85,0.84,5.0,0.17,2.85,0.16,5.0,0.18,5.0,0.21,15.7,0.01,0.01,614.888,1776244422000
1776244424.506,224.506,0.82,5.0,0.79,15.7,0.83,2.85,0.84,5.0,0.17,2.85,0.16,5.0,0.18,5.0,0.21,15.7,0.01,0.01,614.837202,1776244423000
1776244425.23,225.23,0.82,5.0,0.79,15.7,0.83,2.85,0.84,5.0,0.17,2.85,0.16,5.0,0.18,5.0,0.21,15.7,0.01,0.01,614.8371,1776244424000
1776244426.314,226.314,0.82,5.0,0.79,15.7,0.83,2.85,0.84,5.0,0.17,2.85,0.16,5.0,0.18,5.0,0.21,15.7,0.01,0.01,614.844558,1776244425000
1776244427.421,227.421,0.82,5.0,0.79,15.7,0.83,2.85,0.84,5.0,0.17,2.85,0.16,5.0,0.18,5.0,0.21,15.7,0.01,0.01,614.84439,1776244426000
1776244427.982,227.982,0.95,2.89,0.94,5.0,0.96,67.7,0.97,94.3,0.04,67.7,0.03,94.3,0.05,2.89,0.06,5.0,0.01,0.01,614.843438,1776244427000
1776244429.873,229.873,0.95,2.89,0.94,5.0,0.96,67.7,0.97,94.3,0.04,67.7,0.03,94.3,0.05,2.89,0.06,5.0,0.01,0.01,614.93,1776244428000
1776244430.631,230.631,0.95,2.89,0.94,5.0,0.96,67.7,0.97,94.3,0.04,67.7,0.03,94.3,0.05,2.89,0.06,5.0,0.01,0.01,614.985,1776244429000
1776244431.289,231.289,0.95,2.89,0.94,5.0,0.96,67.7,0.97,94.3,0.04,67.7,0.03,94.3,0.05,2.89,0.06,5.0,0.01,0.01,614.974,1776244430000
1776244432.629,232.629,0.95,2.89,0.94,5.0,0.96,67.7,0.97,94.3,0.04,67.7,0.03,94.3,0.05,2.89,0.06,5.0,0.01,0.01,614.978,1776244431000
1776244433.153,233.153,0.95,2.89,0.94,5.0,0.96,67.7,0.97,94.3,0.04,67.7,0.03,94.3,0.05,2.89,0.06,5.0,0.01,0.01,614.978,1776244432000
1776244434.419,234.419,0.95,2.89,0.94,5.0,0.96,67.7,0.97,94.3,0.04,67.7,0.03,94.3,0.05,2.89,0.06,5.0,0.01,0.01,614.978,1776244433000
1776244435.01,235.01,0.95,2.89,0.94,5.0,0.96,67.7,0.97,94.3,0.04,67.7,0.03,94.3,0.05,2.89,0.06,5.0,0.01,0.01,614.967,1776244434000
1776244436.314,236.314,0.95,2.89,0.94,5.0,0.96,67.7,0.97,94.3,0.04,67.7,0.03,94.3,0.05,2.89,0.06,5.0,0.01,0.01,614.954,1776244435000
1776244436.846,236.846,0.95,10.0,0.94,57.1,0.97,5.0,0.98,142.69,0.04,67.7,0.03,94.3,0.05,2.89,0.06,5.0,0.02,0.01,614.954,1776244435000
1776244438.039,238.039,0.95,10.0,0.94,57.1,0.97,5.0,0.98,142.69,0.03,5.0,0.02,142.69,0.05,10.0,0.06,57.1,0.02,0.02,614.949,1776244437000
1776244439.161,239.161,0.95,10.0,0.94,57.1,0.97,5.0,0.98,142.69,0.03,5.0,0.02,142.69,0.05,10.0,0.06,57.1,0.02,0.02,614.972,1776244438000
1776244440.326,240.326,0.95,10.0,0.94,57.1,0.97,5.0,0.98,142.69,0.03,5.0,0.02,142.69,0.05,10.0,0.06,57.1,0.02,0.02,614.971,1776244439000
1776244440.957,240.957,0.95,10.0,0.94,57.1,0.97,5.0,0.98,142.69,0.03,5.0,0.02,142.69,0.05,10.0,0.06,57.1,0.02,0.02,614.971,1776244440000
1776244442.304,242.304,0.95,5.0,0.94,46.1,0.96,3.95,0.97,5.0,0.04,3.95,0.03,5.0,0.05,5.0,0.06,46.1,0.01,0.01,614.97,1776244441000
1776244443.588,243.588,0.95,5.0,0.94,46.1,0.96,3.95,0.97,5.0,0.04,3.95,0.03,5.0,0.05,5.0,0.06,46.1,0.01,0.01,614.961,1776244442000
1776244444.197,244.197,0.95,5.0,0.94,46.1,0.96,3.95,0.97,5.0,0.04,3.95,0.03,5.0,0.05,5.0,0.06,46.1,0.01,0.01,614.961,1776244443000
1776244445.736,245.736,0.95,59.7,0.94,46.1,0.96,2.33,0.97,5.0,0.04,3.95,0.03,5.0,0.05,5.0,0.06,46.1,0.01,0.01,614.961,1776244443000
1776244446.295,246.295,0.95,59.7,0.94,46.1,0.96,2.33,0.97,5.0,0.04,2.33,0.03,5.0,0.05,59.7,0.06,46.1,0.01,0.01,614.920355,1776244445000
1776244447.231,247.231,0.95,59.7,0.94,46.1,0.96,2.33,0.97,5.0,0.04,2.33,0.03,5.0,0.05,59.7,0.06,46.1,0.01,0.01,614.914903,1776244446000
1776244448.226,248.226,0.95,59.7,0.94,46.1,0.96,2.33,0.97,5.0,0.04,2.33,0.03,5.0,0.05,59.7,0.06,46.1,0.01,0.01,614.92036,1776244447000
1776244448.486,248.486,0.95,59.7,0.94,46.1,0.96,5.24,0.97,5.0,0.04,2.33,0.03,5.0,0.05,59.7,0.06,46.1,0.01,0.01,614.92036,1776244447000
1776244449.285,249.285,0.95,59.7,0.94,46.1,0.96,5.24,0.97,5.0,0.04,5.24,0.03,5.0,0.05,59.7,0.06,46.1,0.01,0.01,614.921604,1776244448000
1776244450.26,250.26,0.95,59.7,0.94,46.1,0.96,5.24,0.97,5.0,0.04,5.24,0.03,5.0,0.05,59.7,0.06,46.1,0.01,0.01,614.916636,1776244449000
1776244451.265,251.265,0.95,59.7,0.94,46.1,0.96,5.24,0.97,5.0,0.04,5.24,0.03,5.0,0.05,59.7,0.06,46.1,0.01,0.01,614.916457,1776244450000
1776244452.341,252.341,0.95,59.7,0.94,46.1,0.96,5.24,0.97,5.0,0.04,5.24,0.03,5.0,0.05,59.7,0.06,46.1,0.01,0.01,614.91634,1776244451000
1776244452.915,252.915,0.95,59.7,0.94,46.1,0.96,5.24,0.97,5.0,0.04,5.24,0.03,5.0,0.05,59.7,0.06,46.1,0.01,0.01,614.911032,1776244452000
1776244453.888,253.888,0.95,59.7,0.94,46.1,0.96,5.24,0.97,5.0,0.04,5.24,0.03,5.0,0.05,59.7,0.06,46.1,0.01,0.01,614.91012,1776244453000
1776244454.854,254.854,0.95,59.7,0.94,46.1,0.96,5.24,0.97,5.0,0.04,5.24,0.03,5.0,0.05,59.7,0.06,46.1,0.01,0.01,614.91012,1776244454000
1776244455.937,255.937,0.95,59.7,0.94,46.1,0.96,5.24,0.97,5.0,0.04,5.24,0.03,5.0,0.05,59.7,0.06,46.1,0.01,0.01,614.909786,1776244455000
1776244456.874,256.874,0.95,59.7,0.94,46.1,0.96,5.24,0.97,5.0,0.04,5.24,0.03,5.0,0.05,59.7,0.06,46.1,0.01,0.01,614.909961,1776244456000
1776244458.026,258.026,0.95,59.7,0.94,46.1,0.96,5.24,0.97,5.0,0.04,5.24,0.03,5.0,0.05,59.7,0.06,46.1,0.01,0.01,614.911065,1776244457000
1776244458.752,258.752,0.95,59.7,0.94,46.1,0.96,3.7,0.97,5.0,0.04,5.24,0.03,5.0,0.05,59.7,0.06,46.1,0.01,0.01,614.911065,1776244457000
1776244459.223,259.223,0.95,59.7,0.94,46.1,0.96,3.7,0.97,5.0,0.04,3.7,0.03,5.0,0.05,59.7,0.06,46.1,0.01,0.01,614.916403,1776244458000
1776244460.346,260.346,0.95,59.7,0.94,46.1,0.96,3.7,0.97,5.0,0.04,3.7,0.03,5.0,0.05,59.7,0.06,46.1,0.01,0.01,614.910947,1776244459000
1776244460.936,260.936,0.95,59.7,0.94,46.1,0.96,3.7,0.97,5.0,0.04,3.7,0.03,5.0,0.05,59.7,0.06,46.1,0.01,0.01,614.910799,1776244460000
1776244462.06,262.06,0.95,59.7,0.94,46.1,0.96,3.7,0.97,5.0,0.04,3.7,0.03,5.0,0.05,59.7,0.06,46.1,0.01,0.01,614.908706,1776244461000
1776244463.442,263.442,0.56,14.38,0.55,20.6,0.91,50.0,0.96,55.0,0.09,50.0,0.04,55.0,0.44,14.38,0.45,20.6,0.35,0.35,614.908706,1776244462000
1776244464.059,264.059,0.56,14.38,0.55,20.6,0.91,50.0,0.96,55.0,0.09,50.0,0.04,55.0,0.44,14.38,0.45,20.6,0.35,0.35,614.815193,1776244463000
1776244465.014,265.014,0.56,14.38,0.55,20.6,0.91,50.0,0.96,55.0,0.09,50.0,0.04,55.0,0.44,14.38,0.45,20.6,0.35,0.35,614.741,1776244464000
1776244465.57,265.57,0.83,5.0,0.82,10.0,0.84,3.8,0.85,5.0,0.09,50.0,0.04,55.0,0.44,14.38,0.45,20.6,0.01,0.35,614.741,1776244464000
1776244466.226,266.226,0.83,5.0,0.82,10.0,0.84,3.8,0.85,5.0,0.16,3.8,0.15,5.0,0.17,5.0,0.18,10.0,0.01,0.01,614.677588,1776244465000
1776244467.31,267.31,0.83,5.0,0.82,10.0,0.84,3.8,0.85,5.0,0.16,3.8,0.15,5.0,0.17,5.0,0.18,10.0,0.01,0.01,614.707,1776244466000
1776244467.901,267.901,0.83,5.0,0.82,10.0,0.84,3.8,0.85,5.0,0.16,3.8,0.15,5.0,0.17,5.0,0.18,10.0,0.01,0.01,614.714776,1776244467000
1776244469.132,269.132,0.83,5.0,0.82,10.0,0.84,3.8,0.85,5.0,0.16,3.8,0.15,5.0,0.17,5.0,0.18,10.0,0.01,0.01,614.728,1776244468000
1776244470.17,270.17,0.84,43.0,0.83,16.0,0.94,5.0,0.95,59.7,0.16,3.8,0.15,5.0,0.17,5.0,0.18,10.0,0.1,0.01,614.728,1776244468000
1776244470.53,270.53,0.91,5.0,0.9,5.0,0.93,5.0,0.94,5.0,0.06,5.0,0.05,59.7,0.16,43.0,0.17,16.0,0.02,0.1,614.728,1776244468000
1776244472.635,272.635,0.91,5.0,0.9,5.0,0.93,5.0,0.94,5.0,0.07,5.0,0.06,5.0,0.09,5.0,0.1,5.0,0.02,0.02,614.75552,1776244470000
1776244473.393,273.393,0.91,5.0,0.9,5.0,0.93,5.0,0.94,5.0,0.07,5.0,0.06,5.0,0.09,5.0,0.1,5.0,0.02,0.02,614.774211,1776244472000
1776244474.349,274.349,0.91,5.0,0.9,5.0,0.93,5.0,0.94,5.0,0.07,5.0,0.06,5.0,0.09,5.0,0.1,5.0,0.02,0.02,614.775,1776244473000
1776244475.267,275.267,0.91,5.0,0.9,5.0,0.93,5.0,0.94,5.0,0.07,5.0,0.06,5.0,0.09,5.0,0.1,5.0,0.02,0.02,614.784,1776244474000
1776244476.818,276.818,0.91,5.0,0.9,5.0,0.93,5.0,0.94,5.0,0.07,5.0,0.06,5.0,0.09,5.0,0.1,5.0,0.02,0.02,614.776,1776244475000
1776244477.249,277.249,0.92,28.0,0.91,5.0,0.98,5.0,0.99,5410.0,0.07,5.0,0.06,5.0,0.09,5.0,0.1,5.0,0.06,0.02,614.776,1776244475000
1776244477.479,277.479,0.92,28.0,0.91,5.0,0.98,5.0,0.99,5410.0,0.02,5.0,0.01,5410.0,0.08,28.0,0.09,5.0,0.06,0.06,614.775,1776244476000
1776244478.233,278.233,0.92,28.0,0.91,5.0,0.98,5.0,0.99,5410.0,0.02,5.0,0.01,5410.0,0.08,28.0,0.09,5.0,0.06,0.06,614.792,1776244477000
1776244479.508,279.508,0.92,28.0,0.91,5.0,0.98,5.0,0.99,5410.0,0.02,5.0,0.01,5410.0,0.08,28.0,0.09,5.0,0.06,0.06,614.792,1776244478000
1776244480.183,280.183,0.92,28.0,0.91,5.0,0.98,5.0,0.99,5410.0,0.02,5.0,0.01,5410.0,0.08,28.0,0.09,5.0,0.06,0.06,614.801,1776244479000
1776244480.386,280.386,0.96,5.0,0.95,5.0,0.98,15.0,0.99,5410.0,0.02,5.0,0.01,5410.0,0.08,28.0,0.09,5.0,0.02,0.06,614.801,1776244479000
1776244481.555,281.555,0.96,5.0,0.95,5.0,0.98,15.0,0.99,5410.0,0.02,15.0,0.01,5410.0,0.04,5.0,0.05,5.0,0.02,0.02,614.797589,1776244480000
1776244482.212,282.212,0.96,5.0,0.95,5.0,0.98,15.0,0.99,5410.0,0.02,15.0,0.01,5410.0,0.04,5.0,0.05,5.0,0.02,0.02,614.796995,1776244481000
1776244483.574,283.574,0.96,5.0,0.95,5.0,0.98,15.0,0.99,5410.0,0.02,15.0,0.01,5410.0,0.04,5.0,0.05,5.0,0.02,0.02,614.792818,1776244482000
1776244484.223,284.223,0.96,5.0,0.95,5.0,0.98,15.0,0.99,5410.0,0.02,15.0,0.01,5410.0,0.04,5.0,0.05,5.0,0.02,0.02,614.792818,1776244483000
1776244485.618,285.618,0.96,5.0,0.95,5.0,0.98,15.0,0.99,5410.0,0.02,15.0,0.01,5410.0,0.04,5.0,0.05,5.0,0.02,0.02,614.74,1776244484000
1776244486.389,286.389,0.96,5.0,0.95,5.0,0.98,15.0,0.99,5410.0,0.02,15.0,0.01,5410.0,0.04,5.0,0.05,5.0,0.02,0.02,614.719,1776244485000
1776244487.112,287.112,0.97,3.48,0.96,5.0,0.98,10.0,0.99,5410.0,0.02,10.0,0.01,5410.0,0.03,3.48,0.04,5.0,0.01,0.01,614.719,1776244486000
1776244488.584,288.584,0.97,3.48,0.96,5.0,0.98,10.0,0.99,5410.0,0.02,10.0,0.01,5410.0,0.03,3.48,0.04,5.0,0.01,0.01,614.758,1776244487000
1776244489.26,289.26,0.97,3.48,0.96,5.0,0.98,10.0,0.99,5410.0,0.02,10.0,0.01,5410.0,0.03,3.48,0.04,5.0,0.01,0.01,614.752,1776244488000
1776244489.935,289.935,0.83,5.0,0.82,5.0,0.97,5.0,0.98,15.0,0.02,10.0,0.01,5410.0,0.03,3.48,0.04,5.0,0.14,0.01,614.752,1776244488000
1776244490.231,290.231,0.51,50.0,0.41,50.0,0.69,5.0,0.7,5.0,0.16,5.0,0.15,5.0,0.32,11.18,0.49,50.0,0.18,0.16,614.752,1776244489000
1776244490.532,290.532,0.61,5.0,0.6,5.0,0.64,4.99,0.65,5.0,0.31,5.0,0.3,5.0,0.49,50.0,0.59,50.0,0.03,0.18,614.752,1776244489000
1776244491.654,291.654,0.9,3.83,0.89,5.0,0.91,50.0,0.93,5.0,0.36,4.99,0.35,5.0,0.39,5.0,0.4,5.0,0.01,0.03,614.752,1776244489000
1776244492.504,292.504,0.9,3.83,0.89,5.0,0.91,50.0,0.93,5.0,0.09,50.0,0.07,5.0,0.1,3.83,0.11,5.0,0.01,0.01,614.614,1776244491000
1776244493.028,293.028,0.97,5.0,0.96,5.0,0.98,3.92,0.99,305.0,0.02,3.92,0.01,305.0,0.03,5.0,0.04,5.0,0.01,0.01,614.674,1776244492000
1776244493.942,293.942,0.97,5.0,0.96,5.0,0.98,3.92,0.99,305.0,0.02,3.92,0.01,305.0,0.03,5.0,0.04,5.0,0.01,0.01,614.674,1776244493000
1776244494.338,294.338,0.98,22.0,0.97,5.0,0.99,164.79,,,0.02,3.92,0.01,305.0,0.03,5.0,0.04,5.0,0.01,0.01,614.674,1776244493000
1776244494.543,294.543,0.98,22.0,0.97,5.0,0.99,163.27,,,0.01,164.79,,,0.02,22.0,0.03,5.0,0.01,0.01,614.674,1776244493000
1776244494.916,294.916,0.98,22.0,0.97,5.0,0.99,163.27,,,0.01,163.27,,,0.02,22.0,0.03,5.0,0.01,0.01,614.71,1776244494000
1776244495.649,295.649,0.99,951.73,0.98,22.0,,,,,0.01,48.27,,,0.02,22.0,0.03,5.0,,0.01,614.71,1776244494000
1776244495.939,295.939,0.99,951.73,0.98,22.0,,,,,,,,,0.01,951.73,0.02,22.0,,,614.716385,1776244495000
1776244496.942,296.942,0.99,951.73,0.98,22.0,,,,,,,,,0.01,951.73,0.02,22.0,,,614.789,1776244496000
1776244497.86,297.86,0.99,951.73,0.98,22.0,,,,,,,,,0.01,951.73,0.02,22.0,,,614.793,1776244497000
1776244498.859,298.859,0.99,951.73,0.98,22.0,,,,,,,,,0.01,951.73,0.02,22.0,,,614.793,1776244498000
1776244499.896,299.896,0.99,951.73,0.98,22.0,,,,,,,,,0.01,951.73,0.02,22.0,,,614.796,1776244499000
1776244500.91,300.91,0.99,951.73,0.98,22.0,,,,,,,,,0.01,951.73,0.02,22.0,,,614.799,1776244500000
1776244501.984,301.984,0.99,951.73,0.98,22.0,,,,,,,,,0.01,951.73,0.02,22.0,,,614.799,1776244501000
1776244502.959,302.959,0.99,951.73,0.98,22.0,,,,,,,,,0.01,951.73,0.02,22.0,,,614.798,1776244502000
