timestamp,elapsed_sec,up_bid_p1,up_bid_s1,up_bid_p2,up_bid_s2,up_ask_p1,up_ask_s1,up_ask_p2,up_ask_s2,down_bid_p1,down_bid_s1,down_bid_p2,down_bid_s2,down_ask_p1,down_ask_s1,down_ask_p2,down_ask_s2,up_spread,down_spread,bnb_price,bnb_oracle_ts
1776231901.35,1.35,,,,,,,,,,,,,,,,,,,613.51097,1776231900000
1776231901.801,1.801,0.52,5.0,0.47,21.0,0.53,21.0,0.54,21.0,0.47,21.0,0.46,21.0,0.48,5.0,0.53,21.0,0.01,0.01,613.51097,1776231900000
1776231903.091,3.091,0.52,5.0,0.47,21.0,0.53,21.0,0.54,21.0,0.47,21.0,0.46,21.0,0.48,5.0,0.53,21.0,0.01,0.01,613.51,1776231902000
1776231904.334,4.334,0.52,5.0,0.47,21.0,0.53,21.0,0.54,21.0,0.47,21.0,0.46,21.0,0.48,5.0,0.53,21.0,0.01,0.01,613.503444,1776231903000
1776231905.39,5.39,0.52,5.0,0.47,21.0,0.53,21.0,0.54,21.0,0.47,21.0,0.46,21.0,0.48,5.0,0.53,21.0,0.01,0.01,613.498072,1776231904000
1776231905.874,5.874,0.52,5.0,0.47,21.0,0.53,21.0,0.54,21.0,0.47,21.0,0.46,21.0,0.48,5.0,0.53,21.0,0.01,0.01,613.50027,1776231905000
1776231906.957,6.957,0.52,5.0,0.47,21.0,0.53,21.0,0.54,21.0,0.47,21.0,0.46,21.0,0.48,5.0,0.53,21.0,0.01,0.01,613.50071,1776231906000
1776231908.052,8.052,0.52,5.0,0.47,21.0,0.53,21.0,0.54,21.0,0.47,21.0,0.46,21.0,0.48,5.0,0.53,21.0,0.01,0.01,613.49395,1776231907000
1776231908.94,8.94,0.52,5.0,0.47,21.0,0.53,21.0,0.54,21.0,0.47,21.0,0.46,21.0,0.48,5.0,0.53,21.0,0.01,0.01,613.4938,1776231908000
1776231910.19,10.19,0.52,5.0,0.47,21.0,0.53,21.0,0.54,21.0,0.47,21.0,0.46,21.0,0.48,5.0,0.53,21.0,0.01,0.01,613.49215,1776231909000
1776231911.104,11.104,0.52,5.0,0.47,21.0,0.53,21.0,0.54,21.0,0.47,21.0,0.46,21.0,0.48,5.0,0.53,21.0,0.01,0.01,613.49209,1776231910000
1776231912.142,12.142,0.52,5.0,0.47,21.0,0.53,21.0,0.54,21.0,0.47,21.0,0.46,21.0,0.48,5.0,0.53,21.0,0.01,0.01,613.49142,1776231911000
1776231913.035,13.035,0.52,5.0,0.47,21.0,0.53,21.0,0.54,21.0,0.47,21.0,0.46,21.0,0.48,5.0,0.53,21.0,0.01,0.01,613.49665,1776231912000
1776231914.147,14.147,0.52,5.0,0.47,21.0,0.53,21.0,0.54,21.0,0.47,21.0,0.46,21.0,0.48,5.0,0.53,21.0,0.01,0.01,613.479813,1776231913000
1776231915.068,15.068,0.52,5.0,0.47,21.0,0.53,21.0,0.54,21.0,0.47,21.0,0.46,21.0,0.48,5.0,0.53,21.0,0.01,0.01,613.44159,1776231914000
1776231915.38,15.38,0.47,8.65,0.46,21.0,0.49,6.0,0.5,5.0,0.47,21.0,0.46,21.0,0.48,5.0,0.53,21.0,0.02,0.01,613.44159,1776231914000
1776231916.009,16.009,0.47,8.65,0.46,21.0,0.49,6.0,0.5,5.0,0.51,6.0,0.5,5.0,0.53,8.65,0.54,21.0,0.02,0.02,613.44606,1776231915000
1776231917.076,17.076,0.47,8.65,0.46,21.0,0.49,6.0,0.5,5.0,0.51,6.0,0.5,5.0,0.53,8.65,0.54,21.0,0.02,0.02,613.414504,1776231916000
1776231917.281,17.281,0.46,21.0,0.45,5.0,0.48,6.0,0.49,5.0,0.51,6.0,0.5,5.0,0.53,8.65,0.54,21.0,0.02,0.02,613.414504,1776231916000
1776231918.026,18.026,0.46,21.0,0.45,5.0,0.48,6.0,0.49,5.0,0.52,6.0,0.51,5.0,0.54,21.0,0.55,5.0,0.02,0.02,613.414415,1776231917000
1776231919.02,19.02,0.46,16.0,0.45,5.0,0.48,6.0,0.5,5.0,0.52,6.0,0.5,5.0,0.54,16.0,0.55,5.0,0.02,0.02,613.40169,1776231918000
1776231919.231,19.231,0.46,10.8,0.45,5.0,0.48,11.0,0.5,5.0,0.52,6.0,0.5,5.0,0.54,16.0,0.55,5.0,0.02,0.02,613.40169,1776231918000
1776231920.008,20.008,0.46,10.8,0.45,5.0,0.48,11.0,0.5,5.0,0.52,11.0,0.5,5.0,0.54,10.8,0.55,5.0,0.02,0.02,613.40665,1776231919000
1776231920.963,20.963,0.46,10.8,0.45,5.0,0.48,11.0,0.5,5.0,0.52,11.0,0.5,5.0,0.54,10.8,0.55,5.0,0.02,0.02,613.413948,1776231920000
1776231921.576,21.576,0.46,10.8,0.45,5.0,0.48,8.75,0.5,5.0,0.52,11.0,0.5,5.0,0.54,10.8,0.55,5.0,0.02,0.02,613.413948,1776231920000
1776231922.092,22.092,0.46,10.8,0.45,5.0,0.48,8.75,0.5,5.0,0.52,8.75,0.5,5.0,0.54,10.8,0.55,5.0,0.02,0.02,613.41749,1776231921000
1776231923.127,23.127,0.46,10.8,0.45,5.0,0.48,8.75,0.5,5.0,0.52,8.75,0.5,5.0,0.54,10.8,0.55,5.0,0.02,0.02,613.42051,1776231922000
1776231924.304,24.304,0.46,10.8,0.45,5.0,0.48,8.75,0.5,5.0,0.52,8.75,0.5,5.0,0.54,10.8,0.55,5.0,0.02,0.02,613.42404,1776231923000
1776231925.475,25.475,0.46,10.8,0.45,5.0,0.48,8.75,0.5,5.0,0.52,8.75,0.5,5.0,0.54,10.8,0.55,5.0,0.02,0.02,613.41637,1776231924000
1776231926.065,26.065,0.46,10.8,0.45,5.0,0.48,8.75,0.5,5.0,0.52,8.75,0.5,5.0,0.54,10.8,0.55,5.0,0.02,0.02,613.4171,1776231925000
1776231927.615,27.615,0.46,10.8,0.45,5.0,0.48,8.75,0.5,5.0,0.52,8.75,0.5,5.0,0.54,10.8,0.55,5.0,0.02,0.02,613.40851,1776231926000
1776231928.231,28.231,0.46,10.8,0.45,5.0,0.48,8.75,0.5,5.0,0.52,8.75,0.5,5.0,0.54,10.8,0.55,5.0,0.02,0.02,613.40742,1776231927000
1776231929.295,29.295,0.46,10.8,0.45,5.0,0.49,5.0,0.51,5.0,0.52,8.75,0.5,5.0,0.54,10.8,0.55,5.0,0.03,0.02,613.40742,1776231927000
1776231929.631,29.631,0.46,10.8,0.45,5.0,0.49,5.0,0.51,5.0,0.51,5.0,0.49,5.0,0.54,10.8,0.55,5.0,0.03,0.03,613.40705,1776231928000
1776231930.245,30.245,0.46,10.8,0.45,5.0,0.49,5.0,0.51,5.0,0.51,5.0,0.49,5.0,0.54,10.8,0.55,5.0,0.03,0.03,613.41337,1776231929000
1776231931.547,31.547,0.46,10.8,0.45,5.0,0.49,5.0,0.51,5.0,0.51,5.0,0.49,5.0,0.54,10.8,0.55,5.0,0.03,0.03,613.4121,1776231930000
1776231932.167,32.167,0.46,10.8,0.45,5.0,0.49,5.0,0.51,5.0,0.51,5.0,0.49,5.0,0.54,10.8,0.55,5.0,0.03,0.03,613.46837,1776231931000
1776231933.536,33.536,0.46,10.8,0.45,5.0,0.49,5.0,0.51,5.0,0.51,5.0,0.49,5.0,0.54,10.8,0.55,5.0,0.03,0.03,613.4838,1776231932000
1776231934.103,34.103,0.46,10.8,0.45,5.0,0.49,5.0,0.51,5.0,0.51,5.0,0.49,5.0,0.54,10.8,0.55,5.0,0.03,0.03,613.49096,1776231933000
1776231935.507,35.507,0.46,10.8,0.45,5.0,0.49,5.0,0.51,5.0,0.51,5.0,0.49,5.0,0.54,10.8,0.55,5.0,0.03,0.03,613.49319,1776231934000
1776231936.165,36.165,0.46,10.8,0.45,5.0,0.49,5.0,0.51,5.0,0.51,5.0,0.49,5.0,0.54,10.8,0.55,5.0,0.03,0.03,613.4893,1776231935000
1776231937.536,37.536,0.46,10.8,0.45,5.0,0.49,5.0,0.51,5.0,0.51,5.0,0.49,5.0,0.54,10.8,0.55,5.0,0.03,0.03,613.45105,1776231936000
1776231938.596,38.596,0.46,10.8,0.45,5.0,0.49,5.0,0.51,5.0,0.51,5.0,0.49,5.0,0.54,10.8,0.55,5.0,0.03,0.03,613.4488,1776231937000
1776231939.133,39.133,0.46,5.8,0.45,5.0,0.51,5.0,0.53,26.0,0.49,5.0,0.47,26.0,0.54,5.8,0.55,5.0,0.05,0.05,613.44803,1776231938000
1776231940.21,40.21,0.46,5.8,0.45,5.0,0.51,5.0,0.53,26.0,0.49,5.0,0.47,26.0,0.54,5.8,0.55,5.0,0.05,0.05,613.45644,1776231939000
1776231941.198,41.198,0.46,5.8,0.45,5.0,0.51,5.0,0.53,26.0,0.49,5.0,0.47,26.0,0.54,5.8,0.55,5.0,0.05,0.05,613.45633,1776231940000
1776231942.234,42.234,0.46,5.8,0.45,5.0,0.51,5.0,0.53,26.0,0.49,5.0,0.47,26.0,0.54,5.8,0.55,5.0,0.05,0.05,613.44129,1776231941000
1776231943.254,43.254,0.46,5.8,0.45,5.0,0.51,5.0,0.53,26.0,0.49,5.0,0.47,26.0,0.54,5.8,0.55,5.0,0.05,0.05,613.44064,1776231942000
1776231944.236,44.236,0.46,5.8,0.45,5.0,0.51,5.0,0.53,26.0,0.49,5.0,0.47,26.0,0.54,5.8,0.55,5.0,0.05,0.05,613.4522,1776231943000
1776231945.251,45.251,0.46,5.8,0.45,5.0,0.51,5.0,0.53,26.0,0.49,5.0,0.47,26.0,0.54,5.8,0.55,5.0,0.05,0.05,613.4449,1776231944000
1776231946.267,46.267,0.46,5.8,0.45,5.0,0.51,5.0,0.53,26.0,0.49,5.0,0.47,26.0,0.54,5.8,0.55,5.0,0.05,0.05,613.466326,1776231945000
1776231947.293,47.293,0.46,5.8,0.45,5.0,0.51,5.0,0.53,26.0,0.49,5.0,0.47,26.0,0.54,5.8,0.55,5.0,0.05,0.05,613.4471,1776231946000
1776231948.308,48.308,0.46,5.8,0.45,5.0,0.51,5.0,0.53,26.0,0.49,5.0,0.47,26.0,0.54,5.8,0.55,5.0,0.05,0.05,613.44747,1776231947000
1776231949.312,49.312,0.46,5.8,0.45,5.0,0.51,5.0,0.53,26.0,0.49,5.0,0.47,26.0,0.54,5.8,0.55,5.0,0.05,0.05,613.45154,1776231948000
1776231950.314,50.314,0.46,5.8,0.45,5.0,0.51,5.0,0.53,26.0,0.49,5.0,0.47,26.0,0.54,5.8,0.55,5.0,0.05,0.05,613.45583,1776231949000
1776231951.658,51.658,0.46,5.8,0.45,5.0,0.51,5.0,0.53,26.0,0.49,5.0,0.47,26.0,0.54,5.8,0.55,5.0,0.05,0.05,613.46907,1776231950000
1776231952.205,52.205,0.46,5.8,0.45,5.0,0.51,5.0,0.53,26.0,0.49,5.0,0.47,26.0,0.54,5.8,0.55,5.0,0.05,0.05,613.46907,1776231951000
1776231953.275,53.275,0.46,5.8,0.45,5.0,0.51,5.0,0.53,26.0,0.49,5.0,0.47,26.0,0.54,5.8,0.55,5.0,0.05,0.05,613.47695,1776231952000
1776231954.358,54.358,0.46,5.8,0.45,5.0,0.51,5.0,0.53,26.0,0.49,5.0,0.47,26.0,0.54,5.8,0.55,5.0,0.05,0.05,613.4723,1776231953000
1776231955.373,55.373,0.46,5.8,0.45,5.0,0.51,5.0,0.53,26.0,0.49,5.0,0.47,26.0,0.54,5.8,0.55,5.0,0.05,0.05,613.46143,1776231954000
1776231955.816,55.816,0.45,5.0,0.35,10.0,0.47,35.0,0.5,12.0,0.53,10.0,0.5,12.0,0.54,0.3,0.55,5.0,0.02,0.01,613.46143,1776231954000
1776231956.978,56.978,0.35,10.0,0.31,55.0,0.46,12.0,0.47,35.0,0.54,12.0,0.53,35.0,0.65,10.0,0.69,55.0,0.11,0.11,613.411393,1776231956000
1776231957.95,57.95,0.35,10.0,0.31,55.0,0.46,12.0,0.47,35.0,0.54,12.0,0.53,35.0,0.65,10.0,0.69,55.0,0.11,0.11,613.395399,1776231957000
1776231958.956,58.956,0.35,10.0,0.31,55.0,0.46,12.0,0.47,35.0,0.54,12.0,0.53,35.0,0.65,10.0,0.69,55.0,0.11,0.11,613.40795,1776231958000
1776231960.023,60.023,0.35,10.0,0.31,55.0,0.46,12.0,0.47,35.0,0.54,12.0,0.53,35.0,0.65,10.0,0.69,55.0,0.11,0.11,613.40804,1776231959000
1776231961.132,61.132,0.35,10.0,0.31,55.0,0.46,12.0,0.47,35.0,0.54,12.0,0.53,35.0,0.65,10.0,0.69,55.0,0.11,0.11,613.40959,1776231960000
1776231962.216,62.216,0.35,10.0,0.31,55.0,0.46,12.0,0.47,35.0,0.54,12.0,0.53,35.0,0.65,10.0,0.69,55.0,0.11,0.11,613.40288,1776231961000
1776231963.28,63.28,0.35,10.0,0.31,55.0,0.46,12.0,0.47,35.0,0.54,12.0,0.53,35.0,0.65,10.0,0.69,55.0,0.11,0.11,613.39968,1776231962000
1776231964.345,64.345,0.35,10.0,0.31,55.0,0.46,12.0,0.47,35.0,0.54,12.0,0.53,35.0,0.65,10.0,0.69,55.0,0.11,0.11,613.390919,1776231963000
1776231965.286,65.286,0.35,10.0,0.31,55.0,0.46,12.0,0.47,35.0,0.54,12.0,0.53,35.0,0.65,10.0,0.69,55.0,0.11,0.11,613.38078,1776231964000
1776231966.376,66.376,0.35,10.0,0.31,55.0,0.46,12.0,0.47,35.0,0.54,12.0,0.53,35.0,0.65,10.0,0.69,55.0,0.11,0.11,613.36506,1776231965000
1776231967.337,67.337,0.35,10.0,0.31,55.0,0.46,12.0,0.47,35.0,0.54,12.0,0.53,35.0,0.65,10.0,0.69,55.0,0.11,0.11,613.36508,1776231966000
1776231968.522,68.522,0.35,10.0,0.31,55.0,0.46,12.0,0.47,35.0,0.54,12.0,0.53,35.0,0.65,10.0,0.69,55.0,0.11,0.11,613.35062,1776231967000
1776231969.264,69.264,0.35,10.0,0.31,55.0,0.46,12.0,0.47,35.0,0.54,12.0,0.53,35.0,0.65,10.0,0.69,55.0,0.11,0.11,613.35066,1776231968000
1776231970.556,70.556,0.35,10.0,0.31,55.0,0.46,12.0,0.47,35.0,0.54,12.0,0.53,35.0,0.65,10.0,0.69,55.0,0.11,0.11,613.35577,1776231969000
1776231971.15,71.15,0.35,10.0,0.31,55.0,0.46,12.0,0.47,35.0,0.54,12.0,0.53,35.0,0.65,10.0,0.69,55.0,0.11,0.11,613.33915,1776231970000
1776231972.418,72.418,0.35,10.0,0.31,55.0,0.46,12.0,0.47,35.0,0.54,12.0,0.53,35.0,0.65,10.0,0.69,55.0,0.11,0.11,613.36208,1776231971000
1776231973.094,73.094,0.35,10.0,0.31,55.0,0.46,12.0,0.47,35.0,0.54,12.0,0.53,35.0,0.65,10.0,0.69,55.0,0.11,0.11,613.36334,1776231972000
1776231974.353,74.353,0.35,10.0,0.31,55.0,0.46,12.0,0.47,35.0,0.54,12.0,0.53,35.0,0.65,10.0,0.69,55.0,0.11,0.11,613.36222,1776231973000
1776231975.042,75.042,0.35,10.0,0.31,55.0,0.46,12.0,0.47,35.0,0.54,12.0,0.53,35.0,0.65,10.0,0.69,55.0,0.11,0.11,613.36094,1776231974000
1776231976.375,76.375,0.35,10.0,0.31,55.0,0.46,12.0,0.47,35.0,0.54,12.0,0.53,35.0,0.65,10.0,0.69,55.0,0.11,0.11,613.38025,1776231975000
1776231977.117,77.117,0.35,10.0,0.31,55.0,0.46,12.0,0.47,35.0,0.54,12.0,0.53,35.0,0.65,10.0,0.69,55.0,0.11,0.11,613.36792,1776231976000
1776231978.242,78.242,0.35,10.0,0.31,55.0,0.46,12.0,0.47,35.0,0.54,12.0,0.53,35.0,0.65,10.0,0.69,55.0,0.11,0.11,613.36811,1776231977000
1776231979.469,79.469,0.35,10.0,0.31,55.0,0.46,12.0,0.47,35.0,0.54,12.0,0.53,35.0,0.65,10.0,0.69,55.0,0.11,0.11,613.37005,1776231978000
1776231980.091,80.091,0.35,10.0,0.31,55.0,0.46,12.0,0.47,35.0,0.54,12.0,0.53,35.0,0.65,10.0,0.69,55.0,0.11,0.11,613.36981,1776231979000
1776231981.434,81.434,0.34,4.02,0.33,11.8,0.43,12.0,0.44,10.0,0.54,12.0,0.53,35.0,0.65,10.0,0.69,55.0,0.09,0.11,613.36981,1776231979000
1776231981.792,81.792,0.34,4.02,0.33,11.8,0.43,12.0,0.44,10.0,0.57,12.0,0.56,10.0,0.66,4.02,0.67,11.8,0.09,0.09,613.36501,1776231980000
1776231982.325,82.325,0.34,4.02,0.33,11.8,0.43,12.0,0.44,10.0,0.57,12.0,0.56,10.0,0.66,4.02,0.67,11.8,0.09,0.09,613.391,1776231981000
1776231983.38,83.38,0.34,4.02,0.33,11.8,0.43,12.0,0.44,10.0,0.57,12.0,0.56,10.0,0.66,4.02,0.67,11.8,0.09,0.09,613.38835,1776231982000
1776231984.319,84.319,0.34,4.02,0.33,11.8,0.43,12.0,0.44,10.0,0.57,12.0,0.56,10.0,0.66,4.02,0.67,11.8,0.09,0.09,613.38215,1776231983000
1776231985.295,85.295,0.34,4.02,0.33,11.8,0.43,12.0,0.44,10.0,0.57,12.0,0.56,10.0,0.66,4.02,0.67,11.8,0.09,0.09,613.389,1776231984000
1776231986.301,86.301,0.34,4.02,0.33,11.8,0.43,12.0,0.44,10.0,0.57,12.0,0.56,10.0,0.66,4.02,0.67,11.8,0.09,0.09,613.39055,1776231985000
1776231987.235,87.235,0.34,4.02,0.33,11.8,0.43,12.0,0.44,10.0,0.57,12.0,0.56,10.0,0.66,4.02,0.67,11.8,0.09,0.09,613.38624,1776231986000
1776231988.213,88.213,0.34,4.02,0.33,11.8,0.43,12.0,0.44,10.0,0.57,12.0,0.56,10.0,0.66,4.02,0.67,11.8,0.09,0.09,613.37583,1776231987000
1776231989.267,89.267,0.34,4.02,0.33,11.8,0.43,12.0,0.44,10.0,0.57,12.0,0.56,10.0,0.66,4.02,0.67,11.8,0.09,0.09,613.37096,1776231988000
1776231990.272,90.272,0.34,4.02,0.33,11.8,0.43,12.0,0.44,10.0,0.57,12.0,0.56,10.0,0.66,4.02,0.67,11.8,0.09,0.09,613.39403,1776231989000
1776231991.176,91.176,0.34,4.02,0.33,11.8,0.43,12.0,0.44,10.0,0.57,12.0,0.56,10.0,0.66,4.02,0.67,11.8,0.09,0.09,613.37046,1776231990000
1776231992.246,92.246,0.34,4.02,0.33,11.8,0.43,12.0,0.44,10.0,0.57,12.0,0.56,10.0,0.66,4.02,0.67,11.8,0.09,0.09,613.36348,1776231991000
1776231993.273,93.273,0.34,4.02,0.33,11.8,0.43,12.0,0.44,10.0,0.57,12.0,0.56,10.0,0.66,4.02,0.67,11.8,0.09,0.09,613.38536,1776231992000
1776231994.719,94.719,0.34,4.02,0.33,11.8,0.43,12.0,0.44,10.0,0.57,12.0,0.56,10.0,0.66,4.02,0.67,11.8,0.09,0.09,613.36617,1776231993000
1776231995.257,95.257,0.34,4.02,0.33,11.8,0.43,12.0,0.44,10.0,0.57,12.0,0.56,10.0,0.66,4.02,0.67,11.8,0.09,0.09,613.36617,1776231994000
1776231996.14,96.14,0.34,4.02,0.33,11.8,0.43,12.0,0.44,10.0,0.57,12.0,0.56,10.0,0.66,4.02,0.67,11.8,0.09,0.09,613.3642,1776231995000
1776231997.063,97.063,0.34,4.02,0.33,11.8,0.43,12.0,0.44,10.0,0.57,12.0,0.56,10.0,0.66,4.02,0.67,11.8,0.09,0.09,613.39499,1776231996000
1776231998.054,98.054,0.34,4.02,0.33,11.8,0.43,12.0,0.44,10.0,0.57,12.0,0.56,10.0,0.66,4.02,0.67,11.8,0.09,0.09,613.38682,1776231997000
1776231999.013,99.013,0.34,4.02,0.33,11.8,0.43,12.0,0.44,10.0,0.57,12.0,0.56,10.0,0.66,4.02,0.67,11.8,0.09,0.09,613.37871,1776231998000
1776232000.007,100.007,0.34,4.02,0.33,11.8,0.43,12.0,0.44,10.0,0.57,12.0,0.56,10.0,0.66,4.02,0.67,11.8,0.09,0.09,613.37859,1776231999000
1776232000.982,100.982,0.34,4.02,0.33,11.8,0.43,12.0,0.44,10.0,0.57,12.0,0.56,10.0,0.66,4.02,0.67,11.8,0.09,0.09,613.40779,1776232000000
1776232001.949,101.949,0.34,4.02,0.33,11.8,0.43,12.0,0.44,10.0,0.57,12.0,0.56,10.0,0.66,4.02,0.67,11.8,0.09,0.09,613.42458,1776232001000
1776232002.894,102.894,0.34,4.02,0.33,11.8,0.43,12.0,0.44,10.0,0.57,12.0,0.56,10.0,0.66,4.02,0.67,11.8,0.09,0.09,613.40677,1776232002000
1776232003.801,103.801,0.46,5.0,0.44,5.0,0.47,8.87,0.48,5.0,0.57,12.0,0.56,10.0,0.66,4.02,0.67,11.8,0.01,0.09,613.40677,1776232002000
1776232004.256,104.256,0.46,5.0,0.44,5.0,0.57,5.0,0.59,5.0,0.53,8.87,0.52,5.0,0.54,5.0,0.56,5.0,0.11,0.01,613.47723,1776232003000
1776232004.907,104.907,0.46,5.0,0.44,5.0,0.57,5.0,0.59,5.0,0.43,5.0,0.41,5.0,0.54,5.0,0.56,5.0,0.11,0.11,613.47512,1776232004000
1776232005.85,105.85,0.46,5.0,0.44,5.0,0.57,5.0,0.59,5.0,0.43,5.0,0.41,5.0,0.54,5.0,0.56,5.0,0.11,0.11,613.52507,1776232005000
1776232007.356,107.356,0.46,5.0,0.44,5.0,0.57,5.0,0.59,5.0,0.43,5.0,0.41,5.0,0.54,5.0,0.56,5.0,0.11,0.11,613.52693,1776232006000
1776232007.962,107.962,0.46,5.0,0.44,5.0,0.57,5.0,0.59,5.0,0.43,5.0,0.41,5.0,0.54,5.0,0.56,5.0,0.11,0.11,613.52635,1776232007000
1776232008.982,108.982,0.46,5.0,0.44,5.0,0.57,5.0,0.59,5.0,0.43,5.0,0.41,5.0,0.54,5.0,0.56,5.0,0.11,0.11,613.521395,1776232008000
1776232010.037,110.037,0.46,5.0,0.44,5.0,0.57,5.0,0.59,5.0,0.43,5.0,0.41,5.0,0.54,5.0,0.56,5.0,0.11,0.11,613.48065,1776232009000
1776232011.027,111.027,0.46,5.0,0.44,5.0,0.57,5.0,0.59,5.0,0.43,5.0,0.41,5.0,0.54,5.0,0.56,5.0,0.11,0.11,613.47919,1776232010000
1776232012.071,112.071,0.46,5.0,0.44,5.0,0.57,5.0,0.59,5.0,0.43,5.0,0.41,5.0,0.54,5.0,0.56,5.0,0.11,0.11,613.492,1776232011000
1776232013.072,113.072,0.46,5.0,0.44,5.0,0.57,5.0,0.59,5.0,0.43,5.0,0.41,5.0,0.54,5.0,0.56,5.0,0.11,0.11,613.49,1776232012000
1776232014.174,114.174,0.46,5.0,0.44,5.0,0.57,5.0,0.59,5.0,0.43,5.0,0.41,5.0,0.54,5.0,0.56,5.0,0.11,0.11,613.48941,1776232013000
1776232015.237,115.237,0.46,5.0,0.44,5.0,0.57,5.0,0.59,5.0,0.43,5.0,0.41,5.0,0.54,5.0,0.56,5.0,0.11,0.11,613.489,1776232014000
1776232016.22,116.22,0.46,5.0,0.44,5.0,0.57,5.0,0.59,5.0,0.43,5.0,0.41,5.0,0.54,5.0,0.56,5.0,0.11,0.11,613.48728,1776232015000
1776232017.255,117.255,0.46,5.0,0.44,5.0,0.57,5.0,0.59,5.0,0.43,5.0,0.41,5.0,0.54,5.0,0.56,5.0,0.11,0.11,613.491,1776232016000
1776232018.24,118.24,0.46,5.0,0.44,5.0,0.57,5.0,0.59,5.0,0.43,5.0,0.41,5.0,0.54,5.0,0.56,5.0,0.11,0.11,613.491,1776232017000
1776232019.475,119.475,0.46,5.0,0.44,5.0,0.57,5.0,0.59,5.0,0.43,5.0,0.41,5.0,0.54,5.0,0.56,5.0,0.11,0.11,613.492,1776232018000
1776232020.01,120.01,0.46,5.0,0.44,5.0,0.57,5.0,0.59,5.0,0.43,5.0,0.41,5.0,0.54,5.0,0.56,5.0,0.11,0.11,613.491,1776232019000
1776232021.088,121.088,0.46,5.0,0.44,5.0,0.57,5.0,0.59,5.0,0.43,5.0,0.41,5.0,0.54,5.0,0.56,5.0,0.11,0.11,613.491,1776232020000
1776232022.281,122.281,0.46,5.0,0.44,5.0,0.57,5.0,0.59,5.0,0.43,5.0,0.41,5.0,0.54,5.0,0.56,5.0,0.11,0.11,613.491,1776232021000
1776232023.668,123.668,0.46,5.0,0.44,5.0,0.57,5.0,0.59,5.0,0.43,5.0,0.41,5.0,0.54,5.0,0.56,5.0,0.11,0.11,613.50322,1776232022000
1776232024.388,124.388,0.46,5.0,0.44,5.0,0.57,5.0,0.59,5.0,0.43,5.0,0.41,5.0,0.54,5.0,0.56,5.0,0.11,0.11,613.51411,1776232023000
1776232024.999,124.999,0.46,5.0,0.44,5.0,0.57,5.0,0.59,5.0,0.43,5.0,0.41,5.0,0.54,5.0,0.56,5.0,0.11,0.11,613.51254,1776232024000
1776232026.252,126.252,0.46,5.0,0.44,5.0,0.57,5.0,0.59,5.0,0.43,5.0,0.41,5.0,0.54,5.0,0.56,5.0,0.11,0.11,613.50637,1776232025000
1776232027.453,127.453,0.46,5.0,0.44,5.0,0.57,5.0,0.59,5.0,0.43,5.0,0.41,5.0,0.54,5.0,0.56,5.0,0.11,0.11,613.51553,1776232026000
1776232028.069,128.069,0.46,5.0,0.44,5.0,0.57,5.0,0.59,5.0,0.43,5.0,0.41,5.0,0.54,5.0,0.56,5.0,0.11,0.11,613.54954,1776232027000
1776232029.159,129.159,0.46,5.0,0.44,5.0,0.57,5.0,0.59,5.0,0.43,5.0,0.41,5.0,0.54,5.0,0.56,5.0,0.11,0.11,613.54726,1776232028000
1776232030.305,130.305,0.46,5.0,0.44,5.0,0.57,5.0,0.59,5.0,0.43,5.0,0.41,5.0,0.54,5.0,0.56,5.0,0.11,0.11,613.54766,1776232029000
1776232031.431,131.431,0.46,5.0,0.44,5.0,0.57,5.0,0.59,5.0,0.43,5.0,0.41,5.0,0.54,5.0,0.56,5.0,0.11,0.11,613.54487,1776232030000
1776232032.074,132.074,0.46,5.0,0.44,5.0,0.57,5.0,0.59,5.0,0.43,5.0,0.41,5.0,0.54,5.0,0.56,5.0,0.11,0.11,613.54599,1776232031000
1776232033.039,133.039,0.46,5.0,0.44,5.0,0.57,5.0,0.59,5.0,0.43,5.0,0.41,5.0,0.54,5.0,0.56,5.0,0.11,0.11,613.511844,1776232032000
1776232034.266,134.266,0.46,5.0,0.44,5.0,0.57,5.0,0.59,5.0,0.43,5.0,0.41,5.0,0.54,5.0,0.56,5.0,0.11,0.11,613.527483,1776232033000
1776232035.491,135.491,0.46,5.0,0.44,5.0,0.57,5.0,0.59,5.0,0.43,5.0,0.41,5.0,0.54,5.0,0.56,5.0,0.11,0.11,613.52818,1776232034000
1776232036.973,136.973,0.46,5.0,0.44,5.0,0.57,5.0,0.59,5.0,0.43,5.0,0.41,5.0,0.54,5.0,0.56,5.0,0.11,0.11,613.53158,1776232035000
1776232037.443,137.443,0.46,5.0,0.44,5.0,0.57,5.0,0.59,5.0,0.43,5.0,0.41,5.0,0.54,5.0,0.56,5.0,0.11,0.11,613.52423,1776232036000
1776232038.013,138.013,0.46,5.0,0.44,5.0,0.57,5.0,0.59,5.0,0.43,5.0,0.41,5.0,0.54,5.0,0.56,5.0,0.11,0.11,613.52417,1776232037000
1776232038.711,138.711,0.64,5.0,0.52,6.0,0.68,18.15,0.69,12.2,0.43,5.0,0.41,5.0,0.54,5.0,0.56,5.0,0.04,0.11,613.52417,1776232037000
1776232039.224,139.224,0.64,5.0,0.52,6.0,0.68,18.15,0.69,12.2,0.32,18.15,0.31,12.2,0.36,5.0,0.48,6.0,0.04,0.04,613.53327,1776232038000
1776232040.72,140.72,0.64,5.0,0.52,6.0,0.68,18.15,0.69,12.2,0.32,18.15,0.31,12.2,0.36,5.0,0.48,6.0,0.04,0.04,613.50523,1776232039000
1776232041.065,141.065,0.64,5.0,0.52,10.4,0.68,18.15,0.69,12.2,0.32,18.15,0.31,12.2,0.36,5.0,0.48,6.0,0.04,0.04,613.50523,1776232039000
1776232041.422,141.422,0.64,5.0,0.52,10.4,0.68,18.15,0.69,12.2,0.32,18.15,0.31,12.2,0.36,5.0,0.48,10.4,0.04,0.04,613.52743,1776232040000
1776232042.201,142.201,0.64,5.0,0.52,10.4,0.68,18.15,0.69,12.2,0.32,18.15,0.31,12.2,0.36,5.0,0.48,10.4,0.04,0.04,613.49969,1776232041000
1776232042.407,142.407,0.52,10.4,0.51,60.4,0.67,11.8,0.68,18.15,0.32,18.15,0.31,12.2,0.36,5.0,0.48,10.4,0.15,0.04,613.49969,1776232041000
1776232043.35,143.35,0.52,10.4,0.51,60.4,0.67,11.8,0.68,18.15,0.33,11.8,0.32,18.15,0.48,10.4,0.49,60.4,0.15,0.15,613.50346,1776232042000
1776232043.894,143.894,0.52,10.4,0.51,60.4,0.67,11.8,0.68,18.15,0.33,11.8,0.32,18.15,0.48,10.4,0.49,60.4,0.15,0.15,613.50474,1776232043000
1776232045.213,145.213,0.52,10.4,0.51,60.4,0.67,11.8,0.68,18.15,0.33,11.8,0.32,18.15,0.48,10.4,0.49,60.4,0.15,0.15,613.54998,1776232044000
1776232046.309,146.309,0.52,10.4,0.51,60.4,0.67,11.8,0.68,18.15,0.33,11.8,0.32,18.15,0.48,10.4,0.49,60.4,0.15,0.15,613.53159,1776232045000
1776232046.898,146.898,0.52,10.4,0.51,60.4,0.67,11.8,0.68,18.15,0.33,11.8,0.32,18.15,0.48,10.4,0.49,60.4,0.15,0.15,613.53099,1776232046000
1776232048.059,148.059,0.52,10.4,0.51,60.4,0.67,11.8,0.68,18.15,0.33,11.8,0.32,18.15,0.48,10.4,0.49,60.4,0.15,0.15,613.604581,1776232047000
1776232049.163,149.163,0.52,10.4,0.51,60.4,0.67,11.8,0.68,18.15,0.33,11.8,0.32,18.15,0.48,10.4,0.49,60.4,0.15,0.15,613.61217,1776232048000
1776232049.493,149.493,0.57,6.0,0.56,5.0,0.67,6.19,0.7,12.4,0.33,11.8,0.32,18.15,0.48,10.4,0.49,60.4,0.1,0.15,613.61217,1776232048000
1776232049.858,149.858,0.57,6.0,0.56,5.0,0.67,6.19,0.7,12.4,0.33,6.19,0.3,12.4,0.43,6.0,0.44,5.0,0.1,0.1,613.60668,1776232049000
1776232050.924,150.924,0.57,6.0,0.56,5.0,0.67,6.19,0.7,12.4,0.33,6.19,0.3,12.4,0.43,6.0,0.44,5.0,0.1,0.1,613.55836,1776232050000
1776232052.821,152.821,0.57,6.0,0.56,5.0,0.67,6.19,0.7,12.4,0.33,6.19,0.3,12.4,0.43,6.0,0.44,5.0,0.1,0.1,613.557,1776232051000
1776232053.657,153.657,0.57,6.0,0.56,5.0,0.67,6.19,0.7,12.4,0.33,6.19,0.3,12.4,0.43,6.0,0.44,5.0,0.1,0.1,613.5562,1776232052000
1776232054.914,154.914,0.57,6.0,0.56,5.0,0.67,6.19,0.7,12.4,0.33,6.19,0.3,12.4,0.43,6.0,0.44,5.0,0.1,0.1,613.55488,1776232053000
1776232055.625,155.625,0.57,6.0,0.56,5.0,0.67,6.19,0.7,12.4,0.33,6.19,0.3,12.4,0.43,6.0,0.44,5.0,0.1,0.1,613.55438,1776232054000
1776232056.365,156.365,0.57,6.0,0.56,5.0,0.67,6.19,0.7,12.4,0.33,6.19,0.3,12.4,0.43,6.0,0.44,5.0,0.1,0.1,613.55477,1776232055000
1776232057.106,157.106,0.57,6.0,0.56,5.0,0.67,6.19,0.7,12.4,0.33,6.19,0.3,12.4,0.43,6.0,0.44,5.0,0.1,0.1,613.58806,1776232056000
1776232058.505,158.505,0.57,6.0,0.56,5.0,0.67,6.19,0.7,12.4,0.33,6.19,0.3,12.4,0.43,6.0,0.44,5.0,0.1,0.1,613.57126,1776232057000
1776232059.252,159.252,0.57,6.0,0.56,5.0,0.67,6.19,0.7,12.4,0.33,6.19,0.3,12.4,0.43,6.0,0.44,5.0,0.1,0.1,613.57126,1776232058000
1776232060.712,160.712,0.57,6.0,0.56,5.0,0.67,6.19,0.7,12.4,0.33,6.19,0.3,12.4,0.43,6.0,0.44,5.0,0.1,0.1,613.57928,1776232059000
1776232061.376,161.376,0.57,6.0,0.56,5.0,0.67,6.19,0.7,12.4,0.33,6.19,0.3,12.4,0.43,6.0,0.44,5.0,0.1,0.1,613.59744,1776232060000
1776232061.668,161.668,0.62,8.13,0.56,5.0,0.7,12.4,0.71,12.6,0.33,6.19,0.3,12.4,0.43,6.0,0.44,5.0,0.08,0.1,613.59744,1776232060000
1776232062.178,162.178,0.62,8.13,0.56,5.0,0.7,12.4,0.71,12.6,0.3,12.4,0.29,12.6,0.38,8.13,0.44,5.0,0.08,0.08,613.58677,1776232061000
1776232063.594,163.594,0.62,8.13,0.56,5.0,0.7,12.4,0.71,12.6,0.3,12.4,0.29,12.6,0.38,8.13,0.44,5.0,0.08,0.08,613.59773,1776232062000
1776232064.319,164.319,0.62,8.13,0.56,5.0,0.7,12.4,0.71,12.6,0.3,12.4,0.29,12.6,0.38,8.13,0.44,5.0,0.08,0.08,613.5962,1776232063000
1776232065.005,165.005,0.62,8.13,0.56,5.0,0.7,12.4,0.71,12.6,0.3,12.4,0.29,12.6,0.38,8.13,0.44,5.0,0.08,0.08,613.58849,1776232064000
1776232066.372,166.372,0.62,8.13,0.56,5.0,0.7,12.4,0.71,12.6,0.3,12.4,0.29,12.6,0.38,8.13,0.44,5.0,0.08,0.08,613.58418,1776232065000
1776232067.191,167.191,0.62,8.13,0.56,5.0,0.7,12.4,0.71,12.6,0.3,12.4,0.29,12.6,0.38,8.13,0.44,5.0,0.08,0.08,613.58278,1776232066000
1776232068.618,168.618,0.62,8.13,0.56,5.0,0.7,12.4,0.71,12.6,0.3,12.4,0.29,12.6,0.38,8.13,0.44,5.0,0.08,0.08,613.57988,1776232067000
1776232069.295,169.295,0.62,8.13,0.56,5.0,0.7,12.4,0.71,12.6,0.3,12.4,0.29,12.6,0.38,8.13,0.44,5.0,0.08,0.08,613.57661,1776232068000
1776232070.078,170.078,0.62,8.13,0.56,5.0,0.7,12.4,0.71,12.6,0.3,12.4,0.29,12.6,0.38,8.13,0.44,5.0,0.08,0.08,613.57066,1776232069000
1776232071.819,171.819,0.62,8.13,0.56,5.0,0.7,12.4,0.71,12.6,0.3,12.4,0.29,12.6,0.38,8.13,0.44,5.0,0.08,0.08,613.57563,1776232070000
1776232072.482,172.482,0.62,8.13,0.56,5.0,0.7,12.4,0.71,12.6,0.3,12.4,0.29,12.6,0.38,8.13,0.44,5.0,0.08,0.08,613.5766,1776232071000
1776232074.072,174.072,0.62,8.13,0.56,5.0,0.7,12.4,0.71,12.6,0.3,12.4,0.29,12.6,0.38,8.13,0.44,5.0,0.08,0.08,613.57114,1776232072000
1776232074.653,174.653,0.62,8.13,0.56,5.0,0.7,12.4,0.71,12.6,0.3,12.4,0.29,12.6,0.38,8.13,0.44,5.0,0.08,0.08,613.63666,1776232073000
1776232075.302,175.302,0.62,8.13,0.56,5.0,0.7,12.4,0.71,12.6,0.3,12.4,0.29,12.6,0.38,8.13,0.44,5.0,0.08,0.08,613.62915,1776232074000
1776232076.628,176.628,0.62,8.13,0.56,5.0,0.7,12.4,0.71,12.6,0.3,12.4,0.29,12.6,0.38,8.13,0.44,5.0,0.08,0.08,613.61455,1776232075000
1776232077.559,177.559,0.62,8.13,0.56,5.0,0.7,12.4,0.71,12.6,0.3,12.4,0.29,12.6,0.38,8.13,0.44,5.0,0.08,0.08,613.669,1776232076000
1776232078.173,178.173,0.62,8.13,0.56,5.0,0.7,12.4,0.71,12.6,0.3,12.4,0.29,12.6,0.38,8.13,0.44,5.0,0.08,0.08,613.669,1776232077000
1776232079.411,179.411,0.62,8.13,0.56,5.0,0.7,12.4,0.71,12.6,0.3,12.4,0.29,12.6,0.38,8.13,0.44,5.0,0.08,0.08,613.66401,1776232078000
1776232080.191,180.191,0.62,8.13,0.56,5.0,0.7,12.4,0.71,12.6,0.3,12.4,0.29,12.6,0.38,8.13,0.44,5.0,0.08,0.08,613.665293,1776232079000
1776232081.495,181.495,0.62,8.13,0.56,5.0,0.7,12.4,0.71,12.6,0.3,12.4,0.29,12.6,0.38,8.13,0.44,5.0,0.08,0.08,613.62761,1776232080000
1776232082.203,182.203,0.62,8.13,0.56,5.0,0.7,12.4,0.71,12.6,0.3,12.4,0.29,12.6,0.38,8.13,0.44,5.0,0.08,0.08,613.62218,1776232081000
1776232083.49,183.49,0.62,8.13,0.56,5.0,0.7,12.4,0.71,12.6,0.3,12.4,0.29,12.6,0.38,8.13,0.44,5.0,0.08,0.08,613.6368,1776232082000
1776232084.286,184.286,0.62,8.13,0.56,5.0,0.7,12.4,0.71,12.6,0.3,12.4,0.29,12.6,0.38,8.13,0.44,5.0,0.08,0.08,613.63682,1776232083000
1776232085.496,185.496,0.62,8.13,0.56,5.0,0.7,12.4,0.71,12.6,0.3,12.4,0.29,12.6,0.38,8.13,0.44,5.0,0.08,0.08,613.656,1776232084000
1776232086.267,186.267,0.62,8.13,0.56,5.0,0.7,12.4,0.71,12.6,0.3,12.4,0.29,12.6,0.38,8.13,0.44,5.0,0.08,0.08,613.656,1776232085000
1776232087.493,187.493,0.62,8.13,0.56,5.0,0.7,12.4,0.71,12.6,0.3,12.4,0.29,12.6,0.38,8.13,0.44,5.0,0.08,0.08,613.662,1776232086000
1776232088.207,188.207,0.62,8.13,0.56,5.0,0.7,12.4,0.71,12.6,0.3,12.4,0.29,12.6,0.38,8.13,0.44,5.0,0.08,0.08,613.662,1776232087000
1776232089.967,189.967,0.62,8.13,0.56,5.0,0.7,12.4,0.71,12.6,0.3,12.4,0.29,12.6,0.38,8.13,0.44,5.0,0.08,0.08,613.664,1776232088000
1776232090.494,190.494,0.62,8.13,0.56,5.0,0.7,12.4,0.71,12.6,0.3,12.4,0.29,12.6,0.38,8.13,0.44,5.0,0.08,0.08,613.66167,1776232089000
1776232091.467,191.467,0.62,8.13,0.56,5.0,0.7,12.4,0.71,12.6,0.3,12.4,0.29,12.6,0.38,8.13,0.44,5.0,0.08,0.08,613.66167,1776232090000
1776232092.087,192.087,0.62,8.13,0.56,5.0,0.7,12.4,0.71,12.6,0.3,12.4,0.29,12.6,0.38,8.13,0.44,5.0,0.08,0.08,613.673,1776232091000
1776232093.199,193.199,0.62,8.13,0.56,5.0,0.7,12.4,0.71,12.6,0.3,12.4,0.29,12.6,0.38,8.13,0.44,5.0,0.08,0.08,613.68,1776232092000
1776232094.512,194.512,0.62,8.13,0.56,5.0,0.7,12.4,0.71,12.6,0.3,12.4,0.29,12.6,0.38,8.13,0.44,5.0,0.08,0.08,613.62834,1776232093000
1776232095.123,195.123,0.62,8.13,0.56,5.0,0.7,12.4,0.71,12.6,0.3,12.4,0.29,12.6,0.38,8.13,0.44,5.0,0.08,0.08,613.65858,1776232094000
1776232096.35,196.35,0.62,8.13,0.56,5.0,0.7,12.4,0.71,12.6,0.3,12.4,0.29,12.6,0.38,8.13,0.44,5.0,0.08,0.08,613.693,1776232095000
1776232097.463,197.463,0.62,8.13,0.56,5.0,0.7,12.4,0.71,12.6,0.3,12.4,0.29,12.6,0.38,8.13,0.44,5.0,0.08,0.08,613.747,1776232096000
1776232098.046,198.046,0.62,8.13,0.56,5.0,0.7,12.4,0.71,12.6,0.3,12.4,0.29,12.6,0.38,8.13,0.44,5.0,0.08,0.08,613.747,1776232097000
1776232099.182,199.182,0.62,8.13,0.56,5.0,0.7,12.4,0.71,12.6,0.3,12.4,0.29,12.6,0.38,8.13,0.44,5.0,0.08,0.08,613.71482,1776232098000
1776232100.396,200.396,0.62,8.13,0.56,5.0,0.7,12.4,0.71,12.6,0.3,12.4,0.29,12.6,0.38,8.13,0.44,5.0,0.08,0.08,613.72287,1776232099000
1776232100.988,200.988,0.62,8.13,0.56,5.0,0.7,12.4,0.71,12.6,0.3,12.4,0.29,12.6,0.38,8.13,0.44,5.0,0.08,0.08,613.72194,1776232100000
1776232102.138,202.138,0.62,8.13,0.56,5.0,0.7,12.4,0.71,12.6,0.3,12.4,0.29,12.6,0.38,8.13,0.44,5.0,0.08,0.08,613.73811,1776232101000
1776232103.346,203.346,0.62,8.13,0.56,5.0,0.7,12.4,0.71,12.6,0.3,12.4,0.29,12.6,0.38,8.13,0.44,5.0,0.08,0.08,613.73836,1776232102000
1776232103.836,203.836,0.81,5.0,0.8,16.3,0.89,25.47,0.9,28.9,0.3,12.4,0.29,12.6,0.38,8.13,0.44,5.0,0.08,0.08,613.73836,1776232102000
1776232105.457,205.457,0.81,5.0,0.8,16.3,0.89,25.47,0.9,28.9,0.11,25.47,0.1,28.9,0.19,5.0,0.2,16.3,0.08,0.08,613.73599,1776232104000
1776232106.021,206.021,0.81,5.0,0.8,16.3,0.89,25.47,0.9,28.9,0.11,25.47,0.1,28.9,0.19,5.0,0.2,16.3,0.08,0.08,613.73676,1776232105000
1776232107.086,207.086,0.81,5.0,0.8,16.3,0.89,25.47,0.9,28.9,0.11,25.47,0.1,28.9,0.19,5.0,0.2,16.3,0.08,0.08,613.73637,1776232106000
1776232108.053,208.053,0.81,5.0,0.8,16.3,0.89,25.47,0.9,28.9,0.11,25.47,0.1,28.9,0.19,5.0,0.2,16.3,0.08,0.08,613.73693,1776232107000
1776232109.089,209.089,0.81,5.0,0.8,16.3,0.89,25.47,0.9,28.9,0.11,25.47,0.1,28.9,0.19,5.0,0.2,16.3,0.08,0.08,613.73739,1776232108000
1776232110.075,210.075,0.81,5.0,0.8,16.3,0.89,25.47,0.9,28.9,0.11,25.47,0.1,28.9,0.19,5.0,0.2,16.3,0.08,0.08,613.71573,1776232109000
1776232111.051,211.051,0.81,5.0,0.8,16.3,0.89,25.47,0.9,28.9,0.11,25.47,0.1,28.9,0.19,5.0,0.2,16.3,0.08,0.08,613.70989,1776232110000
1776232112.156,212.156,0.81,5.0,0.8,16.3,0.89,25.47,0.9,28.9,0.11,25.47,0.1,28.9,0.19,5.0,0.2,16.3,0.08,0.08,613.70989,1776232111000
1776232113.175,213.175,0.81,5.0,0.8,16.3,0.89,25.47,0.9,28.9,0.11,25.47,0.1,28.9,0.19,5.0,0.2,16.3,0.08,0.08,613.712137,1776232112000
1776232114.258,214.258,0.81,5.0,0.8,16.3,0.89,25.47,0.9,28.9,0.11,25.47,0.1,28.9,0.19,5.0,0.2,16.3,0.08,0.08,613.71751,1776232113000
1776232115.335,215.335,0.81,5.0,0.8,16.3,0.89,25.47,0.9,28.9,0.11,25.47,0.1,28.9,0.19,5.0,0.2,16.3,0.08,0.08,613.717619,1776232114000
1776232116.355,216.355,0.81,5.0,0.8,16.3,0.89,25.47,0.9,28.9,0.11,25.47,0.1,28.9,0.19,5.0,0.2,16.3,0.08,0.08,613.71522,1776232115000
1776232117.207,217.207,0.81,5.0,0.8,16.3,0.89,25.47,0.9,28.9,0.11,25.47,0.1,28.9,0.19,5.0,0.2,16.3,0.08,0.08,613.71327,1776232116000
1776232118.888,218.888,0.81,5.0,0.8,16.3,0.89,25.47,0.9,28.9,0.11,25.47,0.1,28.9,0.19,5.0,0.2,16.3,0.08,0.08,613.726488,1776232117000
1776232119.358,219.358,0.81,5.0,0.8,16.3,0.89,25.47,0.9,28.9,0.11,25.47,0.1,28.9,0.19,5.0,0.2,16.3,0.08,0.08,613.734,1776232118000
1776232120.421,220.421,0.81,5.0,0.8,16.3,0.89,25.47,0.9,28.9,0.11,25.47,0.1,28.9,0.19,5.0,0.2,16.3,0.08,0.08,613.735613,1776232119000
1776232120.894,220.894,0.81,5.0,0.8,16.3,0.89,25.47,0.9,28.9,0.11,25.47,0.1,28.9,0.19,5.0,0.2,16.3,0.08,0.08,613.738,1776232120000
1776232121.965,221.965,0.81,5.0,0.8,16.3,0.89,25.47,0.9,28.9,0.11,25.47,0.1,28.9,0.19,5.0,0.2,16.3,0.08,0.08,613.738,1776232121000
1776232123.021,223.021,0.81,5.0,0.8,16.3,0.89,25.47,0.9,28.9,0.11,25.47,0.1,28.9,0.19,5.0,0.2,16.3,0.08,0.08,613.74,1776232122000
1776232124.126,224.126,0.81,5.0,0.8,16.3,0.89,25.47,0.9,28.9,0.11,25.47,0.1,28.9,0.19,5.0,0.2,16.3,0.08,0.08,613.744,1776232123000
1776232125.181,225.181,0.81,5.0,0.8,16.3,0.89,25.47,0.9,28.9,0.11,25.47,0.1,28.9,0.19,5.0,0.2,16.3,0.08,0.08,613.741,1776232124000
1776232126.253,226.253,0.81,5.0,0.8,16.3,0.89,25.47,0.9,28.9,0.11,25.47,0.1,28.9,0.19,5.0,0.2,16.3,0.08,0.08,613.743,1776232125000
1776232127.205,227.205,0.81,5.0,0.8,16.3,0.89,25.47,0.9,28.9,0.11,25.47,0.1,28.9,0.19,5.0,0.2,16.3,0.08,0.08,613.743,1776232126000
1776232128.304,228.304,0.81,5.0,0.8,16.3,0.89,25.47,0.9,28.9,0.11,25.47,0.1,28.9,0.19,5.0,0.2,16.3,0.08,0.08,613.717999,1776232127000
1776232129.419,229.419,0.81,5.0,0.8,16.3,0.89,25.47,0.9,28.9,0.11,25.47,0.1,28.9,0.19,5.0,0.2,16.3,0.08,0.08,613.716,1776232128000
1776232129.634,229.634,0.78,15.2,0.77,14.7,0.87,7.92,0.88,24.6,0.11,25.47,0.1,28.9,0.19,5.0,0.2,16.3,0.09,0.08,613.716,1776232128000
1776232129.838,229.838,0.78,15.2,0.77,14.7,0.87,7.92,0.88,24.6,0.13,7.92,0.12,24.6,0.22,15.2,0.23,14.7,0.09,0.09,613.716,1776232129000
1776232130.994,230.994,0.78,15.2,0.77,14.7,0.87,7.92,0.88,24.6,0.13,7.92,0.12,24.6,0.22,15.2,0.23,14.7,0.09,0.09,613.721,1776232130000
1776232131.222,231.222,0.75,6.0,0.74,13.5,0.87,5.86,0.88,24.6,0.13,7.92,0.12,24.6,0.22,15.2,0.23,14.7,0.12,0.09,613.721,1776232130000
1776232132.7,232.7,0.75,6.0,0.74,13.5,0.87,5.86,0.88,24.6,0.13,5.86,0.12,24.6,0.25,6.0,0.26,13.5,0.12,0.12,613.713,1776232131000
1776232133.275,233.275,0.62,15.13,0.59,10.7,0.81,48.76,0.84,19.3,0.19,48.76,0.16,19.3,0.38,15.13,0.41,10.7,0.19,0.19,613.713,1776232132000
1776232134.459,234.459,0.62,15.13,0.59,10.7,0.81,48.76,0.84,19.3,0.19,48.76,0.16,19.3,0.38,15.13,0.41,10.7,0.19,0.19,613.677217,1776232133000
1776232135.003,235.003,0.62,15.13,0.59,10.7,0.81,48.76,0.84,19.3,0.19,48.76,0.16,19.3,0.38,15.13,0.41,10.7,0.19,0.19,613.672819,1776232134000
1776232136.096,236.096,0.62,15.13,0.59,10.7,0.81,48.76,0.84,19.3,0.19,48.76,0.16,19.3,0.38,15.13,0.41,10.7,0.19,0.19,613.628315,1776232135000
1776232137.266,237.266,0.62,15.13,0.59,10.7,0.81,48.76,0.84,19.3,0.19,48.76,0.16,19.3,0.38,15.13,0.41,10.7,0.19,0.19,613.627877,1776232136000
1776232138.358,238.358,0.62,15.13,0.59,10.7,0.81,48.76,0.84,19.3,0.19,48.76,0.16,19.3,0.38,15.13,0.41,10.7,0.19,0.19,613.626117,1776232137000
1776232138.953,238.953,0.62,15.13,0.59,10.7,0.81,48.76,0.84,19.3,0.19,48.76,0.16,19.3,0.38,15.13,0.41,10.7,0.19,0.19,613.62599,1776232138000
1776232140.025,240.025,0.62,0.31,0.41,50.0,0.7,12.0,0.71,50.0,0.19,48.76,0.16,19.3,0.38,15.13,0.41,10.7,0.08,0.19,613.62599,1776232138000
1776232141.164,241.164,0.41,40.12,0.36,11.3,0.7,12.0,0.71,50.0,0.3,12.0,0.29,50.0,0.59,40.12,0.64,11.3,0.29,0.29,613.554635,1776232140000
1776232142.257,242.257,0.41,40.12,0.36,11.3,0.7,12.0,0.71,50.0,0.3,12.0,0.29,50.0,0.59,40.12,0.64,11.3,0.29,0.29,613.52107,1776232141000
1776232143.356,243.356,0.41,40.12,0.36,11.3,0.7,12.0,0.71,50.0,0.3,12.0,0.29,50.0,0.59,40.12,0.64,11.3,0.29,0.29,613.48246,1776232142000
1776232143.973,243.973,0.41,40.12,0.36,11.3,0.7,12.0,0.71,50.0,0.3,12.0,0.29,50.0,0.59,40.12,0.64,11.3,0.29,0.29,613.48246,1776232143000
1776232145.002,245.002,0.41,40.12,0.36,11.3,0.7,12.0,0.71,50.0,0.3,12.0,0.29,50.0,0.59,40.12,0.64,11.3,0.29,0.29,613.50433,1776232144000
1776232146.067,246.067,0.41,40.12,0.36,11.3,0.7,12.0,0.71,50.0,0.3,12.0,0.29,50.0,0.59,40.12,0.64,11.3,0.29,0.29,613.525,1776232145000
1776232147.007,247.007,0.41,40.12,0.36,11.3,0.7,12.0,0.71,50.0,0.3,12.0,0.29,50.0,0.59,40.12,0.64,11.3,0.29,0.29,613.52512,1776232146000
1776232148.536,248.536,0.41,40.12,0.36,11.3,0.7,12.0,0.71,50.0,0.3,12.0,0.29,50.0,0.59,40.12,0.64,11.3,0.29,0.29,613.542,1776232147000
1776232149.012,249.012,0.41,40.12,0.36,11.3,0.7,12.0,0.71,50.0,0.3,12.0,0.29,50.0,0.59,40.12,0.64,11.3,0.29,0.29,613.541,1776232148000
1776232150.497,250.497,0.41,40.12,0.36,11.3,0.7,12.0,0.71,50.0,0.3,12.0,0.29,50.0,0.59,40.12,0.64,11.3,0.29,0.29,613.542,1776232149000
1776232151.001,251.001,0.41,40.12,0.36,11.3,0.7,12.0,0.71,50.0,0.3,12.0,0.29,50.0,0.59,40.12,0.64,11.3,0.29,0.29,613.53604,1776232150000
1776232152.124,252.124,0.42,6.0,0.41,50.0,0.58,2.61,0.62,11.0,0.42,2.61,0.38,11.0,0.58,6.0,0.59,50.0,0.16,0.16,613.518,1776232151000
1776232153.046,253.046,0.31,45.69,0.27,13.2,0.57,50.0,0.58,2.61,0.42,2.61,0.38,11.0,0.58,6.0,0.59,50.0,0.26,0.16,613.518,1776232151000
1776232153.366,253.366,0.31,45.69,0.27,13.2,0.57,50.0,0.58,2.61,0.43,50.0,0.42,2.61,0.69,45.69,0.73,13.2,0.26,0.26,613.509,1776232152000
1776232153.956,253.956,0.31,45.69,0.27,13.2,0.57,50.0,0.58,2.61,0.43,50.0,0.42,2.61,0.69,45.69,0.73,13.2,0.26,0.26,613.495176,1776232153000
1776232155.148,255.148,0.31,45.69,0.27,13.2,0.57,50.0,0.58,2.61,0.43,50.0,0.42,2.61,0.69,45.69,0.73,13.2,0.26,0.26,613.488969,1776232154000
1776232156.334,256.334,0.31,45.69,0.27,13.2,0.57,50.0,0.58,2.61,0.43,50.0,0.42,2.61,0.69,45.69,0.73,13.2,0.26,0.26,613.498,1776232155000
1776232157.469,257.469,0.31,45.69,0.27,13.2,0.57,50.0,0.58,2.61,0.43,50.0,0.42,2.61,0.69,45.69,0.73,13.2,0.26,0.26,613.502,1776232156000
1776232158.028,258.028,0.31,45.69,0.27,13.2,0.57,50.0,0.58,2.61,0.43,50.0,0.42,2.61,0.69,45.69,0.73,13.2,0.26,0.26,613.502,1776232157000
1776232159.173,259.173,0.31,45.69,0.27,13.2,0.57,50.0,0.58,2.61,0.43,50.0,0.42,2.61,0.69,45.69,0.73,13.2,0.26,0.26,613.504,1776232158000
1776232160.368,260.368,0.31,45.69,0.27,13.2,0.57,50.0,0.58,2.61,0.43,50.0,0.42,2.61,0.69,45.69,0.73,13.2,0.26,0.26,613.504,1776232159000
1776232161.509,261.509,0.31,45.69,0.27,13.2,0.57,50.0,0.58,2.61,0.43,50.0,0.42,2.61,0.69,45.69,0.73,13.2,0.26,0.26,613.51186,1776232160000
1776232162.412,262.412,0.32,4.52,0.31,45.69,0.44,10.6,0.45,10.5,0.43,50.0,0.42,2.61,0.69,45.69,0.73,13.2,0.12,0.26,613.51186,1776232160000
1776232163.066,263.066,0.32,4.52,0.31,45.69,0.44,10.6,0.45,10.5,0.56,10.6,0.55,10.5,0.68,4.52,0.69,45.69,0.12,0.12,613.51,1776232162000
1776232164.077,264.077,0.32,4.52,0.31,45.69,0.44,10.6,0.45,10.5,0.56,10.6,0.55,10.5,0.68,4.52,0.69,45.69,0.12,0.12,613.471033,1776232163000
1776232165.123,265.123,0.32,4.52,0.31,45.69,0.44,10.6,0.45,10.5,0.56,10.6,0.55,10.5,0.68,4.52,0.69,45.69,0.12,0.12,613.5105,1776232164000
1776232166.271,266.271,0.32,4.52,0.31,45.69,0.44,10.6,0.45,10.5,0.56,10.6,0.55,10.5,0.68,4.52,0.69,45.69,0.12,0.12,613.49896,1776232165000
1776232167.175,267.175,0.32,4.52,0.31,45.69,0.44,10.6,0.45,10.5,0.56,10.6,0.55,10.5,0.68,4.52,0.69,45.69,0.12,0.12,613.45523,1776232166000
1776232168.263,268.263,0.32,4.52,0.31,45.69,0.44,10.6,0.45,10.5,0.56,10.6,0.55,10.5,0.68,4.52,0.69,45.69,0.12,0.12,613.471234,1776232167000
1776232168.59,268.59,0.61,47.39,0.52,12.0,0.72,7.14,0.76,14.3,0.56,10.6,0.55,10.5,0.68,4.52,0.69,45.69,0.11,0.12,613.471234,1776232167000
1776232169.33,269.33,0.61,47.39,0.52,12.0,0.72,7.14,0.76,14.3,0.28,7.14,0.24,14.3,0.39,47.39,0.48,12.0,0.11,0.11,613.49215,1776232168000
1776232169.813,269.813,0.61,47.39,0.51,50.0,0.85,16.89,0.86,21.6,0.29,3.62,0.15,20.39,0.39,47.39,0.49,75.0,0.24,0.1,613.49215,1776232168000
1776232170.391,270.391,0.61,47.39,0.51,50.0,0.85,16.89,0.86,21.6,0.15,16.89,0.14,21.6,0.39,47.39,0.49,50.0,0.24,0.24,613.49707,1776232169000
1776232170.862,270.862,0.61,47.39,0.51,50.0,0.85,16.89,0.86,21.6,0.15,16.89,0.14,21.6,0.39,47.39,0.49,50.0,0.24,0.24,613.59457,1776232170000
1776232171.92,271.92,0.61,47.39,0.51,50.0,0.85,16.89,0.86,21.6,0.15,16.89,0.14,21.6,0.39,47.39,0.49,50.0,0.24,0.24,613.58023,1776232171000
1776232173.079,273.079,0.61,47.39,0.51,50.0,0.85,16.89,0.86,21.6,0.15,16.89,0.14,21.6,0.39,47.39,0.49,50.0,0.24,0.24,613.55752,1776232172000
1776232174.005,274.005,0.61,47.39,0.51,50.0,0.85,16.89,0.86,21.6,0.15,16.89,0.14,21.6,0.39,47.39,0.49,50.0,0.24,0.24,613.55428,1776232173000
1776232175.116,275.116,0.61,47.39,0.51,50.0,0.85,16.89,0.86,21.6,0.15,16.89,0.14,21.6,0.39,47.39,0.49,50.0,0.24,0.24,613.546574,1776232174000
1776232176.115,276.115,0.61,47.39,0.51,50.0,0.85,16.89,0.86,21.6,0.15,16.89,0.14,21.6,0.39,47.39,0.49,50.0,0.24,0.24,613.54495,1776232175000
1776232177.392,277.392,0.61,47.39,0.51,50.0,0.85,16.89,0.86,21.6,0.15,16.89,0.14,21.6,0.39,47.39,0.49,50.0,0.24,0.24,613.54962,1776232176000
1776232178.063,278.063,0.61,47.39,0.51,50.0,0.85,16.89,0.86,21.6,0.15,16.89,0.14,21.6,0.39,47.39,0.49,50.0,0.24,0.24,613.54958,1776232177000
1776232179.297,279.297,0.61,47.39,0.51,50.0,0.85,16.89,0.86,21.6,0.15,16.89,0.14,21.6,0.39,47.39,0.49,50.0,0.24,0.24,613.54549,1776232178000
1776232180.609,280.609,0.61,47.39,0.51,50.0,0.85,16.89,0.86,21.6,0.15,16.89,0.14,21.6,0.39,47.39,0.49,50.0,0.24,0.24,613.54021,1776232179000
1776232181.237,281.237,0.71,50.0,0.61,47.39,0.96,200.57,0.98,10.0,0.15,16.89,0.14,21.6,0.39,47.39,0.49,50.0,0.25,0.24,613.54021,1776232179000
1776232182.581,282.581,0.71,50.0,0.61,47.39,0.96,200.57,0.98,10.0,0.04,200.57,0.02,10.0,0.29,50.0,0.39,47.39,0.25,0.25,613.53578,1776232181000
1776232183.232,283.232,0.71,50.0,0.61,47.39,0.96,200.57,0.98,10.0,0.04,200.57,0.02,10.0,0.29,50.0,0.39,47.39,0.25,0.25,613.54153,1776232182000
1776232184.55,284.55,0.71,50.0,0.61,47.39,0.96,200.57,0.98,10.0,0.04,200.57,0.02,10.0,0.29,50.0,0.39,47.39,0.25,0.25,613.55253,1776232183000
1776232185.193,285.193,0.71,50.0,0.61,47.39,0.96,200.57,0.98,10.0,0.04,200.57,0.02,10.0,0.29,50.0,0.39,47.39,0.25,0.25,613.54185,1776232184000
1776232186.327,286.327,0.71,50.0,0.61,47.39,0.96,200.57,0.98,10.0,0.04,200.57,0.02,10.0,0.29,50.0,0.39,47.39,0.25,0.25,613.54451,1776232185000
1776232186.98,286.98,0.71,50.0,0.61,47.39,0.96,200.57,0.98,10.0,0.04,200.57,0.02,10.0,0.29,50.0,0.39,47.39,0.25,0.25,613.54451,1776232186000
1776232188.339,288.339,0.71,50.0,0.61,47.39,0.96,200.57,0.98,10.0,0.04,200.57,0.02,10.0,0.29,50.0,0.39,47.39,0.25,0.25,613.54306,1776232187000
1776232189.03,289.03,0.71,50.0,0.61,47.39,0.96,200.57,0.98,10.0,0.04,200.57,0.02,10.0,0.29,50.0,0.39,47.39,0.25,0.25,613.54238,1776232188000
1776232190.258,290.258,0.71,50.0,0.61,47.39,0.96,200.57,0.98,10.0,0.04,200.57,0.02,10.0,0.29,50.0,0.39,47.39,0.25,0.25,613.54235,1776232189000
1776232190.485,290.485,0.81,33.48,0.71,50.0,0.96,200.57,0.98,10.0,0.04,200.57,0.02,10.0,0.29,50.0,0.39,47.39,0.15,0.25,613.54235,1776232189000
1776232191.114,291.114,0.61,39.77,0.51,50.0,0.91,50.0,0.96,200.57,0.04,200.57,0.02,10.0,0.19,33.48,0.29,50.0,0.3,0.15,613.54235,1776232189000
1776232191.509,291.509,0.61,39.77,0.51,50.0,0.91,50.0,0.96,200.57,0.09,50.0,0.04,200.57,0.39,39.77,0.49,50.0,0.3,0.3,613.52572,1776232190000
1776232192.743,292.743,0.61,39.77,0.51,50.0,0.91,50.0,0.96,200.57,0.09,50.0,0.04,200.57,0.39,39.77,0.49,50.0,0.3,0.3,613.52584,1776232191000
1776232193.234,293.234,0.61,39.77,0.51,50.0,0.91,50.0,0.96,200.57,0.09,50.0,0.04,200.57,0.39,39.77,0.49,50.0,0.3,0.3,613.52893,1776232192000
1776232194.267,294.267,0.61,39.77,0.51,50.0,0.91,50.0,0.96,200.57,0.09,50.0,0.04,200.57,0.39,39.77,0.49,50.0,0.3,0.3,613.52462,1776232193000
1776232195.503,295.503,0.61,39.77,0.51,50.0,0.91,50.0,0.96,200.57,0.09,50.0,0.04,200.57,0.39,39.77,0.49,50.0,0.3,0.3,613.53948,1776232194000
1776232195.927,295.927,0.71,50.0,0.61,39.77,0.98,107.52,0.99,1295.0,0.09,50.0,0.04,200.57,0.39,39.77,0.49,50.0,0.27,0.3,613.53948,1776232194000
1776232196.276,296.276,0.71,50.0,0.61,39.77,0.99,1294.48,,,0.02,104.48,0.01,1295.0,0.29,50.0,0.39,39.77,0.28,0.27,613.520939,1776232195000
1776232196.532,296.532,0.71,50.0,0.61,39.77,0.99,1193.36,,,0.01,1294.48,,,0.29,50.0,0.39,39.77,0.28,0.28,613.520939,1776232195000
1776232197.191,297.191,0.71,50.0,0.61,39.77,0.99,1193.36,,,0.01,1193.36,,,0.29,50.0,0.39,39.77,0.28,0.28,613.58338,1776232196000
1776232197.474,297.474,0.72,12.0,0.71,50.0,0.99,180.12,,,0.01,181.23,,,0.28,12.0,0.29,50.0,0.27,0.27,613.58338,1776232196000
1776232198.014,298.014,0.72,12.0,0.71,50.0,0.99,116.62,,,0.01,127.62,,,0.28,12.0,0.29,50.0,0.27,0.27,613.58338,1776232196000
1776232198.289,298.289,0.72,12.0,0.71,50.0,0.99,116.62,,,0.01,116.62,,,0.28,12.0,0.29,50.0,0.27,0.27,613.58143,1776232197000
1776232198.521,298.521,0.72,12.0,0.71,50.0,0.99,8.89,,,0.01,110.0,,,0.28,12.0,0.29,50.0,0.27,0.27,613.58143,1776232197000
1776232199.269,299.269,0.77,5.0,0.72,12.0,0.99,3.89,,,0.01,8.89,,,0.28,12.0,0.29,50.0,0.22,0.27,613.58143,1776232197000
1776232199.846,299.846,0.78,12.0,0.77,5.0,,,,,,,,,0.22,12.0,0.23,5.0,,,613.58424,1776232199000
1776232200.093,300.093,0.99,304.57,0.8,5.0,,,,,,,,,0.22,12.0,0.23,5.0,,,613.58424,1776232199000
1776232201.022,301.022,0.99,304.57,0.8,5.0,,,,,,,,,0.01,304.57,0.2,5.0,,,613.57474,1776232200000
1776232202.18,302.18,0.99,304.57,0.8,5.0,,,,,,,,,0.01,304.57,0.2,5.0,,,613.57685,1776232201000

# RESULT,winner=Up,slug=bnb-updown-5m-1776231900,ticks=327
