timestamp,elapsed_sec,up_bid_p1,up_bid_s1,up_bid_p2,up_bid_s2,up_bid_p3,up_bid_s3,up_bid_p4,up_bid_s4,up_bid_p5,up_bid_s5,up_ask_p1,up_ask_s1,up_ask_p2,up_ask_s2,up_ask_p3,up_ask_s3,up_ask_p4,up_ask_s4,up_ask_p5,up_ask_s5,down_bid_p1,down_bid_s1,down_bid_p2,down_bid_s2,down_bid_p3,down_bid_s3,down_bid_p4,down_bid_s4,down_bid_p5,down_bid_s5,down_ask_p1,down_ask_s1,down_ask_p2,down_ask_s2,down_ask_p3,down_ask_s3,down_ask_p4,down_ask_s4,down_ask_p5,down_ask_s5,up_spread,down_spread,bnb_price,bnb_oracle_ts
1776171600.999,0.999,0.41,13.0,0.4,8.0,0.39,8.0,0.38,8.0,0.37,189.0,0.59,13.0,0.6,8.0,0.61,8.0,0.62,8.0,0.63,189.0,0.41,13.0,0.4,8.0,0.39,8.0,0.38,8.0,0.37,189.0,0.59,13.0,0.6,8.0,0.61,8.0,0.62,8.0,0.63,189.0,0.18,0.18,615.82508,1776171600000
1776171601.991,1.991,0.41,13.0,0.4,8.0,0.39,8.0,0.38,8.0,0.37,189.0,0.59,13.0,0.6,8.0,0.61,8.0,0.62,8.0,0.63,189.0,0.41,13.0,0.4,8.0,0.39,8.0,0.38,8.0,0.37,189.0,0.59,13.0,0.6,8.0,0.61,8.0,0.62,8.0,0.63,189.0,0.18,0.18,615.84273,1776171601000
1776171603.755,3.755,0.41,13.0,0.4,8.0,0.39,8.0,0.38,8.0,0.37,189.0,0.59,13.0,0.6,8.0,0.61,8.0,0.62,8.0,0.63,189.0,0.41,13.0,0.4,8.0,0.39,8.0,0.38,8.0,0.37,189.0,0.59,13.0,0.6,8.0,0.61,8.0,0.62,8.0,0.63,189.0,0.18,0.18,615.84084,1776171602000
1776171604.323,4.323,0.41,13.0,0.4,8.0,0.39,8.0,0.38,8.0,0.37,189.0,0.59,13.0,0.6,8.0,0.61,8.0,0.62,8.0,0.63,189.0,0.41,13.0,0.4,8.0,0.39,8.0,0.38,8.0,0.37,189.0,0.59,13.0,0.6,8.0,0.61,8.0,0.62,8.0,0.63,189.0,0.18,0.18,615.847236,1776171603000
1776171605.472,5.472,0.41,13.0,0.4,8.0,0.39,8.0,0.38,8.0,0.37,189.0,0.59,13.0,0.6,8.0,0.61,8.0,0.62,8.0,0.63,189.0,0.41,13.0,0.4,8.0,0.39,8.0,0.38,8.0,0.37,189.0,0.59,13.0,0.6,8.0,0.61,8.0,0.62,8.0,0.63,189.0,0.18,0.18,615.835626,1776171604000
1776171606.444,6.444,0.41,13.0,0.4,8.0,0.39,8.0,0.38,8.0,0.37,189.0,0.59,13.0,0.6,8.0,0.61,8.0,0.62,8.0,0.63,189.0,0.41,13.0,0.4,8.0,0.39,8.0,0.38,8.0,0.37,189.0,0.59,13.0,0.6,8.0,0.61,8.0,0.62,8.0,0.63,189.0,0.18,0.18,615.80546,1776171605000
1776171607.247,7.247,0.41,13.0,0.4,8.0,0.39,8.0,0.38,8.0,0.37,189.0,0.59,13.0,0.6,8.0,0.61,8.0,0.62,8.0,0.63,189.0,0.41,13.0,0.4,8.0,0.39,8.0,0.38,8.0,0.37,189.0,0.59,13.0,0.6,8.0,0.61,8.0,0.62,8.0,0.63,189.0,0.18,0.18,615.826587,1776171606000
1776171608.189,8.189,0.39,2.0,0.38,10.0,0.31,50.0,0.3,5.0,0.29,5.0,0.49,10.0,0.54,5.0,0.55,5.0,0.56,5.0,0.57,5.0,0.41,13.0,0.4,8.0,0.39,8.0,0.38,8.0,0.37,189.0,0.59,13.0,0.6,8.0,0.61,8.0,0.62,8.0,0.63,189.0,0.1,0.18,615.826587,1776171606000
1776171608.806,8.806,0.39,2.0,0.38,10.0,0.31,50.0,0.3,5.0,0.29,5.0,0.49,10.0,0.54,5.0,0.55,5.0,0.56,5.0,0.57,5.0,0.51,10.0,0.46,5.0,0.45,5.0,0.44,5.0,0.43,5.0,0.61,2.0,0.62,10.0,0.69,50.0,0.7,5.0,0.71,5.0,0.1,0.1,615.71329,1776171607000
1776171610.124,10.124,0.39,2.0,0.38,10.0,0.31,50.0,0.3,5.0,0.29,5.0,0.49,10.0,0.54,5.0,0.55,5.0,0.56,5.0,0.57,5.0,0.51,10.0,0.46,5.0,0.45,5.0,0.44,5.0,0.43,5.0,0.61,2.0,0.62,10.0,0.69,50.0,0.7,5.0,0.71,5.0,0.1,0.1,615.714548,1776171609000
1776171611.463,11.463,0.39,2.0,0.38,10.0,0.31,50.0,0.3,5.0,0.29,5.0,0.49,10.0,0.54,5.0,0.55,5.0,0.56,5.0,0.57,5.0,0.51,10.0,0.46,5.0,0.45,5.0,0.44,5.0,0.43,5.0,0.61,2.0,0.62,10.0,0.69,50.0,0.7,5.0,0.71,5.0,0.1,0.1,615.703337,1776171610000
1776171612.019,12.019,0.39,2.0,0.38,10.0,0.31,50.0,0.3,5.0,0.29,5.0,0.49,10.0,0.54,5.0,0.55,5.0,0.56,5.0,0.57,5.0,0.51,10.0,0.46,5.0,0.45,5.0,0.44,5.0,0.43,5.0,0.61,2.0,0.62,10.0,0.69,50.0,0.7,5.0,0.71,5.0,0.1,0.1,615.71309,1776171611000
1776171613.521,13.521,0.39,2.0,0.38,10.0,0.31,50.0,0.3,5.0,0.29,5.0,0.49,10.0,0.54,5.0,0.55,5.0,0.56,5.0,0.57,5.0,0.51,10.0,0.46,5.0,0.45,5.0,0.44,5.0,0.43,5.0,0.61,2.0,0.62,10.0,0.69,50.0,0.7,5.0,0.71,5.0,0.1,0.1,615.685564,1776171612000
1776171614.372,14.372,0.39,2.0,0.38,10.0,0.31,50.0,0.3,5.0,0.29,5.0,0.49,10.0,0.54,5.0,0.55,5.0,0.56,5.0,0.57,5.0,0.51,10.0,0.46,5.0,0.45,5.0,0.44,5.0,0.43,5.0,0.61,2.0,0.62,10.0,0.69,50.0,0.7,5.0,0.71,5.0,0.1,0.1,615.679317,1776171613000
1776171616.023,16.023,0.39,2.0,0.38,10.0,0.31,50.0,0.3,5.0,0.29,5.0,0.49,10.0,0.54,5.0,0.55,5.0,0.56,5.0,0.57,5.0,0.51,10.0,0.46,5.0,0.45,5.0,0.44,5.0,0.43,5.0,0.61,2.0,0.62,10.0,0.69,50.0,0.7,5.0,0.71,5.0,0.1,0.1,615.669657,1776171614000
1776171616.745,16.745,0.39,2.0,0.38,10.0,0.31,50.0,0.3,5.0,0.29,5.0,0.49,10.0,0.54,5.0,0.55,5.0,0.56,5.0,0.57,5.0,0.51,10.0,0.46,5.0,0.45,5.0,0.44,5.0,0.43,5.0,0.61,2.0,0.62,10.0,0.69,50.0,0.7,5.0,0.71,5.0,0.1,0.1,615.669657,1776171615000
1776171617.951,17.951,0.39,2.0,0.38,10.0,0.31,50.0,0.3,5.0,0.29,5.0,0.49,10.0,0.54,5.0,0.55,5.0,0.56,5.0,0.57,5.0,0.51,10.0,0.46,5.0,0.45,5.0,0.44,5.0,0.43,5.0,0.61,2.0,0.62,10.0,0.69,50.0,0.7,5.0,0.71,5.0,0.1,0.1,615.68256,1776171616000
1776171619.845,19.845,0.39,2.0,0.38,10.0,0.31,50.0,0.3,5.0,0.29,5.0,0.49,10.0,0.54,5.0,0.55,5.0,0.56,5.0,0.57,5.0,0.51,10.0,0.46,5.0,0.45,5.0,0.44,5.0,0.43,5.0,0.61,2.0,0.62,10.0,0.69,50.0,0.7,5.0,0.71,5.0,0.1,0.1,615.733,1776171617000
1776171620.312,20.312,0.38,10.0,0.3,5.0,0.29,5.0,0.28,22.0,0.27,5.0,0.46,27.0,0.49,10.0,0.51,60.0,0.54,5.0,0.55,5.0,0.51,10.0,0.46,5.0,0.45,5.0,0.44,5.0,0.43,5.0,0.61,2.0,0.62,10.0,0.69,50.0,0.7,5.0,0.71,5.0,0.08,0.1,615.71,1776171618000
1776171620.859,20.859,0.38,10.0,0.3,5.0,0.29,5.0,0.28,22.0,0.27,5.0,0.46,27.0,0.49,10.0,0.51,60.0,0.54,5.0,0.55,5.0,0.54,27.0,0.51,10.0,0.49,60.0,0.46,5.0,0.45,5.0,0.62,10.0,0.7,5.0,0.71,5.0,0.72,22.0,0.73,5.0,0.08,0.08,615.712,1776171619000
1776171622.781,22.781,0.38,10.0,0.3,5.0,0.29,5.0,0.28,22.0,0.27,5.0,0.46,27.0,0.49,10.0,0.51,60.0,0.54,5.0,0.55,5.0,0.54,27.0,0.51,10.0,0.49,60.0,0.46,5.0,0.45,5.0,0.62,10.0,0.7,5.0,0.71,5.0,0.72,22.0,0.73,5.0,0.08,0.08,615.712,1776171620000
1776171623.052,23.052,0.38,10.0,0.3,5.0,0.29,5.0,0.28,22.0,0.27,5.0,0.46,27.0,0.49,10.0,0.51,60.0,0.54,5.0,0.55,5.0,0.54,27.0,0.51,10.0,0.49,60.0,0.46,5.0,0.45,5.0,0.62,10.0,0.7,5.0,0.71,5.0,0.72,22.0,0.73,5.0,0.08,0.08,615.715705,1776171621000
1776171625.152,25.152,0.38,10.0,0.3,5.0,0.29,5.0,0.28,22.0,0.27,5.0,0.46,27.0,0.49,10.0,0.51,60.0,0.54,5.0,0.55,5.0,0.54,27.0,0.51,10.0,0.49,60.0,0.46,5.0,0.45,5.0,0.62,10.0,0.7,5.0,0.71,5.0,0.72,22.0,0.73,5.0,0.08,0.08,615.719744,1776171622000
1776171626.572,26.572,0.38,10.0,0.3,5.0,0.29,5.0,0.28,22.0,0.27,5.0,0.46,27.0,0.49,10.0,0.51,60.0,0.54,5.0,0.55,5.0,0.54,27.0,0.51,10.0,0.49,60.0,0.46,5.0,0.45,5.0,0.62,10.0,0.7,5.0,0.71,5.0,0.72,22.0,0.73,5.0,0.08,0.08,615.710548,1776171623000
1776171626.941,26.941,0.38,10.0,0.3,5.0,0.29,5.0,0.28,22.0,0.27,5.0,0.46,27.0,0.49,10.0,0.51,60.0,0.54,5.0,0.55,5.0,0.54,27.0,0.51,10.0,0.49,60.0,0.46,5.0,0.45,5.0,0.62,10.0,0.7,5.0,0.71,5.0,0.72,22.0,0.73,5.0,0.08,0.08,615.718476,1776171624000
1776171627.475,27.475,0.38,10.0,0.3,5.0,0.29,5.0,0.28,22.0,0.27,5.0,0.46,27.0,0.49,10.0,0.51,60.0,0.54,5.0,0.55,5.0,0.54,27.0,0.51,10.0,0.49,60.0,0.46,5.0,0.45,5.0,0.62,10.0,0.7,5.0,0.71,5.0,0.72,22.0,0.73,5.0,0.08,0.08,615.731,1776171626000
1776171628.094,28.094,0.38,10.0,0.3,5.0,0.29,5.0,0.28,22.0,0.27,5.0,0.46,27.0,0.49,10.0,0.51,60.0,0.54,5.0,0.55,5.0,0.54,27.0,0.51,10.0,0.49,60.0,0.46,5.0,0.45,5.0,0.62,10.0,0.7,5.0,0.71,5.0,0.72,22.0,0.73,5.0,0.08,0.08,615.734,1776171627000
1776171628.895,28.895,0.38,10.0,0.3,5.0,0.29,5.0,0.28,22.0,0.27,5.0,0.46,27.0,0.49,10.0,0.51,60.0,0.54,5.0,0.55,5.0,0.54,27.0,0.51,10.0,0.49,60.0,0.46,5.0,0.45,5.0,0.62,10.0,0.7,5.0,0.71,5.0,0.72,22.0,0.73,5.0,0.08,0.08,615.76,1776171628000
1776171629.863,29.863,0.38,10.0,0.3,5.0,0.29,5.0,0.28,22.0,0.27,5.0,0.46,27.0,0.49,10.0,0.51,60.0,0.54,5.0,0.55,5.0,0.54,27.0,0.51,10.0,0.49,60.0,0.46,5.0,0.45,5.0,0.62,10.0,0.7,5.0,0.71,5.0,0.72,22.0,0.73,5.0,0.08,0.08,615.751369,1776171629000
1776171633.172,33.172,0.38,10.0,0.3,5.0,0.29,5.0,0.28,22.0,0.27,5.0,0.46,27.0,0.49,10.0,0.51,60.0,0.54,5.0,0.55,5.0,0.54,27.0,0.51,10.0,0.49,60.0,0.46,5.0,0.45,5.0,0.62,10.0,0.7,5.0,0.71,5.0,0.72,22.0,0.73,5.0,0.08,0.08,615.790506,1776171631000
1776171633.788,33.788,0.38,10.0,0.3,5.0,0.29,5.0,0.28,22.0,0.27,5.0,0.46,27.0,0.49,10.0,0.51,60.0,0.54,5.0,0.55,5.0,0.54,27.0,0.51,10.0,0.49,60.0,0.46,5.0,0.45,5.0,0.62,10.0,0.7,5.0,0.71,5.0,0.72,22.0,0.73,5.0,0.08,0.08,615.760392,1776171632000
1776171634.576,34.576,0.45,23.0,0.44,5.0,0.43,5.0,0.37,13.0,0.35,10.0,0.61,67.0,0.62,5.0,0.66,10.0,0.71,55.0,0.72,5.0,0.39,67.0,0.38,5.0,0.34,10.0,0.29,55.0,0.28,5.0,0.55,23.0,0.56,5.0,0.57,5.0,0.63,13.0,0.65,10.0,0.16,0.16,615.769441,1776171633000
1776171635.088,35.088,0.51,2.0,0.5,10.0,0.47,5.0,0.46,5.0,0.45,5.0,0.6,10.0,0.61,67.0,0.62,5.0,0.66,10.0,0.71,55.0,0.39,67.0,0.38,5.0,0.34,10.0,0.29,55.0,0.28,5.0,0.55,23.0,0.56,5.0,0.57,5.0,0.63,13.0,0.65,10.0,0.09,0.16,615.769441,1776171633000
1776171636.536,36.536,0.51,2.0,0.5,10.0,0.47,5.0,0.46,5.0,0.45,5.0,0.6,10.0,0.61,67.0,0.62,5.0,0.66,10.0,0.71,55.0,0.4,10.0,0.39,67.0,0.38,5.0,0.34,10.0,0.29,55.0,0.49,2.0,0.5,10.0,0.53,5.0,0.54,5.0,0.55,5.0,0.09,0.09,615.85102,1776171635000
1776171637.367,37.367,0.51,2.0,0.5,10.0,0.47,5.0,0.46,5.0,0.45,5.0,0.6,10.0,0.61,67.0,0.62,5.0,0.66,10.0,0.71,55.0,0.4,10.0,0.39,67.0,0.38,5.0,0.34,10.0,0.29,55.0,0.49,2.0,0.5,10.0,0.53,5.0,0.54,5.0,0.55,5.0,0.09,0.09,615.834047,1776171636000
1776171638.441,38.441,0.51,2.0,0.5,10.0,0.47,5.0,0.46,5.0,0.45,5.0,0.6,10.0,0.61,67.0,0.62,5.0,0.66,10.0,0.71,55.0,0.4,10.0,0.39,67.0,0.38,5.0,0.34,10.0,0.29,55.0,0.49,2.0,0.5,10.0,0.53,5.0,0.54,5.0,0.55,5.0,0.09,0.09,615.866614,1776171637000
1776171638.899,38.899,0.51,2.0,0.5,10.0,0.47,5.0,0.46,5.0,0.45,5.0,0.6,10.0,0.61,67.0,0.62,5.0,0.66,10.0,0.71,55.0,0.4,10.0,0.39,67.0,0.38,5.0,0.34,10.0,0.29,55.0,0.49,2.0,0.5,10.0,0.53,5.0,0.54,5.0,0.55,5.0,0.09,0.09,615.877801,1776171638000
1776171640.496,40.496,0.51,2.0,0.5,10.0,0.47,5.0,0.46,5.0,0.45,5.0,0.6,10.0,0.61,67.0,0.62,5.0,0.66,10.0,0.71,55.0,0.4,10.0,0.39,67.0,0.38,5.0,0.34,10.0,0.29,55.0,0.49,2.0,0.5,10.0,0.53,5.0,0.54,5.0,0.55,5.0,0.09,0.09,615.840751,1776171639000
1776171641.311,41.311,0.51,2.0,0.5,10.0,0.47,5.0,0.46,5.0,0.45,5.0,0.6,10.0,0.61,67.0,0.62,5.0,0.66,10.0,0.71,55.0,0.4,10.0,0.39,67.0,0.38,5.0,0.34,10.0,0.29,55.0,0.49,2.0,0.5,10.0,0.53,5.0,0.54,5.0,0.55,5.0,0.09,0.09,615.864294,1776171640000
1776171642.453,42.453,0.51,2.0,0.5,10.0,0.47,5.0,0.46,5.0,0.45,5.0,0.6,10.0,0.61,67.0,0.62,5.0,0.66,10.0,0.71,55.0,0.4,10.0,0.39,67.0,0.38,5.0,0.34,10.0,0.29,55.0,0.49,2.0,0.5,10.0,0.53,5.0,0.54,5.0,0.55,5.0,0.09,0.09,615.84544,1776171641000
1776171643.194,43.194,0.51,2.0,0.5,10.0,0.47,5.0,0.46,5.0,0.45,5.0,0.6,10.0,0.61,67.0,0.62,5.0,0.66,10.0,0.71,55.0,0.4,10.0,0.39,67.0,0.38,5.0,0.34,10.0,0.29,55.0,0.49,2.0,0.5,10.0,0.53,5.0,0.54,5.0,0.55,5.0,0.09,0.09,615.84515,1776171642000
1776171644.357,44.357,0.51,2.0,0.5,10.0,0.47,5.0,0.46,5.0,0.45,5.0,0.6,10.0,0.61,67.0,0.62,5.0,0.66,10.0,0.71,55.0,0.4,10.0,0.39,67.0,0.38,5.0,0.34,10.0,0.29,55.0,0.49,2.0,0.5,10.0,0.53,5.0,0.54,5.0,0.55,5.0,0.09,0.09,615.847324,1776171643000
1776171645.247,45.247,0.51,2.0,0.5,10.0,0.47,5.0,0.46,5.0,0.45,5.0,0.6,10.0,0.61,67.0,0.62,5.0,0.66,10.0,0.71,55.0,0.4,10.0,0.39,67.0,0.38,5.0,0.34,10.0,0.29,55.0,0.49,2.0,0.5,10.0,0.53,5.0,0.54,5.0,0.55,5.0,0.09,0.09,615.82692,1776171644000
1776171646.642,46.642,0.51,2.0,0.5,10.0,0.47,5.0,0.46,5.0,0.45,5.0,0.6,10.0,0.61,67.0,0.62,5.0,0.66,10.0,0.71,55.0,0.4,10.0,0.39,67.0,0.38,5.0,0.34,10.0,0.29,55.0,0.49,2.0,0.5,10.0,0.53,5.0,0.54,5.0,0.55,5.0,0.09,0.09,615.83682,1776171645000
1776171647.511,47.511,0.51,2.0,0.5,10.0,0.47,5.0,0.46,5.0,0.45,5.0,0.6,10.0,0.61,67.0,0.62,5.0,0.66,10.0,0.71,55.0,0.4,10.0,0.39,67.0,0.38,5.0,0.34,10.0,0.29,55.0,0.49,2.0,0.5,10.0,0.53,5.0,0.54,5.0,0.55,5.0,0.09,0.09,615.871468,1776171646000
1776171648.435,48.435,0.51,2.0,0.5,10.0,0.47,5.0,0.46,5.0,0.45,5.0,0.6,10.0,0.61,67.0,0.62,5.0,0.66,10.0,0.71,55.0,0.4,10.0,0.39,67.0,0.38,5.0,0.34,10.0,0.29,55.0,0.49,2.0,0.5,10.0,0.53,5.0,0.54,5.0,0.55,5.0,0.09,0.09,615.872209,1776171647000
1776171648.918,48.918,0.51,2.0,0.5,10.0,0.47,5.0,0.46,5.0,0.45,5.0,0.6,10.0,0.61,67.0,0.62,5.0,0.66,10.0,0.71,55.0,0.4,10.0,0.39,67.0,0.38,5.0,0.34,10.0,0.29,55.0,0.49,2.0,0.5,10.0,0.53,5.0,0.54,5.0,0.55,5.0,0.09,0.09,615.84141,1776171648000
1776171649.9,49.9,0.51,2.0,0.5,10.0,0.47,5.0,0.46,5.0,0.45,5.0,0.6,10.0,0.61,67.0,0.62,5.0,0.66,10.0,0.71,55.0,0.4,10.0,0.39,67.0,0.38,5.0,0.34,10.0,0.29,55.0,0.49,2.0,0.5,10.0,0.53,5.0,0.54,5.0,0.55,5.0,0.09,0.09,615.864585,1776171649000
1776171650.914,50.914,0.51,2.0,0.5,10.0,0.47,5.0,0.46,5.0,0.45,5.0,0.6,10.0,0.61,67.0,0.62,5.0,0.66,10.0,0.71,55.0,0.4,10.0,0.39,67.0,0.38,5.0,0.34,10.0,0.29,55.0,0.49,2.0,0.5,10.0,0.53,5.0,0.54,5.0,0.55,5.0,0.09,0.09,615.88127,1776171650000
1776171652.552,52.552,0.51,2.0,0.5,10.0,0.47,5.0,0.46,5.0,0.45,5.0,0.6,10.0,0.61,67.0,0.62,5.0,0.66,10.0,0.71,55.0,0.4,10.0,0.39,67.0,0.38,5.0,0.34,10.0,0.29,55.0,0.49,2.0,0.5,10.0,0.53,5.0,0.54,5.0,0.55,5.0,0.09,0.09,615.86573,1776171651000
1776171653.322,53.322,0.51,2.0,0.5,10.0,0.47,5.0,0.46,5.0,0.45,5.0,0.6,10.0,0.61,67.0,0.62,5.0,0.66,10.0,0.71,55.0,0.4,10.0,0.39,67.0,0.38,5.0,0.34,10.0,0.29,55.0,0.49,2.0,0.5,10.0,0.53,5.0,0.54,5.0,0.55,5.0,0.09,0.09,615.84405,1776171652000
1776171654.397,54.397,0.51,2.0,0.5,10.0,0.47,5.0,0.46,5.0,0.45,5.0,0.6,10.0,0.61,67.0,0.62,5.0,0.66,10.0,0.71,55.0,0.4,10.0,0.39,67.0,0.38,5.0,0.34,10.0,0.29,55.0,0.49,2.0,0.5,10.0,0.53,5.0,0.54,5.0,0.55,5.0,0.09,0.09,615.8457,1776171653000
1776171655.321,55.321,0.51,2.0,0.5,10.0,0.47,5.0,0.46,5.0,0.45,5.0,0.6,10.0,0.61,67.0,0.62,5.0,0.66,10.0,0.71,55.0,0.4,10.0,0.39,67.0,0.38,5.0,0.34,10.0,0.29,55.0,0.49,2.0,0.5,10.0,0.53,5.0,0.54,5.0,0.55,5.0,0.09,0.09,615.86035,1776171654000
1776171656.43,56.43,0.51,2.0,0.5,10.0,0.47,5.0,0.46,5.0,0.45,5.0,0.6,10.0,0.61,67.0,0.62,5.0,0.66,10.0,0.71,55.0,0.4,10.0,0.39,67.0,0.38,5.0,0.34,10.0,0.29,55.0,0.49,2.0,0.5,10.0,0.53,5.0,0.54,5.0,0.55,5.0,0.09,0.09,615.883286,1776171655000
1776171657.154,57.154,0.51,2.0,0.5,10.0,0.47,5.0,0.46,5.0,0.45,5.0,0.6,10.0,0.61,67.0,0.62,5.0,0.66,10.0,0.71,55.0,0.4,10.0,0.39,67.0,0.38,5.0,0.34,10.0,0.29,55.0,0.49,2.0,0.5,10.0,0.53,5.0,0.54,5.0,0.55,5.0,0.09,0.09,615.88392,1776171656000
1776171658.088,58.088,0.51,2.0,0.5,10.0,0.47,5.0,0.46,5.0,0.45,5.0,0.6,10.0,0.61,67.0,0.62,5.0,0.66,10.0,0.71,55.0,0.4,10.0,0.39,67.0,0.38,5.0,0.34,10.0,0.29,55.0,0.49,2.0,0.5,10.0,0.53,5.0,0.54,5.0,0.55,5.0,0.09,0.09,615.85957,1776171657000
1776171659.323,59.323,0.51,2.0,0.5,10.0,0.47,5.0,0.46,5.0,0.45,5.0,0.6,10.0,0.61,67.0,0.62,5.0,0.66,10.0,0.71,55.0,0.4,10.0,0.39,67.0,0.38,5.0,0.34,10.0,0.29,55.0,0.49,2.0,0.5,10.0,0.53,5.0,0.54,5.0,0.55,5.0,0.09,0.09,615.87273,1776171658000
1776171660.36,60.36,0.51,2.0,0.5,10.0,0.47,5.0,0.46,5.0,0.45,5.0,0.6,10.0,0.61,67.0,0.62,5.0,0.66,10.0,0.71,55.0,0.4,10.0,0.39,67.0,0.38,5.0,0.34,10.0,0.29,55.0,0.49,2.0,0.5,10.0,0.53,5.0,0.54,5.0,0.55,5.0,0.09,0.09,615.84583,1776171659000
1776171660.901,60.901,0.51,2.0,0.5,10.0,0.47,5.0,0.46,5.0,0.45,5.0,0.6,10.0,0.61,67.0,0.62,5.0,0.66,10.0,0.71,55.0,0.4,10.0,0.39,67.0,0.38,5.0,0.34,10.0,0.29,55.0,0.49,2.0,0.5,10.0,0.53,5.0,0.54,5.0,0.55,5.0,0.09,0.09,615.85691,1776171660000
1776171662.331,62.331,0.51,2.0,0.5,10.0,0.47,5.0,0.46,5.0,0.45,5.0,0.6,10.0,0.61,67.0,0.62,5.0,0.66,10.0,0.71,55.0,0.4,10.0,0.39,67.0,0.38,5.0,0.34,10.0,0.29,55.0,0.49,2.0,0.5,10.0,0.53,5.0,0.54,5.0,0.55,5.0,0.09,0.09,615.84133,1776171661000
1776171663.253,63.253,0.51,2.0,0.5,10.0,0.47,5.0,0.46,5.0,0.45,5.0,0.6,10.0,0.61,67.0,0.62,5.0,0.66,10.0,0.71,55.0,0.4,10.0,0.39,67.0,0.38,5.0,0.34,10.0,0.29,55.0,0.49,2.0,0.5,10.0,0.53,5.0,0.54,5.0,0.55,5.0,0.09,0.09,615.86238,1776171662000
1776171663.8,63.8,0.65,47.0,0.58,10.0,0.51,50.0,0.5,5.0,0.41,60.7,0.66,5.5,0.74,13.5,0.75,13.9,0.76,14.3,0.77,14.7,0.4,10.0,0.39,67.0,0.38,5.0,0.34,10.0,0.29,55.0,0.49,2.0,0.5,10.0,0.53,5.0,0.54,5.0,0.55,5.0,0.01,0.09,615.86238,1776171662000
1776171664.235,64.235,0.65,47.0,0.58,10.0,0.51,50.0,0.5,5.0,0.42,10.7,0.66,0.42,0.74,13.5,0.75,13.9,0.76,14.3,0.77,14.7,0.34,0.42,0.26,13.5,0.25,13.9,0.24,14.3,0.23,14.7,0.35,47.0,0.42,10.0,0.49,50.0,0.5,5.0,0.58,10.7,0.01,0.01,615.8564,1776171663000
1776171665.366,65.366,0.7,26.58,0.65,47.0,0.58,10.0,0.51,50.0,0.5,5.0,0.74,13.5,0.75,13.9,0.76,14.3,0.77,14.7,0.78,15.2,0.26,13.5,0.25,13.9,0.24,14.3,0.23,14.7,0.22,15.2,0.3,26.58,0.35,47.0,0.42,10.0,0.49,50.0,0.5,5.0,0.04,0.04,615.982,1776171664000
1776171666.457,66.457,0.72,4.44,0.71,10.0,0.7,31.58,0.69,5.0,0.68,12.0,0.74,13.5,0.75,13.9,0.76,14.3,0.77,14.7,0.78,15.2,0.26,13.5,0.25,13.9,0.24,14.3,0.23,14.7,0.22,15.2,0.28,4.44,0.29,10.0,0.3,31.58,0.31,5.0,0.32,12.0,0.02,0.02,615.999,1776171665000
1776171667.319,67.319,0.72,4.44,0.71,10.0,0.7,31.58,0.69,5.0,0.68,12.0,0.74,13.5,0.75,13.9,0.76,14.3,0.77,14.7,0.78,15.2,0.26,13.5,0.25,13.9,0.24,14.3,0.23,14.7,0.22,15.2,0.28,4.44,0.29,10.0,0.3,31.58,0.31,5.0,0.32,12.0,0.02,0.02,616.027,1776171666000
1776171668.349,68.349,0.72,4.44,0.71,10.0,0.7,31.58,0.69,5.0,0.68,12.0,0.74,13.5,0.75,13.9,0.76,14.3,0.77,14.7,0.78,15.2,0.26,13.5,0.25,13.9,0.24,14.3,0.23,14.7,0.22,15.2,0.28,4.44,0.29,10.0,0.3,31.58,0.31,5.0,0.32,12.0,0.02,0.02,616.046,1776171667000
1776171669.265,69.265,0.72,4.44,0.71,10.0,0.7,31.58,0.69,5.0,0.68,12.0,0.74,13.5,0.75,13.9,0.76,14.3,0.77,14.7,0.78,15.2,0.26,13.5,0.25,13.9,0.24,14.3,0.23,14.7,0.22,15.2,0.28,4.44,0.29,10.0,0.3,31.58,0.31,5.0,0.32,12.0,0.02,0.02,616.04002,1776171668000
1776171670.72,70.72,0.72,4.44,0.71,10.0,0.7,31.58,0.69,5.0,0.68,12.0,0.74,13.5,0.75,13.9,0.76,14.3,0.77,14.7,0.78,15.2,0.26,13.5,0.25,13.9,0.24,14.3,0.23,14.7,0.22,15.2,0.28,4.44,0.29,10.0,0.3,31.58,0.31,5.0,0.32,12.0,0.02,0.02,616.024647,1776171669000
1776171671.474,71.474,0.72,4.44,0.71,10.0,0.7,31.58,0.69,5.0,0.68,12.0,0.74,13.5,0.75,13.9,0.76,14.3,0.77,14.7,0.78,15.2,0.26,13.5,0.25,13.9,0.24,14.3,0.23,14.7,0.22,15.2,0.28,4.44,0.29,10.0,0.3,31.58,0.31,5.0,0.32,12.0,0.02,0.02,616.043341,1776171670000
1776171671.928,71.928,0.72,4.44,0.71,10.0,0.7,31.58,0.69,5.0,0.68,12.0,0.74,13.5,0.75,13.9,0.76,14.3,0.77,14.7,0.78,15.2,0.26,13.5,0.25,13.9,0.24,14.3,0.23,14.7,0.22,15.2,0.28,4.44,0.29,10.0,0.3,31.58,0.31,5.0,0.32,12.0,0.02,0.02,616.043341,1776171671000
1776171673.042,73.042,0.72,4.44,0.71,10.0,0.7,31.58,0.69,5.0,0.68,12.0,0.74,13.5,0.75,13.9,0.76,14.3,0.77,14.7,0.78,15.2,0.26,13.5,0.25,13.9,0.24,14.3,0.23,14.7,0.22,15.2,0.28,4.44,0.29,10.0,0.3,31.58,0.31,5.0,0.32,12.0,0.02,0.02,616.030721,1776171672000
1776171673.739,73.739,0.71,10.0,0.7,31.58,0.69,5.0,0.65,37.0,0.61,10.0,0.74,13.5,0.75,13.9,0.76,14.3,0.77,14.7,0.78,15.2,0.26,13.5,0.25,13.9,0.24,14.3,0.23,14.7,0.22,15.2,0.28,4.44,0.29,10.0,0.3,31.58,0.31,5.0,0.32,12.0,0.03,0.02,616.030721,1776171672000
1776171674.767,74.767,0.71,10.0,0.7,31.58,0.69,5.0,0.65,30.0,0.63,7.0,0.75,3.4,0.76,14.3,0.77,14.7,0.78,15.2,0.79,15.7,0.26,13.5,0.25,13.9,0.24,14.3,0.23,14.7,0.22,15.2,0.29,10.0,0.3,31.58,0.31,5.0,0.35,37.0,0.39,10.0,0.04,0.03,616.04,1776171673000
1776171676.462,76.462,0.71,10.0,0.7,31.58,0.69,5.0,0.65,30.0,0.63,7.0,0.75,3.4,0.76,14.3,0.77,14.7,0.78,15.2,0.79,15.7,0.25,3.4,0.24,14.3,0.23,14.7,0.22,15.2,0.21,15.7,0.29,10.0,0.3,31.58,0.31,5.0,0.35,30.0,0.37,7.0,0.04,0.04,616.028,1776171675000
1776171676.98,76.98,0.71,10.0,0.7,31.58,0.69,5.0,0.65,30.0,0.63,7.0,0.75,3.4,0.76,14.3,0.77,14.7,0.78,15.2,0.79,15.7,0.25,3.4,0.24,14.3,0.23,14.7,0.22,15.2,0.21,15.7,0.29,10.0,0.3,31.58,0.31,5.0,0.35,30.0,0.37,7.0,0.04,0.04,616.028,1776171676000
1776171677.93,77.93,0.71,10.0,0.7,31.58,0.69,5.0,0.65,30.0,0.63,7.0,0.75,3.4,0.76,14.3,0.77,14.7,0.78,15.2,0.79,15.7,0.25,3.4,0.24,14.3,0.23,14.7,0.22,15.2,0.21,15.7,0.29,10.0,0.3,31.58,0.31,5.0,0.35,30.0,0.37,7.0,0.04,0.04,616.011335,1776171677000
1776171678.37,78.37,0.77,5.0,0.7,26.58,0.69,7.0,0.61,60.9,0.6,10.8,0.81,7.95,0.82,17.6,0.83,18.39,0.84,19.3,0.85,20.39,0.25,3.4,0.24,14.3,0.23,14.7,0.22,15.2,0.21,15.7,0.29,10.0,0.3,31.58,0.31,5.0,0.35,30.0,0.37,7.0,0.04,0.04,616.011335,1776171677000
1776171678.975,78.975,0.77,5.0,0.7,26.58,0.69,7.0,0.61,60.9,0.6,10.8,0.81,7.95,0.82,17.6,0.83,18.39,0.84,19.3,0.85,20.39,0.19,7.95,0.18,17.6,0.17,18.39,0.16,19.3,0.15,20.39,0.23,5.0,0.3,26.58,0.31,7.0,0.39,60.9,0.4,10.8,0.04,0.04,616.028,1776171678000
1776171679.977,79.977,0.77,5.0,0.7,26.58,0.69,7.0,0.61,60.9,0.6,10.8,0.81,7.95,0.82,17.6,0.83,18.39,0.84,19.3,0.85,20.39,0.19,7.95,0.18,17.6,0.17,18.39,0.16,19.3,0.15,20.39,0.23,5.0,0.3,26.58,0.31,7.0,0.39,60.9,0.4,10.8,0.04,0.04,616.09236,1776171679000
1776171680.995,80.995,0.77,5.0,0.7,26.58,0.69,7.0,0.61,60.9,0.6,10.8,0.81,7.95,0.82,17.6,0.83,18.39,0.84,19.3,0.85,20.39,0.19,7.95,0.18,17.6,0.17,18.39,0.16,19.3,0.15,20.39,0.23,5.0,0.3,26.58,0.31,7.0,0.39,60.9,0.4,10.8,0.04,0.04,616.10351,1776171680000
1776171681.989,81.989,0.77,5.0,0.7,26.58,0.69,7.0,0.61,60.9,0.6,10.8,0.81,7.95,0.82,17.6,0.83,18.39,0.84,19.3,0.85,20.39,0.19,7.95,0.18,17.6,0.17,18.39,0.16,19.3,0.15,20.39,0.23,5.0,0.3,26.58,0.31,7.0,0.39,60.9,0.4,10.8,0.04,0.04,616.0375,1776171681000
1776171683.017,83.017,0.77,5.0,0.7,26.58,0.69,7.0,0.61,60.9,0.6,10.8,0.81,7.95,0.82,17.6,0.83,18.39,0.84,19.3,0.85,20.39,0.19,7.95,0.18,17.6,0.17,18.39,0.16,19.3,0.15,20.39,0.23,5.0,0.3,26.58,0.31,7.0,0.39,60.9,0.4,10.8,0.04,0.04,616.04476,1776171682000
1776171683.899,83.899,0.77,5.0,0.7,26.58,0.69,7.0,0.61,60.9,0.6,10.8,0.81,7.95,0.82,17.6,0.83,18.39,0.84,19.3,0.85,20.39,0.19,7.95,0.18,17.6,0.17,18.39,0.16,19.3,0.15,20.39,0.23,5.0,0.3,26.58,0.31,7.0,0.39,60.9,0.4,10.8,0.04,0.04,616.02495,1776171683000
1776171684.819,84.819,0.77,5.0,0.7,26.58,0.69,7.0,0.61,60.9,0.6,10.8,0.81,7.95,0.82,17.6,0.83,18.39,0.84,19.3,0.85,20.39,0.19,7.95,0.18,17.6,0.17,18.39,0.16,19.3,0.15,20.39,0.23,5.0,0.3,26.58,0.31,7.0,0.39,60.9,0.4,10.8,0.04,0.04,616.056836,1776171684000
1776171686.251,86.251,0.77,5.0,0.7,26.58,0.69,7.0,0.61,60.9,0.6,10.8,0.81,7.95,0.82,17.6,0.83,18.39,0.84,19.3,0.85,20.39,0.19,7.95,0.18,17.6,0.17,18.39,0.16,19.3,0.15,20.39,0.23,5.0,0.3,26.58,0.31,7.0,0.39,60.9,0.4,10.8,0.04,0.04,616.08625,1776171685000
1776171687.193,87.193,0.78,4.6,0.7,26.58,0.68,7.0,0.65,10.0,0.64,11.3,0.79,15.7,0.8,16.2,0.81,7.95,0.82,17.6,0.83,18.39,0.19,7.95,0.18,17.6,0.17,18.39,0.16,19.3,0.15,20.39,0.23,5.0,0.3,26.58,0.31,7.0,0.39,60.9,0.4,10.8,0.01,0.04,616.08625,1776171685000
1776171688.212,88.212,0.78,4.6,0.7,26.58,0.68,7.0,0.65,10.0,0.64,11.3,0.79,15.7,0.8,16.2,0.81,7.95,0.82,17.6,0.83,18.39,0.21,15.7,0.2,16.2,0.19,7.95,0.18,17.6,0.17,18.39,0.22,4.6,0.3,26.58,0.32,7.0,0.35,10.0,0.36,11.3,0.01,0.01,616.074485,1776171687000
1776171689.25,89.25,0.78,4.6,0.7,26.58,0.68,7.0,0.65,10.0,0.64,11.3,0.79,15.7,0.8,16.2,0.81,7.95,0.82,17.6,0.83,18.39,0.21,15.7,0.2,16.2,0.19,7.95,0.18,17.6,0.17,18.39,0.22,4.6,0.3,26.58,0.32,7.0,0.35,10.0,0.36,11.3,0.01,0.01,616.100898,1776171688000
1776171689.574,89.574,0.78,14.0,0.7,26.58,0.67,7.0,0.65,21.4,0.64,11.3,0.79,10.43,0.8,16.2,0.81,7.95,0.82,17.6,0.83,18.39,0.21,15.7,0.2,16.2,0.19,7.95,0.18,17.6,0.17,18.39,0.22,4.6,0.3,26.58,0.32,7.0,0.35,10.0,0.36,11.3,0.01,0.01,616.100898,1776171688000
1776171690.197,90.197,0.78,14.0,0.7,26.58,0.67,7.0,0.65,21.4,0.64,11.3,0.79,10.43,0.8,16.2,0.81,7.95,0.82,17.6,0.83,18.39,0.21,10.43,0.2,16.2,0.19,7.95,0.18,17.6,0.17,18.39,0.22,14.0,0.3,26.58,0.33,7.0,0.35,21.4,0.36,11.3,0.01,0.01,616.04517,1776171689000
1776171691.254,91.254,0.78,14.0,0.7,26.58,0.67,7.0,0.65,21.4,0.64,11.3,0.79,10.43,0.8,16.2,0.81,7.95,0.82,17.6,0.83,18.39,0.21,10.43,0.2,16.2,0.19,7.95,0.18,17.6,0.17,18.39,0.22,14.0,0.3,26.58,0.33,7.0,0.35,21.4,0.36,11.3,0.01,0.01,616.02801,1776171690000
1776171692.335,92.335,0.78,14.0,0.7,26.58,0.67,7.0,0.65,21.4,0.64,11.3,0.79,10.43,0.8,16.2,0.81,7.95,0.82,17.6,0.83,18.39,0.21,10.43,0.2,16.2,0.19,7.95,0.18,17.6,0.17,18.39,0.22,14.0,0.3,26.58,0.33,7.0,0.35,21.4,0.36,11.3,0.01,0.01,616.01942,1776171691000
1776171693.212,93.212,0.78,14.0,0.7,26.58,0.67,7.0,0.65,21.4,0.64,11.3,0.79,10.43,0.8,16.2,0.81,7.95,0.82,17.6,0.83,18.39,0.21,10.43,0.2,16.2,0.19,7.95,0.18,17.6,0.17,18.39,0.22,14.0,0.3,26.58,0.33,7.0,0.35,21.4,0.36,11.3,0.01,0.01,616.03967,1776171692000
1776171694.294,94.294,0.78,14.0,0.7,26.58,0.67,7.0,0.65,21.4,0.64,11.3,0.79,10.43,0.8,16.2,0.81,7.95,0.82,17.6,0.83,18.39,0.21,10.43,0.2,16.2,0.19,7.95,0.18,17.6,0.17,18.39,0.22,14.0,0.3,26.58,0.33,7.0,0.35,21.4,0.36,11.3,0.01,0.01,616.04587,1776171693000
1776171695.183,95.183,0.78,14.0,0.7,26.58,0.67,7.0,0.65,21.4,0.64,11.3,0.79,10.43,0.8,16.2,0.81,7.95,0.82,17.6,0.83,18.39,0.21,10.43,0.2,16.2,0.19,7.95,0.18,17.6,0.17,18.39,0.22,14.0,0.3,26.58,0.33,7.0,0.35,21.4,0.36,11.3,0.01,0.01,616.103284,1776171694000
1776171696.181,96.181,0.78,14.0,0.7,26.58,0.67,7.0,0.65,21.4,0.64,11.3,0.79,10.43,0.8,16.2,0.81,7.95,0.82,17.6,0.83,18.39,0.21,10.43,0.2,16.2,0.19,7.95,0.18,17.6,0.17,18.39,0.22,14.0,0.3,26.58,0.33,7.0,0.35,21.4,0.36,11.3,0.01,0.01,616.11935,1776171695000
1776171697.139,97.139,0.78,14.0,0.7,26.58,0.67,7.0,0.65,21.4,0.64,11.3,0.79,10.43,0.8,16.2,0.81,7.95,0.82,17.6,0.83,18.39,0.21,10.43,0.2,16.2,0.19,7.95,0.18,17.6,0.17,18.39,0.22,14.0,0.3,26.58,0.33,7.0,0.35,21.4,0.36,11.3,0.01,0.01,616.114861,1776171696000
1776171698.232,98.232,0.78,14.0,0.7,26.58,0.67,7.0,0.65,21.4,0.64,11.3,0.79,10.43,0.8,16.2,0.81,7.95,0.82,17.6,0.83,18.39,0.21,10.43,0.2,16.2,0.19,7.95,0.18,17.6,0.17,18.39,0.22,14.0,0.3,26.58,0.33,7.0,0.35,21.4,0.36,11.3,0.01,0.01,616.16474,1776171697000
1776171699.258,99.258,0.78,14.0,0.7,26.58,0.67,7.0,0.65,21.4,0.64,11.3,0.79,10.43,0.8,16.2,0.81,7.95,0.82,17.6,0.83,18.39,0.21,10.43,0.2,16.2,0.19,7.95,0.18,17.6,0.17,18.39,0.22,14.0,0.3,26.58,0.33,7.0,0.35,21.4,0.36,11.3,0.01,0.01,616.16332,1776171698000
1776171700.27,100.27,0.78,14.0,0.7,26.58,0.67,7.0,0.65,21.4,0.64,11.3,0.79,10.43,0.8,16.2,0.81,7.95,0.82,17.6,0.83,18.39,0.21,10.43,0.2,16.2,0.19,7.95,0.18,17.6,0.17,18.39,0.22,14.0,0.3,26.58,0.33,7.0,0.35,21.4,0.36,11.3,0.01,0.01,616.17124,1776171699000
1776171701.397,101.397,0.78,14.0,0.7,26.58,0.67,7.0,0.65,21.4,0.64,11.3,0.79,10.43,0.8,16.2,0.81,7.95,0.82,17.6,0.83,18.39,0.21,10.43,0.2,16.2,0.19,7.95,0.18,17.6,0.17,18.39,0.22,14.0,0.3,26.58,0.33,7.0,0.35,21.4,0.36,11.3,0.01,0.01,616.152301,1776171700000
1776171702.101,102.101,0.78,14.0,0.7,26.58,0.67,7.0,0.65,21.4,0.64,11.3,0.79,10.43,0.8,16.2,0.81,7.95,0.82,17.6,0.83,18.39,0.21,10.43,0.2,16.2,0.19,7.95,0.18,17.6,0.17,18.39,0.22,14.0,0.3,26.58,0.33,7.0,0.35,21.4,0.36,11.3,0.01,0.01,616.152301,1776171701000
1776171703.161,103.161,0.78,14.0,0.7,26.58,0.67,7.0,0.65,21.4,0.64,11.3,0.79,10.43,0.8,16.2,0.81,7.95,0.82,17.6,0.83,18.39,0.21,10.43,0.2,16.2,0.19,7.95,0.18,17.6,0.17,18.39,0.22,14.0,0.3,26.58,0.33,7.0,0.35,21.4,0.36,11.3,0.01,0.01,616.192077,1776171702000
1776171704.357,104.357,0.78,14.0,0.7,26.58,0.67,7.0,0.65,21.4,0.64,11.3,0.79,10.43,0.8,16.2,0.81,7.95,0.82,17.6,0.83,18.39,0.21,10.43,0.2,16.2,0.19,7.95,0.18,17.6,0.17,18.39,0.22,14.0,0.3,26.58,0.33,7.0,0.35,21.4,0.36,11.3,0.01,0.01,616.237159,1776171703000
1776171705.422,105.422,0.78,14.0,0.7,26.58,0.67,7.0,0.65,21.4,0.64,11.3,0.79,10.43,0.8,16.2,0.81,7.95,0.82,17.6,0.83,18.39,0.21,10.43,0.2,16.2,0.19,7.95,0.18,17.6,0.17,18.39,0.22,14.0,0.3,26.58,0.33,7.0,0.35,21.4,0.36,11.3,0.01,0.01,616.223984,1776171704000
1776171705.938,105.938,0.78,14.0,0.7,26.58,0.67,7.0,0.65,21.4,0.64,11.3,0.79,10.43,0.8,16.2,0.81,7.95,0.82,17.6,0.83,18.39,0.21,10.43,0.2,16.2,0.19,7.95,0.18,17.6,0.17,18.39,0.22,14.0,0.3,26.58,0.33,7.0,0.35,21.4,0.36,11.3,0.01,0.01,616.26212,1776171705000
1776171706.964,106.964,0.78,14.0,0.7,26.58,0.67,7.0,0.65,21.4,0.64,11.3,0.79,10.43,0.8,16.2,0.81,7.95,0.82,17.6,0.83,18.39,0.21,10.43,0.2,16.2,0.19,7.95,0.18,17.6,0.17,18.39,0.22,14.0,0.3,26.58,0.33,7.0,0.35,21.4,0.36,11.3,0.01,0.01,616.254715,1776171706000
1776171708.081,108.081,0.78,14.0,0.7,26.58,0.67,7.0,0.65,21.4,0.64,11.3,0.79,10.43,0.8,16.2,0.81,7.95,0.82,17.6,0.83,18.39,0.21,10.43,0.2,16.2,0.19,7.95,0.18,17.6,0.17,18.39,0.22,14.0,0.3,26.58,0.33,7.0,0.35,21.4,0.36,11.3,0.01,0.01,616.255581,1776171707000
1776171709.084,109.084,0.78,14.0,0.7,26.58,0.67,7.0,0.65,21.4,0.64,11.3,0.79,10.43,0.8,16.2,0.81,7.95,0.82,17.6,0.83,18.39,0.21,10.43,0.2,16.2,0.19,7.95,0.18,17.6,0.17,18.39,0.22,14.0,0.3,26.58,0.33,7.0,0.35,21.4,0.36,11.3,0.01,0.01,616.261351,1776171708000
1776171710.148,110.148,0.78,14.0,0.7,26.58,0.67,7.0,0.65,21.4,0.64,11.3,0.79,10.43,0.8,16.2,0.81,7.95,0.82,17.6,0.83,18.39,0.21,10.43,0.2,16.2,0.19,7.95,0.18,17.6,0.17,18.39,0.22,14.0,0.3,26.58,0.33,7.0,0.35,21.4,0.36,11.3,0.01,0.01,616.253834,1776171709000
1776171711.238,111.238,0.78,14.0,0.7,26.58,0.67,7.0,0.65,21.4,0.64,11.3,0.79,10.43,0.8,16.2,0.81,7.95,0.82,17.6,0.83,18.39,0.21,10.43,0.2,16.2,0.19,7.95,0.18,17.6,0.17,18.39,0.22,14.0,0.3,26.58,0.33,7.0,0.35,21.4,0.36,11.3,0.01,0.01,616.22297,1776171710000
1776171712.31,112.31,0.78,14.0,0.7,26.58,0.67,7.0,0.65,21.4,0.64,11.3,0.79,10.43,0.8,16.2,0.81,7.95,0.82,17.6,0.83,18.39,0.21,10.43,0.2,16.2,0.19,7.95,0.18,17.6,0.17,18.39,0.22,14.0,0.3,26.58,0.33,7.0,0.35,21.4,0.36,11.3,0.01,0.01,616.249201,1776171711000
1776171713.375,113.375,0.78,14.0,0.7,26.58,0.67,7.0,0.65,21.4,0.64,11.3,0.79,10.43,0.8,16.2,0.81,7.95,0.82,17.6,0.83,18.39,0.21,10.43,0.2,16.2,0.19,7.95,0.18,17.6,0.17,18.39,0.22,14.0,0.3,26.58,0.33,7.0,0.35,21.4,0.36,11.3,0.01,0.01,616.18001,1776171712000
1776171713.904,113.904,0.78,14.0,0.7,26.58,0.67,7.0,0.65,21.4,0.64,11.3,0.79,10.43,0.8,16.2,0.81,7.95,0.82,17.6,0.83,18.39,0.21,10.43,0.2,16.2,0.19,7.95,0.18,17.6,0.17,18.39,0.22,14.0,0.3,26.58,0.33,7.0,0.35,21.4,0.36,11.3,0.01,0.01,616.18001,1776171713000
1776171714.923,114.923,0.78,14.0,0.7,26.58,0.67,7.0,0.65,21.4,0.64,11.3,0.79,10.43,0.8,16.2,0.81,7.95,0.82,17.6,0.83,18.39,0.21,10.43,0.2,16.2,0.19,7.95,0.18,17.6,0.17,18.39,0.22,14.0,0.3,26.58,0.33,7.0,0.35,21.4,0.36,11.3,0.01,0.01,616.25937,1776171714000
1776171716.398,116.398,0.78,14.0,0.7,26.58,0.67,7.0,0.65,21.4,0.64,11.3,0.79,10.43,0.8,16.2,0.81,7.95,0.82,17.6,0.83,18.39,0.21,10.43,0.2,16.2,0.19,7.95,0.18,17.6,0.17,18.39,0.22,14.0,0.3,26.58,0.33,7.0,0.35,21.4,0.36,11.3,0.01,0.01,616.296,1776171715000
1776171716.948,116.948,0.78,14.0,0.7,26.58,0.67,7.0,0.65,21.4,0.64,11.3,0.79,10.43,0.8,16.2,0.81,7.95,0.82,17.6,0.83,18.39,0.21,10.43,0.2,16.2,0.19,7.95,0.18,17.6,0.17,18.39,0.22,14.0,0.3,26.58,0.33,7.0,0.35,21.4,0.36,11.3,0.01,0.01,616.296,1776171716000
1776171717.887,117.887,0.78,14.0,0.7,26.58,0.67,7.0,0.65,21.4,0.64,11.3,0.79,10.43,0.8,16.2,0.81,7.95,0.82,17.6,0.83,18.39,0.21,10.43,0.2,16.2,0.19,7.95,0.18,17.6,0.17,18.39,0.22,14.0,0.3,26.58,0.33,7.0,0.35,21.4,0.36,11.3,0.01,0.01,616.292,1776171717000
1776171718.85,118.85,0.78,14.0,0.7,26.58,0.67,7.0,0.65,21.4,0.64,11.3,0.79,10.43,0.8,16.2,0.81,7.95,0.82,17.6,0.83,18.39,0.21,10.43,0.2,16.2,0.19,7.95,0.18,17.6,0.17,18.39,0.22,14.0,0.3,26.58,0.33,7.0,0.35,21.4,0.36,11.3,0.01,0.01,616.309,1776171718000
1776171719.817,119.817,0.78,14.0,0.7,26.58,0.67,7.0,0.65,21.4,0.64,11.3,0.79,10.43,0.8,16.2,0.81,7.95,0.82,17.6,0.83,18.39,0.21,10.43,0.2,16.2,0.19,7.95,0.18,17.6,0.17,18.39,0.22,14.0,0.3,26.58,0.33,7.0,0.35,21.4,0.36,11.3,0.01,0.01,616.314,1776171719000
1776171720.944,120.944,0.78,14.0,0.7,26.58,0.67,7.0,0.65,21.4,0.64,11.3,0.79,10.43,0.8,16.2,0.81,7.95,0.82,17.6,0.83,18.39,0.21,10.43,0.2,16.2,0.19,7.95,0.18,17.6,0.17,18.39,0.22,14.0,0.3,26.58,0.33,7.0,0.35,21.4,0.36,11.3,0.01,0.01,616.310516,1776171720000
1776171721.605,121.605,0.84,36.0,0.82,6.0,0.79,10.0,0.78,10.0,0.74,13.5,0.87,4.99,0.88,24.6,0.89,26.6,0.9,28.9,0.91,31.7,0.21,10.43,0.2,16.2,0.19,7.95,0.18,17.6,0.17,18.39,0.22,14.0,0.3,26.58,0.33,7.0,0.35,21.4,0.36,11.3,0.03,0.01,616.310516,1776171720000
1776171721.84,121.84,0.84,33.0,0.82,6.0,0.79,10.0,0.78,10.0,0.74,13.5,0.87,4.99,0.88,24.6,0.89,26.6,0.9,28.9,0.91,31.7,0.13,4.99,0.12,24.6,0.11,26.6,0.1,28.9,0.09,31.7,0.16,33.0,0.18,6.0,0.21,10.0,0.22,10.0,0.26,13.5,0.03,0.03,616.237789,1776171721000
1776171722.808,122.808,0.84,33.0,0.82,6.0,0.79,10.0,0.78,10.0,0.74,13.5,0.87,4.99,0.88,24.6,0.89,26.6,0.9,28.9,0.91,31.7,0.13,4.99,0.12,24.6,0.11,26.6,0.1,28.9,0.09,31.7,0.16,33.0,0.18,6.0,0.21,10.0,0.22,10.0,0.26,13.5,0.03,0.03,616.24528,1776171722000
1776171723.803,123.803,0.84,33.0,0.82,6.0,0.79,10.0,0.78,10.0,0.74,13.5,0.87,4.99,0.88,24.6,0.89,26.6,0.9,28.9,0.91,31.7,0.13,4.99,0.12,24.6,0.11,26.6,0.1,28.9,0.09,31.7,0.16,33.0,0.18,6.0,0.21,10.0,0.22,10.0,0.26,13.5,0.03,0.03,616.250608,1776171723000
1776171725.237,125.237,0.84,33.0,0.82,6.0,0.79,10.0,0.78,10.0,0.74,13.5,0.87,4.99,0.88,24.6,0.89,26.6,0.9,28.9,0.91,31.7,0.13,4.99,0.12,24.6,0.11,26.6,0.1,28.9,0.09,31.7,0.16,33.0,0.18,6.0,0.21,10.0,0.22,10.0,0.26,13.5,0.03,0.03,616.318,1776171724000
1776171726.201,126.201,0.84,33.0,0.82,6.0,0.79,10.0,0.78,10.0,0.74,13.5,0.87,4.99,0.88,24.6,0.89,26.6,0.9,28.9,0.91,31.7,0.13,4.99,0.12,24.6,0.11,26.6,0.1,28.9,0.09,31.7,0.16,33.0,0.18,6.0,0.21,10.0,0.22,10.0,0.26,13.5,0.03,0.03,616.328181,1776171725000
1776171727.185,127.185,0.84,33.0,0.82,6.0,0.79,10.0,0.78,10.0,0.74,13.5,0.87,4.99,0.88,24.6,0.89,26.6,0.9,28.9,0.91,31.7,0.13,4.99,0.12,24.6,0.11,26.6,0.1,28.9,0.09,31.7,0.16,33.0,0.18,6.0,0.21,10.0,0.22,10.0,0.26,13.5,0.03,0.03,616.343434,1776171726000
1776171728.651,128.651,0.84,33.0,0.82,6.0,0.79,10.0,0.78,10.0,0.74,13.5,0.87,4.99,0.88,24.6,0.89,26.6,0.9,28.9,0.91,31.7,0.13,4.99,0.12,24.6,0.11,26.6,0.1,28.9,0.09,31.7,0.16,33.0,0.18,6.0,0.21,10.0,0.22,10.0,0.26,13.5,0.03,0.03,616.358,1776171727000
1776171729.431,129.431,0.84,33.0,0.82,6.0,0.79,10.0,0.78,10.0,0.74,13.5,0.87,4.99,0.88,24.6,0.89,26.6,0.9,28.9,0.91,31.7,0.13,4.99,0.12,24.6,0.11,26.6,0.1,28.9,0.09,31.7,0.16,33.0,0.18,6.0,0.21,10.0,0.22,10.0,0.26,13.5,0.03,0.03,616.356,1776171728000
1776171729.993,129.993,0.84,33.0,0.82,6.0,0.79,10.0,0.78,10.0,0.74,13.5,0.87,4.99,0.88,24.6,0.89,26.6,0.9,28.9,0.91,31.7,0.13,4.99,0.12,24.6,0.11,26.6,0.1,28.9,0.09,31.7,0.16,33.0,0.18,6.0,0.21,10.0,0.22,10.0,0.26,13.5,0.03,0.03,616.338599,1776171729000
1776171730.967,130.967,0.84,33.0,0.82,6.0,0.79,10.0,0.78,10.0,0.74,13.5,0.87,4.99,0.88,24.6,0.89,26.6,0.9,28.9,0.91,31.7,0.13,4.99,0.12,24.6,0.11,26.6,0.1,28.9,0.09,31.7,0.16,33.0,0.18,6.0,0.21,10.0,0.22,10.0,0.26,13.5,0.03,0.03,616.358,1776171730000
1776171732.262,132.262,0.84,33.0,0.82,6.0,0.79,10.0,0.78,10.0,0.74,13.5,0.87,4.99,0.88,24.6,0.89,26.6,0.9,28.9,0.91,31.7,0.13,4.99,0.12,24.6,0.11,26.6,0.1,28.9,0.09,31.7,0.16,33.0,0.18,6.0,0.21,10.0,0.22,10.0,0.26,13.5,0.03,0.03,616.346877,1776171731000
1776171733.534,133.534,0.84,33.0,0.82,6.0,0.79,10.0,0.78,10.0,0.74,13.5,0.87,4.99,0.88,24.6,0.89,26.6,0.9,28.9,0.91,31.7,0.13,4.99,0.12,24.6,0.11,26.6,0.1,28.9,0.09,31.7,0.16,33.0,0.18,6.0,0.21,10.0,0.22,10.0,0.26,13.5,0.03,0.03,616.366,1776171732000
1776171734.287,134.287,0.84,33.0,0.82,6.0,0.79,10.0,0.78,10.0,0.74,13.5,0.87,4.99,0.88,24.6,0.89,26.6,0.9,28.9,0.91,31.7,0.13,4.99,0.12,24.6,0.11,26.6,0.1,28.9,0.09,31.7,0.16,33.0,0.18,6.0,0.21,10.0,0.22,10.0,0.26,13.5,0.03,0.03,616.366,1776171733000
1776171735.919,135.919,0.84,33.0,0.82,6.0,0.79,10.0,0.78,10.0,0.74,13.5,0.87,4.99,0.88,24.6,0.89,26.6,0.9,28.9,0.91,31.7,0.13,4.99,0.12,24.6,0.11,26.6,0.1,28.9,0.09,31.7,0.16,33.0,0.18,6.0,0.21,10.0,0.22,10.0,0.26,13.5,0.03,0.03,616.341,1776171734000
1776171736.477,136.477,0.84,33.0,0.82,6.0,0.79,10.0,0.78,10.0,0.74,13.5,0.87,4.99,0.88,24.6,0.89,26.6,0.9,28.9,0.91,31.7,0.13,4.99,0.12,24.6,0.11,26.6,0.1,28.9,0.09,31.7,0.16,33.0,0.18,6.0,0.21,10.0,0.22,10.0,0.26,13.5,0.03,0.03,616.343,1776171735000
1776171737.103,137.103,0.84,33.0,0.82,6.0,0.79,10.0,0.78,10.0,0.74,13.5,0.87,4.99,0.88,24.6,0.89,26.6,0.9,28.9,0.91,31.7,0.13,4.99,0.12,24.6,0.11,26.6,0.1,28.9,0.09,31.7,0.16,33.0,0.18,6.0,0.21,10.0,0.22,10.0,0.26,13.5,0.03,0.03,616.343,1776171736000
1776171738.35,138.35,0.84,33.0,0.82,6.0,0.79,10.0,0.78,10.0,0.74,13.5,0.87,4.99,0.88,24.6,0.89,26.6,0.9,28.9,0.91,31.7,0.13,4.99,0.12,24.6,0.11,26.6,0.1,28.9,0.09,31.7,0.16,33.0,0.18,6.0,0.21,10.0,0.22,10.0,0.26,13.5,0.03,0.03,616.341,1776171737000
1776171739.479,139.479,0.84,33.0,0.82,6.0,0.79,10.0,0.78,10.0,0.74,13.5,0.87,4.99,0.88,24.6,0.89,26.6,0.9,28.9,0.91,31.7,0.13,4.99,0.12,24.6,0.11,26.6,0.1,28.9,0.09,31.7,0.16,33.0,0.18,6.0,0.21,10.0,0.22,10.0,0.26,13.5,0.03,0.03,616.309,1776171738000
1776171740.106,140.106,0.84,33.0,0.82,6.0,0.79,10.0,0.78,10.0,0.74,13.5,0.87,4.99,0.88,24.6,0.89,26.6,0.9,28.9,0.91,31.7,0.13,4.99,0.12,24.6,0.11,26.6,0.1,28.9,0.09,31.7,0.16,33.0,0.18,6.0,0.21,10.0,0.22,10.0,0.26,13.5,0.03,0.03,616.30846,1776171739000
1776171741.446,141.446,0.84,33.0,0.82,6.0,0.79,10.0,0.78,10.0,0.74,13.5,0.87,4.99,0.88,24.6,0.89,26.6,0.9,28.9,0.91,31.7,0.13,4.99,0.12,24.6,0.11,26.6,0.1,28.9,0.09,31.7,0.16,33.0,0.18,6.0,0.21,10.0,0.22,10.0,0.26,13.5,0.03,0.03,616.302,1776171740000
1776171742.064,142.064,0.84,33.0,0.82,6.0,0.79,10.0,0.78,10.0,0.74,13.5,0.87,4.99,0.88,24.6,0.89,26.6,0.9,28.9,0.91,31.7,0.13,4.99,0.12,24.6,0.11,26.6,0.1,28.9,0.09,31.7,0.16,33.0,0.18,6.0,0.21,10.0,0.22,10.0,0.26,13.5,0.03,0.03,616.316,1776171741000
1776171743.285,143.285,0.84,33.0,0.82,6.0,0.79,10.0,0.78,10.0,0.74,13.5,0.87,4.99,0.88,24.6,0.89,26.6,0.9,28.9,0.91,31.7,0.13,4.99,0.12,24.6,0.11,26.6,0.1,28.9,0.09,31.7,0.16,33.0,0.18,6.0,0.21,10.0,0.22,10.0,0.26,13.5,0.03,0.03,616.37,1776171742000
1776171744.794,144.794,0.84,33.0,0.82,6.0,0.79,10.0,0.78,10.0,0.74,13.5,0.87,4.99,0.88,24.6,0.89,26.6,0.9,28.9,0.91,31.7,0.13,4.99,0.12,24.6,0.11,26.6,0.1,28.9,0.09,31.7,0.16,33.0,0.18,6.0,0.21,10.0,0.22,10.0,0.26,13.5,0.03,0.03,616.373,1776171743000
1776171745.415,145.415,0.84,33.0,0.82,6.0,0.79,10.0,0.78,10.0,0.74,13.5,0.87,4.99,0.88,24.6,0.89,26.6,0.9,28.9,0.91,31.7,0.13,4.99,0.12,24.6,0.11,26.6,0.1,28.9,0.09,31.7,0.16,33.0,0.18,6.0,0.21,10.0,0.22,10.0,0.26,13.5,0.03,0.03,616.371,1776171744000
1776171745.657,145.657,0.89,3.04,0.88,56.6,0.87,33.0,0.86,26.6,0.85,20.39,0.92,5.0,0.95,54.7,0.96,72.7,0.97,89.3,0.98,151.69,0.13,4.99,0.12,24.6,0.11,26.6,0.1,28.9,0.09,31.7,0.16,33.0,0.18,6.0,0.21,10.0,0.22,10.0,0.26,13.5,0.03,0.03,616.371,1776171744000
1776171746.362,146.362,0.89,3.04,0.88,56.6,0.87,33.0,0.86,26.6,0.85,20.39,0.92,5.0,0.95,54.7,0.96,72.7,0.97,89.3,0.98,151.69,0.08,5.0,0.05,54.7,0.04,72.7,0.03,89.3,0.02,151.69,0.11,3.04,0.12,56.6,0.13,33.0,0.14,26.6,0.15,20.39,0.03,0.03,616.362,1776171745000
1776171747.87,147.87,0.89,3.04,0.88,56.6,0.87,33.0,0.86,26.6,0.85,20.39,0.95,54.7,0.96,72.7,0.97,89.3,0.98,151.69,0.99,5973.6,0.05,54.7,0.04,72.7,0.03,89.3,0.02,151.69,0.01,5973.6,0.11,3.04,0.12,56.6,0.13,33.0,0.14,26.6,0.15,20.39,0.06,0.06,616.392,1776171746000
1776171748.43,148.43,0.89,3.04,0.88,56.6,0.87,33.0,0.86,26.6,0.85,20.39,0.95,54.7,0.96,72.7,0.97,89.3,0.98,151.69,0.99,5973.6,0.05,54.7,0.04,72.7,0.03,89.3,0.02,151.69,0.01,5973.6,0.11,3.04,0.12,56.6,0.13,33.0,0.14,26.6,0.15,20.39,0.06,0.06,616.427928,1776171747000
1776171749.04,149.04,0.89,3.04,0.88,56.6,0.87,33.0,0.86,26.6,0.85,20.39,0.95,54.7,0.96,72.7,0.97,89.3,0.98,151.69,0.99,5973.6,0.05,54.7,0.04,72.7,0.03,89.3,0.02,151.69,0.01,5973.6,0.11,3.04,0.12,56.6,0.13,33.0,0.14,26.6,0.15,20.39,0.06,0.06,616.435,1776171748000
1776171750.172,150.172,0.89,3.04,0.88,56.6,0.87,33.0,0.86,26.6,0.85,20.39,0.95,54.7,0.96,72.7,0.97,89.3,0.98,151.69,0.99,5973.6,0.05,54.7,0.04,72.7,0.03,89.3,0.02,151.69,0.01,5973.6,0.11,3.04,0.12,56.6,0.13,33.0,0.14,26.6,0.15,20.39,0.06,0.06,616.432628,1776171749000
1776171751.148,151.148,0.89,3.04,0.88,56.6,0.87,33.0,0.86,26.6,0.85,20.39,0.95,54.7,0.96,72.7,0.97,89.3,0.98,151.69,0.99,5973.6,0.05,54.7,0.04,72.7,0.03,89.3,0.02,151.69,0.01,5973.6,0.11,3.04,0.12,56.6,0.13,33.0,0.14,26.6,0.15,20.39,0.06,0.06,616.42356,1776171750000
1776171752.299,152.299,0.89,3.04,0.88,56.6,0.87,33.0,0.86,26.6,0.85,20.39,0.95,54.7,0.96,72.7,0.97,89.3,0.98,151.69,0.99,5973.6,0.05,54.7,0.04,72.7,0.03,89.3,0.02,151.69,0.01,5973.6,0.11,3.04,0.12,56.6,0.13,33.0,0.14,26.6,0.15,20.39,0.06,0.06,616.42527,1776171751000
1776171752.965,152.965,0.89,3.04,0.88,56.6,0.87,33.0,0.86,26.6,0.85,20.39,0.95,54.7,0.96,72.7,0.97,89.3,0.98,151.69,0.99,5973.6,0.05,54.7,0.04,72.7,0.03,89.3,0.02,151.69,0.01,5973.6,0.11,3.04,0.12,56.6,0.13,33.0,0.14,26.6,0.15,20.39,0.06,0.06,616.4274,1776171752000
1776171753.721,153.721,0.92,82.29,0.91,31.7,0.9,28.9,0.89,3.04,0.88,29.6,0.97,69.8,0.98,151.69,0.99,673.6,,,,,0.05,54.7,0.04,72.7,0.03,89.3,0.02,151.69,0.01,5973.6,0.11,3.04,0.12,56.6,0.13,33.0,0.14,26.6,0.15,20.39,0.05,0.06,616.4274,1776171752000
1776171754.06,154.06,0.92,82.29,0.91,31.7,0.9,28.9,0.89,3.04,0.88,29.6,0.97,69.8,0.98,151.69,0.99,673.6,,,,,0.03,69.8,0.02,151.69,0.01,673.6,,,,,0.08,82.29,0.09,31.7,0.1,28.9,0.11,3.04,0.12,29.6,0.05,0.05,616.451721,1776171753000
1776171755.06,155.06,0.92,82.29,0.91,31.7,0.9,28.9,0.89,3.04,0.88,29.6,0.97,69.8,0.98,151.69,0.99,673.6,,,,,0.03,69.8,0.02,151.69,0.01,673.6,,,,,0.08,82.29,0.09,31.7,0.1,28.9,0.11,3.04,0.12,29.6,0.05,0.05,616.485,1776171754000
1776171756.16,156.16,0.92,82.29,0.91,31.7,0.9,28.9,0.89,3.04,0.88,29.6,0.97,69.8,0.98,151.69,0.99,673.6,,,,,0.03,69.8,0.02,151.69,0.01,673.6,,,,,0.08,82.29,0.09,31.7,0.1,28.9,0.11,3.04,0.12,29.6,0.05,0.05,616.495,1776171755000
1776171757.24,157.24,0.92,82.29,0.91,31.7,0.9,28.9,0.89,3.04,0.88,29.6,0.97,69.8,0.98,151.69,0.99,673.6,,,,,0.03,69.8,0.02,151.69,0.01,673.6,,,,,0.08,82.29,0.09,31.7,0.1,28.9,0.11,3.04,0.12,29.6,0.05,0.05,616.59,1776171756000
1776171758.413,158.413,0.92,82.29,0.91,31.7,0.9,28.9,0.89,3.04,0.88,29.6,0.97,69.8,0.98,151.69,0.99,673.6,,,,,0.03,69.8,0.02,151.69,0.01,673.6,,,,,0.08,82.29,0.09,31.7,0.1,28.9,0.11,3.04,0.12,29.6,0.05,0.05,616.610278,1776171757000
1776171759.3,159.3,0.92,82.29,0.91,31.7,0.9,28.9,0.89,3.04,0.88,29.6,0.97,69.8,0.98,151.69,0.99,673.6,,,,,0.03,69.8,0.02,151.69,0.01,673.6,,,,,0.08,82.29,0.09,31.7,0.1,28.9,0.11,3.04,0.12,29.6,0.05,0.05,616.55874,1776171758000
1776171760.443,160.443,0.92,82.29,0.91,31.7,0.9,28.9,0.89,3.04,0.88,29.6,0.97,69.8,0.98,151.69,0.99,673.6,,,,,0.03,69.8,0.02,151.69,0.01,673.6,,,,,0.08,82.29,0.09,31.7,0.1,28.9,0.11,3.04,0.12,29.6,0.05,0.05,616.579,1776171759000
1776171761.025,161.025,0.92,82.29,0.91,31.7,0.9,28.9,0.89,3.04,0.88,29.6,0.97,69.8,0.98,151.69,0.99,673.6,,,,,0.03,69.8,0.02,151.69,0.01,673.6,,,,,0.08,82.29,0.09,31.7,0.1,28.9,0.11,3.04,0.12,29.6,0.05,0.05,616.55286,1776171760000
1776171762.182,162.182,0.92,82.29,0.91,31.7,0.9,28.9,0.89,3.04,0.88,29.6,0.97,69.8,0.98,151.69,0.99,673.6,,,,,0.03,69.8,0.02,151.69,0.01,673.6,,,,,0.08,82.29,0.09,31.7,0.1,28.9,0.11,3.04,0.12,29.6,0.05,0.05,616.52903,1776171761000
1776171763.339,163.339,0.92,82.29,0.91,31.7,0.9,28.9,0.89,3.04,0.88,29.6,0.97,69.8,0.98,151.69,0.99,673.6,,,,,0.03,69.8,0.02,151.69,0.01,673.6,,,,,0.08,82.29,0.09,31.7,0.1,28.9,0.11,3.04,0.12,29.6,0.05,0.05,616.54086,1776171762000
1776171763.935,163.935,0.92,82.29,0.91,31.7,0.9,28.9,0.89,3.04,0.88,29.6,0.97,69.8,0.98,151.69,0.99,673.6,,,,,0.03,69.8,0.02,151.69,0.01,673.6,,,,,0.08,82.29,0.09,31.7,0.1,28.9,0.11,3.04,0.12,29.6,0.05,0.05,616.562,1776171763000
1776171765.03,165.03,0.92,82.29,0.91,31.7,0.9,28.9,0.89,3.04,0.88,29.6,0.97,69.8,0.98,151.69,0.99,673.6,,,,,0.03,69.8,0.02,151.69,0.01,673.6,,,,,0.08,82.29,0.09,31.7,0.1,28.9,0.11,3.04,0.12,29.6,0.05,0.05,616.562,1776171764000
1776171766.082,166.082,0.92,82.29,0.91,31.7,0.9,28.9,0.89,3.04,0.88,29.6,0.97,69.8,0.98,151.69,0.99,673.6,,,,,0.03,69.8,0.02,151.69,0.01,673.6,,,,,0.08,82.29,0.09,31.7,0.1,28.9,0.11,3.04,0.12,29.6,0.05,0.05,616.5463,1776171765000
1776171767.199,167.199,0.92,82.29,0.91,31.7,0.9,28.9,0.89,3.04,0.88,29.6,0.97,69.8,0.98,151.69,0.99,673.6,,,,,0.03,69.8,0.02,151.69,0.01,673.6,,,,,0.08,82.29,0.09,31.7,0.1,28.9,0.11,3.04,0.12,29.6,0.05,0.05,616.54114,1776171766000
1776171768.305,168.305,0.92,82.29,0.91,31.7,0.9,28.9,0.89,3.04,0.88,29.6,0.97,69.8,0.98,151.69,0.99,673.6,,,,,0.03,69.8,0.02,151.69,0.01,673.6,,,,,0.08,82.29,0.09,31.7,0.1,28.9,0.11,3.04,0.12,29.6,0.05,0.05,616.57128,1776171767000
1776171769.442,169.442,0.92,82.29,0.91,31.7,0.9,28.9,0.89,3.04,0.88,29.6,0.97,69.8,0.98,151.69,0.99,673.6,,,,,0.03,69.8,0.02,151.69,0.01,673.6,,,,,0.08,82.29,0.09,31.7,0.1,28.9,0.11,3.04,0.12,29.6,0.05,0.05,616.564577,1776171768000
1776171769.987,169.987,0.92,82.29,0.91,31.7,0.9,28.9,0.89,3.04,0.88,29.6,0.97,69.8,0.98,151.69,0.99,673.6,,,,,0.03,69.8,0.02,151.69,0.01,673.6,,,,,0.08,82.29,0.09,31.7,0.1,28.9,0.11,3.04,0.12,29.6,0.05,0.05,616.544076,1776171769000
1776171771.162,171.162,0.92,82.29,0.91,31.7,0.9,28.9,0.89,3.04,0.88,29.6,0.97,69.8,0.98,151.69,0.99,673.6,,,,,0.03,69.8,0.02,151.69,0.01,673.6,,,,,0.08,82.29,0.09,31.7,0.1,28.9,0.11,3.04,0.12,29.6,0.05,0.05,616.566,1776171770000
1776171772.201,172.201,0.92,82.29,0.91,31.7,0.9,28.9,0.89,3.04,0.88,29.6,0.97,69.8,0.98,151.69,0.99,673.6,,,,,0.03,69.8,0.02,151.69,0.01,673.6,,,,,0.08,82.29,0.09,31.7,0.1,28.9,0.11,3.04,0.12,29.6,0.05,0.05,616.608,1776171771000
1776171774.136,174.136,0.92,82.29,0.91,31.7,0.9,28.9,0.89,3.04,0.88,29.6,0.97,69.8,0.98,151.69,0.99,673.6,,,,,0.03,69.8,0.02,151.69,0.01,673.6,,,,,0.08,82.29,0.09,31.7,0.1,28.9,0.11,3.04,0.12,29.6,0.05,0.05,616.5535,1776171772000
1776171774.57,174.57,0.92,82.29,0.91,31.7,0.9,28.9,0.89,3.04,0.88,29.6,0.97,69.8,0.98,151.69,0.99,673.6,,,,,0.03,69.8,0.02,151.69,0.01,673.6,,,,,0.08,82.29,0.09,31.7,0.1,28.9,0.11,3.04,0.12,29.6,0.05,0.05,616.549,1776171773000
1776171775.316,175.316,0.92,82.29,0.91,31.7,0.9,28.9,0.89,3.04,0.88,29.6,0.97,69.8,0.98,151.69,0.99,673.6,,,,,0.03,69.8,0.02,151.69,0.01,673.6,,,,,0.08,82.29,0.09,31.7,0.1,28.9,0.11,3.04,0.12,29.6,0.05,0.05,616.52342,1776171774000
1776171776.229,176.229,0.92,82.29,0.91,31.7,0.9,28.9,0.89,3.04,0.88,29.6,0.97,69.8,0.98,151.69,0.99,673.6,,,,,0.03,69.8,0.02,151.69,0.01,673.6,,,,,0.08,82.29,0.09,31.7,0.1,28.9,0.11,3.04,0.12,29.6,0.05,0.05,616.457743,1776171775000
1776171777.555,177.555,0.92,82.29,0.91,31.7,0.9,28.9,0.89,3.04,0.88,29.6,0.97,69.8,0.98,151.69,0.99,673.6,,,,,0.03,69.8,0.02,151.69,0.01,673.6,,,,,0.08,82.29,0.09,31.7,0.1,28.9,0.11,3.04,0.12,29.6,0.05,0.05,616.433,1776171776000
1776171778.203,178.203,0.92,82.29,0.91,31.7,0.9,28.9,0.89,3.04,0.88,29.6,0.97,69.8,0.98,151.69,0.99,673.6,,,,,0.03,69.8,0.02,151.69,0.01,673.6,,,,,0.08,82.29,0.09,31.7,0.1,28.9,0.11,3.04,0.12,29.6,0.05,0.05,616.39076,1776171777000
1776171779.251,179.251,0.92,82.29,0.91,31.7,0.9,28.9,0.89,3.04,0.88,29.6,0.97,69.8,0.98,151.69,0.99,673.6,,,,,0.03,69.8,0.02,151.69,0.01,673.6,,,,,0.08,82.29,0.09,31.7,0.1,28.9,0.11,3.04,0.12,29.6,0.05,0.05,616.37115,1776171778000
1776171780.309,180.309,0.92,188.0,0.87,33.0,0.86,26.6,0.85,20.39,0.84,19.3,0.94,16.1,0.95,54.7,0.96,67.7,0.97,89.3,0.98,156.69,0.03,69.8,0.02,151.69,0.01,673.6,,,,,0.08,82.29,0.09,31.7,0.1,28.9,0.11,3.04,0.12,29.6,0.02,0.05,616.37115,1776171778000
1776171780.887,180.887,0.92,188.0,0.87,33.0,0.86,26.6,0.85,20.39,0.84,19.3,0.94,16.1,0.95,54.7,0.96,67.7,0.97,89.3,0.98,156.69,0.06,16.1,0.05,54.7,0.04,67.7,0.03,89.3,0.02,156.69,0.08,188.0,0.13,33.0,0.14,26.6,0.15,20.39,0.16,19.3,0.02,0.02,616.389227,1776171780000
1776171782.163,182.163,0.92,188.0,0.87,33.0,0.86,26.6,0.85,20.39,0.84,19.3,0.94,16.1,0.95,54.7,0.96,67.7,0.97,89.3,0.98,156.69,0.06,16.1,0.05,54.7,0.04,67.7,0.03,89.3,0.02,156.69,0.08,188.0,0.13,33.0,0.14,26.6,0.15,20.39,0.16,19.3,0.02,0.02,616.38308,1776171781000
1776171782.942,182.942,0.92,188.0,0.86,26.6,0.85,20.39,0.84,19.3,0.83,18.39,0.94,43.97,0.95,54.7,0.96,67.7,0.97,89.3,0.98,156.69,0.06,16.1,0.05,54.7,0.04,67.7,0.03,89.3,0.02,156.69,0.08,188.0,0.13,33.0,0.14,26.6,0.15,20.39,0.16,19.3,0.02,0.02,616.38308,1776171781000
1776171783.333,183.333,0.92,188.0,0.86,26.6,0.85,20.39,0.84,19.3,0.83,18.39,0.94,43.97,0.95,54.7,0.96,67.7,0.97,89.3,0.98,156.69,0.06,43.97,0.05,54.7,0.04,67.7,0.03,89.3,0.02,156.69,0.08,188.0,0.14,26.6,0.15,20.39,0.16,19.3,0.17,18.39,0.02,0.02,616.39722,1776171782000
1776171784.376,184.376,0.92,188.0,0.86,26.6,0.85,20.39,0.84,19.3,0.83,18.39,0.94,43.97,0.95,54.7,0.96,67.7,0.97,89.3,0.98,156.69,0.06,43.97,0.05,54.7,0.04,67.7,0.03,89.3,0.02,156.69,0.08,188.0,0.14,26.6,0.15,20.39,0.16,19.3,0.17,18.39,0.02,0.02,616.378093,1776171783000
1776171784.927,184.927,0.92,188.0,0.86,26.6,0.85,20.39,0.84,19.3,0.83,18.39,0.94,43.97,0.95,54.7,0.96,67.7,0.97,89.3,0.98,156.69,0.06,43.97,0.05,54.7,0.04,67.7,0.03,89.3,0.02,156.69,0.08,188.0,0.14,26.6,0.15,20.39,0.16,19.3,0.17,18.39,0.02,0.02,616.33695,1776171784000
1776171785.478,185.478,0.92,188.0,0.88,24.6,0.87,23.0,0.86,36.6,0.85,20.39,0.94,42.91,0.95,54.7,0.96,67.7,0.97,89.3,0.98,156.69,0.06,43.97,0.05,54.7,0.04,67.7,0.03,89.3,0.02,156.69,0.08,188.0,0.14,26.6,0.15,20.39,0.16,19.3,0.17,18.39,0.02,0.02,616.33695,1776171784000
1776171786.093,186.093,0.92,188.0,0.88,24.6,0.87,23.0,0.86,36.6,0.85,20.39,0.94,42.91,0.95,54.7,0.96,67.7,0.97,89.3,0.98,156.69,0.06,42.91,0.05,54.7,0.04,67.7,0.03,89.3,0.02,156.69,0.08,188.0,0.12,24.6,0.13,23.0,0.14,36.6,0.15,20.39,0.02,0.02,616.336,1776171785000
1776171787.126,187.126,0.92,188.0,0.88,24.6,0.87,23.0,0.86,36.6,0.85,20.39,0.94,42.91,0.95,54.7,0.96,67.7,0.97,89.3,0.98,156.69,0.06,42.91,0.05,54.7,0.04,67.7,0.03,89.3,0.02,156.69,0.08,188.0,0.12,24.6,0.13,23.0,0.14,36.6,0.15,20.39,0.02,0.02,616.332,1776171786000
1776171788.873,188.873,0.92,188.0,0.88,24.6,0.87,23.0,0.86,36.6,0.85,20.39,0.94,42.91,0.95,54.7,0.96,67.7,0.97,89.3,0.98,156.69,0.06,42.91,0.05,54.7,0.04,67.7,0.03,89.3,0.02,156.69,0.08,188.0,0.12,24.6,0.13,23.0,0.14,36.6,0.15,20.39,0.02,0.02,616.341,1776171787000
1776171789.591,189.591,0.92,188.0,0.88,24.6,0.87,23.0,0.86,36.6,0.85,20.39,0.94,42.91,0.95,54.7,0.96,67.7,0.97,89.3,0.98,156.69,0.06,42.91,0.05,54.7,0.04,67.7,0.03,89.3,0.02,156.69,0.08,188.0,0.12,24.6,0.13,23.0,0.14,36.6,0.15,20.39,0.02,0.02,616.35,1776171788000
1776171790.342,190.342,0.92,188.0,0.88,24.6,0.87,23.0,0.86,36.6,0.85,20.39,0.94,42.91,0.95,54.7,0.96,67.7,0.97,89.3,0.98,156.69,0.06,42.91,0.05,54.7,0.04,67.7,0.03,89.3,0.02,156.69,0.08,188.0,0.12,24.6,0.13,23.0,0.14,36.6,0.15,20.39,0.02,0.02,616.332308,1776171789000
1776171791.449,191.449,0.92,188.0,0.88,24.6,0.87,23.0,0.86,36.6,0.85,20.39,0.94,42.91,0.95,54.7,0.96,67.7,0.97,89.3,0.98,156.69,0.06,42.91,0.05,54.7,0.04,67.7,0.03,89.3,0.02,156.69,0.08,188.0,0.12,24.6,0.13,23.0,0.14,36.6,0.15,20.39,0.02,0.02,616.351,1776171790000
1776171792.028,192.028,0.92,188.0,0.88,24.6,0.87,23.0,0.86,36.6,0.85,20.39,0.94,42.91,0.95,54.7,0.96,67.7,0.97,89.3,0.98,156.69,0.06,42.91,0.05,54.7,0.04,67.7,0.03,89.3,0.02,156.69,0.08,188.0,0.12,24.6,0.13,23.0,0.14,36.6,0.15,20.39,0.02,0.02,616.351,1776171791000
1776171793.233,193.233,0.92,188.0,0.88,24.6,0.87,23.0,0.86,36.6,0.85,20.39,0.94,42.91,0.95,54.7,0.96,67.7,0.97,89.3,0.98,156.69,0.06,42.91,0.05,54.7,0.04,67.7,0.03,89.3,0.02,156.69,0.08,188.0,0.12,24.6,0.13,23.0,0.14,36.6,0.15,20.39,0.02,0.02,616.361,1776171792000
1776171794.306,194.306,0.92,188.0,0.88,24.6,0.87,23.0,0.86,36.6,0.85,20.39,0.94,42.91,0.95,54.7,0.96,67.7,0.97,89.3,0.98,156.69,0.06,42.91,0.05,54.7,0.04,67.7,0.03,89.3,0.02,156.69,0.08,188.0,0.12,24.6,0.13,23.0,0.14,36.6,0.15,20.39,0.02,0.02,616.358,1776171793000
1776171794.891,194.891,0.92,188.0,0.88,24.6,0.87,23.0,0.86,36.6,0.85,20.39,0.94,42.91,0.95,54.7,0.96,67.7,0.97,89.3,0.98,156.69,0.06,42.91,0.05,54.7,0.04,67.7,0.03,89.3,0.02,156.69,0.08,188.0,0.12,24.6,0.13,23.0,0.14,36.6,0.15,20.39,0.02,0.02,616.398,1776171794000
1776171795.486,195.486,0.94,46.1,0.93,66.9,0.92,198.29,0.91,31.7,0.9,38.9,0.98,146.66,0.99,473.6,,,,,,,0.06,42.91,0.05,54.7,0.04,67.7,0.03,89.3,0.02,156.69,0.08,188.0,0.12,24.6,0.13,23.0,0.14,36.6,0.15,20.39,0.04,0.02,616.398,1776171794000
1776171795.993,195.993,0.94,46.1,0.93,66.9,0.92,198.29,0.91,31.7,0.9,38.9,0.98,146.66,0.99,473.6,,,,,,,0.02,146.66,0.01,473.6,,,,,,,0.06,46.1,0.07,66.9,0.08,198.29,0.09,31.7,0.1,38.9,0.04,0.04,616.38735,1776171795000
1776171797.303,197.303,0.94,46.1,0.93,66.9,0.92,198.29,0.91,31.7,0.9,38.9,0.98,146.66,0.99,473.6,,,,,,,0.02,146.66,0.01,473.6,,,,,,,0.06,46.1,0.07,66.9,0.08,198.29,0.09,31.7,0.1,38.9,0.04,0.04,616.42529,1776171796000
1776171797.895,197.895,0.94,46.1,0.93,66.9,0.92,198.29,0.91,31.7,0.9,38.9,0.98,146.66,0.99,473.6,,,,,,,0.02,146.66,0.01,473.6,,,,,,,0.06,46.1,0.07,66.9,0.08,198.29,0.09,31.7,0.1,38.9,0.04,0.04,616.426,1776171797000
1776171799.024,199.024,0.94,46.1,0.93,66.9,0.92,198.29,0.91,31.7,0.9,38.9,0.98,146.66,0.99,473.6,,,,,,,0.02,146.66,0.01,473.6,,,,,,,0.06,46.1,0.07,66.9,0.08,198.29,0.09,31.7,0.1,38.9,0.04,0.04,616.409,1776171798000
1776171800.258,200.258,0.94,46.1,0.93,66.9,0.92,198.29,0.91,31.7,0.9,38.9,0.98,146.66,0.99,473.6,,,,,,,0.02,146.66,0.01,473.6,,,,,,,0.06,46.1,0.07,66.9,0.08,198.29,0.09,31.7,0.1,38.9,0.04,0.04,616.423,1776171799000
1776171801.324,201.324,0.94,46.1,0.93,66.9,0.92,198.29,0.91,31.7,0.9,38.9,0.98,146.66,0.99,473.6,,,,,,,0.02,146.66,0.01,473.6,,,,,,,0.06,46.1,0.07,66.9,0.08,198.29,0.09,31.7,0.1,38.9,0.04,0.04,616.428,1776171800000
1776171801.887,201.887,0.96,67.7,0.95,54.7,0.94,46.1,0.93,66.9,0.92,198.29,0.99,467.22,,,,,,,,,0.01,467.22,,,,,,,,,0.04,67.7,0.05,54.7,0.06,46.1,0.07,66.9,0.08,198.29,0.03,0.03,616.428,1776171801000
1776171803.021,203.021,0.96,67.7,0.95,54.7,0.94,46.1,0.93,66.9,0.92,198.29,0.99,467.22,,,,,,,,,0.01,467.22,,,,,,,,,0.04,67.7,0.05,54.7,0.06,46.1,0.07,66.9,0.08,198.29,0.03,0.03,616.426,1776171802000
1776171804.002,204.002,0.96,67.7,0.95,54.7,0.94,46.1,0.93,66.9,0.92,198.29,0.99,467.22,,,,,,,,,0.01,467.22,,,,,,,,,0.04,67.7,0.05,54.7,0.06,46.1,0.07,66.9,0.08,198.29,0.03,0.03,616.433,1776171803000
1776171804.983,204.983,0.96,67.7,0.95,54.7,0.94,46.1,0.93,66.9,0.92,198.29,0.99,467.22,,,,,,,,,0.01,467.22,,,,,,,,,0.04,67.7,0.05,54.7,0.06,46.1,0.07,66.9,0.08,198.29,0.03,0.03,616.43,1776171804000
1776171806.054,206.054,0.96,67.7,0.95,54.7,0.94,46.1,0.93,66.9,0.92,198.29,0.99,460.22,,,,,,,,,0.01,460.22,,,,,,,,,0.04,67.7,0.05,54.7,0.06,46.1,0.07,66.9,0.08,198.29,0.03,0.03,616.418,1776171805000
1776171807.067,207.067,0.96,67.7,0.95,54.7,0.94,46.1,0.93,66.9,0.92,198.29,0.99,460.22,,,,,,,,,0.01,460.22,,,,,,,,,0.04,67.7,0.05,54.7,0.06,46.1,0.07,66.9,0.08,198.29,0.03,0.03,616.43,1776171806000
1776171808.02,208.02,0.96,67.7,0.95,54.7,0.94,46.1,0.93,66.9,0.92,198.29,0.99,460.22,,,,,,,,,0.01,460.22,,,,,,,,,0.04,67.7,0.05,54.7,0.06,46.1,0.07,66.9,0.08,198.29,0.03,0.03,616.427,1776171807000
1776171809.062,209.062,0.96,67.7,0.95,54.7,0.94,46.1,0.93,66.9,0.92,198.29,0.99,460.22,,,,,,,,,0.01,460.22,,,,,,,,,0.04,67.7,0.05,54.7,0.06,46.1,0.07,66.9,0.08,198.29,0.03,0.03,616.422,1776171808000
1776171809.986,209.986,0.96,67.7,0.95,54.7,0.94,46.1,0.93,66.9,0.92,198.29,0.99,460.22,,,,,,,,,0.01,460.22,,,,,,,,,0.04,67.7,0.05,54.7,0.06,46.1,0.07,66.9,0.08,198.29,0.03,0.03,616.425,1776171809000
1776171811.072,211.072,0.96,67.7,0.95,54.7,0.94,46.1,0.93,66.9,0.92,198.29,0.99,460.22,,,,,,,,,0.01,460.22,,,,,,,,,0.04,67.7,0.05,54.7,0.06,46.1,0.07,66.9,0.08,198.29,0.03,0.03,616.425,1776171810000
1776171812.025,212.025,0.96,67.7,0.95,54.7,0.94,46.1,0.93,66.9,0.92,198.29,0.99,460.22,,,,,,,,,0.01,460.22,,,,,,,,,0.04,67.7,0.05,54.7,0.06,46.1,0.07,66.9,0.08,198.29,0.03,0.03,616.43384,1776171811000
1776171812.998,212.998,0.96,67.7,0.95,54.7,0.94,46.1,0.93,66.9,0.92,198.29,0.99,460.22,,,,,,,,,0.01,460.22,,,,,,,,,0.04,67.7,0.05,54.7,0.06,46.1,0.07,66.9,0.08,198.29,0.03,0.03,616.4332,1776171812000
1776171813.911,213.911,0.96,67.7,0.95,54.7,0.94,46.1,0.93,66.9,0.92,198.29,0.99,460.22,,,,,,,,,0.01,460.22,,,,,,,,,0.04,67.7,0.05,54.7,0.06,46.1,0.07,66.9,0.08,198.29,0.03,0.03,616.45391,1776171813000
1776171814.877,214.877,0.96,67.7,0.95,54.7,0.94,46.1,0.93,66.9,0.92,198.29,0.99,460.22,,,,,,,,,0.01,460.22,,,,,,,,,0.04,67.7,0.05,54.7,0.06,46.1,0.07,66.9,0.08,198.29,0.03,0.03,616.45683,1776171814000
1776171815.839,215.839,0.96,67.7,0.95,54.7,0.94,46.1,0.93,66.9,0.92,198.29,0.99,460.22,,,,,,,,,0.01,460.22,,,,,,,,,0.04,67.7,0.05,54.7,0.06,46.1,0.07,66.9,0.08,198.29,0.03,0.03,616.47509,1776171815000
1776171816.406,216.406,0.98,137.69,0.97,94.3,0.96,67.7,0.95,54.7,0.94,56.1,0.99,66.62,,,,,,,,,0.01,460.22,,,,,,,,,0.04,67.7,0.05,54.7,0.06,46.1,0.07,66.9,0.08,198.29,0.01,0.03,616.47509,1776171815000
1776171816.688,216.688,0.98,132.69,0.97,89.3,0.96,67.7,0.95,54.7,0.94,56.1,0.99,48.62,,,,,,,,,0.01,66.62,,,,,,,,,0.02,137.69,0.03,94.3,0.04,67.7,0.05,54.7,0.06,56.1,0.01,0.01,616.47509,1776171815000
1776171817.393,217.393,0.98,132.69,0.97,89.3,0.96,67.7,0.95,54.7,0.94,56.1,0.99,48.62,,,,,,,,,0.01,48.62,,,,,,,,,0.02,132.69,0.03,89.3,0.04,67.7,0.05,54.7,0.06,56.1,0.01,0.01,616.47888,1776171816000
1776171817.951,217.951,0.98,132.69,0.97,89.3,0.96,67.7,0.95,54.7,0.94,56.1,0.99,48.62,,,,,,,,,0.01,48.62,,,,,,,,,0.02,132.69,0.03,89.3,0.04,67.7,0.05,54.7,0.06,56.1,0.01,0.01,616.49384,1776171817000
1776171819.038,219.038,0.98,132.69,0.97,89.3,0.96,67.7,0.95,54.7,0.94,56.1,0.99,48.62,,,,,,,,,0.01,48.62,,,,,,,,,0.02,132.69,0.03,89.3,0.04,67.7,0.05,54.7,0.06,56.1,0.01,0.01,616.496,1776171818000
1776171820.034,220.034,0.98,132.69,0.97,89.3,0.96,67.7,0.95,54.7,0.94,56.1,0.99,48.62,,,,,,,,,0.01,48.62,,,,,,,,,0.02,132.69,0.03,89.3,0.04,67.7,0.05,54.7,0.06,56.1,0.01,0.01,616.508,1776171819000
1776171821.109,221.109,0.98,132.69,0.97,89.3,0.96,67.7,0.95,54.7,0.94,56.1,0.99,48.62,,,,,,,,,0.01,48.62,,,,,,,,,0.02,132.69,0.03,89.3,0.04,67.7,0.05,54.7,0.06,56.1,0.01,0.01,616.519,1776171820000
1776171822.114,222.114,0.98,132.69,0.97,89.3,0.96,67.7,0.95,54.7,0.94,56.1,0.99,48.62,,,,,,,,,0.01,48.62,,,,,,,,,0.02,132.69,0.03,89.3,0.04,67.7,0.05,54.7,0.06,56.1,0.01,0.01,616.512,1776171821000
1776171823.063,223.063,0.98,132.69,0.97,89.3,0.96,67.7,0.95,54.7,0.94,56.1,0.99,48.62,,,,,,,,,0.01,48.62,,,,,,,,,0.02,132.69,0.03,89.3,0.04,67.7,0.05,54.7,0.06,56.1,0.01,0.01,616.517,1776171822000
1776171823.341,223.341,0.98,137.69,0.97,89.3,0.96,77.7,0.95,54.7,0.94,46.1,0.99,42.55,,,,,,,,,0.01,48.62,,,,,,,,,0.02,132.69,0.03,89.3,0.04,67.7,0.05,54.7,0.06,56.1,0.01,0.01,616.517,1776171822000
1776171824.171,224.171,0.98,137.69,0.97,89.3,0.96,77.7,0.95,54.7,0.94,46.1,0.99,42.55,,,,,,,,,0.01,42.55,,,,,,,,,0.02,137.69,0.03,89.3,0.04,77.7,0.05,54.7,0.06,46.1,0.01,0.01,616.515,1776171823000
1776171825.234,225.234,0.98,137.69,0.97,89.3,0.96,77.7,0.95,54.7,0.94,46.1,0.99,42.55,,,,,,,,,0.01,42.55,,,,,,,,,0.02,137.69,0.03,89.3,0.04,77.7,0.05,54.7,0.06,46.1,0.01,0.01,616.532946,1776171824000
1776171826.244,226.244,0.98,137.69,0.97,89.3,0.96,77.7,0.95,54.7,0.94,46.1,0.99,42.55,,,,,,,,,0.01,42.55,,,,,,,,,0.02,137.69,0.03,89.3,0.04,77.7,0.05,54.7,0.06,46.1,0.01,0.01,616.52715,1776171825000
1776171827.39,227.39,0.98,137.69,0.97,89.3,0.96,77.7,0.95,54.7,0.94,46.1,0.99,42.55,,,,,,,,,0.01,42.55,,,,,,,,,0.02,137.69,0.03,89.3,0.04,77.7,0.05,54.7,0.06,46.1,0.01,0.01,616.523,1776171826000
1776171827.892,227.892,0.98,137.69,0.97,89.3,0.96,77.7,0.95,54.7,0.94,46.1,0.99,42.55,,,,,,,,,0.01,42.55,,,,,,,,,0.02,137.69,0.03,89.3,0.04,77.7,0.05,54.7,0.06,46.1,0.01,0.01,616.523,1776171827000
1776171828.869,228.869,0.98,137.69,0.97,89.3,0.96,77.7,0.95,54.7,0.94,46.1,0.99,42.55,,,,,,,,,0.01,42.55,,,,,,,,,0.02,137.69,0.03,89.3,0.04,77.7,0.05,54.7,0.06,46.1,0.01,0.01,616.512,1776171828000
1776171830.624,230.624,0.98,137.69,0.97,89.3,0.96,77.7,0.95,54.7,0.94,46.1,0.99,42.55,,,,,,,,,0.01,42.55,,,,,,,,,0.02,137.69,0.03,89.3,0.04,77.7,0.05,54.7,0.06,46.1,0.01,0.01,616.496,1776171829000
1776171831.469,231.469,0.98,137.69,0.97,89.3,0.96,77.7,0.95,54.7,0.94,46.1,0.99,42.55,,,,,,,,,0.01,42.55,,,,,,,,,0.02,137.69,0.03,89.3,0.04,77.7,0.05,54.7,0.06,46.1,0.01,0.01,616.491,1776171830000
1776171832.176,232.176,0.98,137.69,0.97,89.3,0.96,77.7,0.95,54.7,0.94,46.1,0.99,42.55,,,,,,,,,0.01,42.55,,,,,,,,,0.02,137.69,0.03,89.3,0.04,77.7,0.05,54.7,0.06,46.1,0.01,0.01,616.502,1776171831000
1776171833.76,233.76,0.98,137.69,0.97,89.3,0.96,77.7,0.95,54.7,0.94,46.1,0.99,42.55,,,,,,,,,0.01,42.55,,,,,,,,,0.02,137.69,0.03,89.3,0.04,77.7,0.05,54.7,0.06,46.1,0.01,0.01,616.525,1776171832000
1776171834.388,234.388,0.98,137.69,0.97,89.3,0.96,77.7,0.95,54.7,0.94,46.1,0.99,42.55,,,,,,,,,0.01,42.55,,,,,,,,,0.02,137.69,0.03,89.3,0.04,77.7,0.05,54.7,0.06,46.1,0.01,0.01,616.515,1776171833000
1776171835.14,235.14,0.98,137.69,0.97,89.3,0.96,77.7,0.95,54.7,0.94,46.1,0.99,42.55,,,,,,,,,0.01,42.55,,,,,,,,,0.02,137.69,0.03,89.3,0.04,77.7,0.05,54.7,0.06,46.1,0.01,0.01,616.515,1776171834000
1776171836.362,236.362,0.98,137.69,0.97,89.3,0.96,77.7,0.95,54.7,0.94,46.1,0.99,42.55,,,,,,,,,0.01,42.55,,,,,,,,,0.02,137.69,0.03,89.3,0.04,77.7,0.05,54.7,0.06,46.1,0.01,0.01,616.518,1776171835000
1776171837.084,237.084,0.98,137.69,0.97,89.3,0.96,77.7,0.95,54.7,0.94,46.1,0.99,42.55,,,,,,,,,0.01,42.55,,,,,,,,,0.02,137.69,0.03,89.3,0.04,77.7,0.05,54.7,0.06,46.1,0.01,0.01,616.518,1776171836000
1776171838.592,238.592,0.98,137.69,0.97,89.3,0.96,77.7,0.95,54.7,0.94,46.1,0.99,42.55,,,,,,,,,0.01,42.55,,,,,,,,,0.02,137.69,0.03,89.3,0.04,77.7,0.05,54.7,0.06,46.1,0.01,0.01,616.514,1776171837000
1776171839.351,239.351,0.98,137.69,0.97,89.3,0.96,77.7,0.95,54.7,0.94,46.1,0.99,42.55,,,,,,,,,0.01,42.55,,,,,,,,,0.02,137.69,0.03,89.3,0.04,77.7,0.05,54.7,0.06,46.1,0.01,0.01,616.514,1776171838000
1776171840.09,240.09,0.98,137.69,0.97,89.3,0.96,77.7,0.95,54.7,0.94,46.1,0.99,42.55,,,,,,,,,0.01,42.55,,,,,,,,,0.02,137.69,0.03,89.3,0.04,77.7,0.05,54.7,0.06,46.1,0.01,0.01,616.518,1776171839000
1776171841.481,241.481,0.98,137.69,0.97,89.3,0.96,77.7,0.95,54.7,0.94,46.1,0.99,42.55,,,,,,,,,0.01,42.55,,,,,,,,,0.02,137.69,0.03,89.3,0.04,77.7,0.05,54.7,0.06,46.1,0.01,0.01,616.53,1776171840000
1776171842.291,242.291,0.98,137.69,0.97,89.3,0.96,77.7,0.95,54.7,0.94,46.1,0.99,42.55,,,,,,,,,0.01,42.55,,,,,,,,,0.02,137.69,0.03,89.3,0.04,77.7,0.05,54.7,0.06,46.1,0.01,0.01,616.53,1776171841000
1776171843.099,243.099,0.98,137.69,0.97,89.3,0.96,77.7,0.95,54.7,0.94,46.1,0.99,42.55,,,,,,,,,0.01,42.55,,,,,,,,,0.02,137.69,0.03,89.3,0.04,77.7,0.05,54.7,0.06,46.1,0.01,0.01,616.526,1776171842000
1776171843.933,243.933,0.98,151.83,0.97,94.3,0.96,77.7,0.95,54.7,0.94,46.1,0.99,42.5,,,,,,,,,0.01,42.55,,,,,,,,,0.02,137.69,0.03,89.3,0.04,77.7,0.05,54.7,0.06,46.1,0.01,0.01,616.526,1776171842000
1776171844.814,244.814,0.98,151.83,0.97,94.3,0.96,77.7,0.95,54.7,0.94,46.1,0.99,42.5,,,,,,,,,0.01,42.5,,,,,,,,,0.02,151.83,0.03,94.3,0.04,77.7,0.05,54.7,0.06,46.1,0.01,0.01,616.517,1776171843000
1776171845.62,245.62,0.98,151.83,0.97,94.3,0.96,77.7,0.95,54.7,0.94,46.1,0.99,42.5,,,,,,,,,0.01,42.5,,,,,,,,,0.02,151.83,0.03,94.3,0.04,77.7,0.05,54.7,0.06,46.1,0.01,0.01,616.532,1776171844000
1776171846.358,246.358,0.98,151.83,0.97,94.3,0.96,77.7,0.95,54.7,0.94,46.1,0.99,42.5,,,,,,,,,0.01,42.5,,,,,,,,,0.02,151.83,0.03,94.3,0.04,77.7,0.05,54.7,0.06,46.1,0.01,0.01,616.509,1776171845000
1776171847.145,247.145,0.98,151.83,0.97,94.3,0.96,77.7,0.95,54.7,0.94,46.1,0.99,42.5,,,,,,,,,0.01,42.5,,,,,,,,,0.02,151.83,0.03,94.3,0.04,77.7,0.05,54.7,0.06,46.1,0.01,0.01,616.509,1776171846000
1776171847.911,247.911,0.98,146.83,0.97,94.3,0.96,77.7,0.95,54.7,0.94,46.1,0.99,41.48,,,,,,,,,0.01,42.5,,,,,,,,,0.02,151.83,0.03,94.3,0.04,77.7,0.05,54.7,0.06,46.1,0.01,0.01,616.509,1776171846000
1776171848.622,248.622,0.98,146.83,0.97,94.3,0.96,77.7,0.95,54.7,0.94,46.1,0.99,41.48,,,,,,,,,0.01,41.48,,,,,,,,,0.02,146.83,0.03,94.3,0.04,77.7,0.05,54.7,0.06,46.1,0.01,0.01,616.506,1776171847000
1776171849.804,249.804,0.98,146.83,0.97,94.3,0.96,77.7,0.95,54.7,0.94,46.1,0.99,41.48,,,,,,,,,0.01,41.48,,,,,,,,,0.02,146.83,0.03,94.3,0.04,77.7,0.05,54.7,0.06,46.1,0.01,0.01,616.508,1776171848000
1776171850.693,250.693,0.98,146.83,0.97,94.3,0.96,77.7,0.95,54.7,0.94,46.1,0.99,41.48,,,,,,,,,0.01,41.48,,,,,,,,,0.02,146.83,0.03,94.3,0.04,77.7,0.05,54.7,0.06,46.1,0.01,0.01,616.503,1776171849000
1776171851.529,251.529,0.98,146.83,0.97,94.3,0.96,77.7,0.95,54.7,0.94,46.1,0.99,41.48,,,,,,,,,0.01,41.48,,,,,,,,,0.02,146.83,0.03,94.3,0.04,77.7,0.05,54.7,0.06,46.1,0.01,0.01,616.506,1776171850000
1776171852.062,252.062,0.98,146.83,0.97,94.3,0.96,77.7,0.95,54.7,0.94,46.1,0.99,41.48,,,,,,,,,0.01,41.48,,,,,,,,,0.02,146.83,0.03,94.3,0.04,77.7,0.05,54.7,0.06,46.1,0.01,0.01,616.464923,1776171851000
1776171853.476,253.476,0.98,146.83,0.97,94.3,0.96,77.7,0.95,54.7,0.94,46.1,0.99,41.48,,,,,,,,,0.01,41.48,,,,,,,,,0.02,146.83,0.03,94.3,0.04,77.7,0.05,54.7,0.06,46.1,0.01,0.01,616.444883,1776171852000
1776171854.054,254.054,0.98,146.83,0.97,94.3,0.96,77.7,0.95,54.7,0.94,46.1,0.99,41.48,,,,,,,,,0.01,41.48,,,,,,,,,0.02,146.83,0.03,94.3,0.04,77.7,0.05,54.7,0.06,46.1,0.01,0.01,616.416597,1776171853000
1776171855.188,255.188,0.98,146.83,0.97,94.3,0.96,77.7,0.95,54.7,0.94,46.1,0.99,41.48,,,,,,,,,0.01,41.48,,,,,,,,,0.02,146.83,0.03,94.3,0.04,77.7,0.05,54.7,0.06,46.1,0.01,0.01,616.423875,1776171854000
1776171856.554,256.554,0.98,146.83,0.97,94.3,0.96,77.7,0.95,54.7,0.94,46.1,0.99,41.48,,,,,,,,,0.01,41.48,,,,,,,,,0.02,146.83,0.03,94.3,0.04,77.7,0.05,54.7,0.06,46.1,0.01,0.01,616.419829,1776171855000
1776171857.069,257.069,0.98,146.83,0.97,94.3,0.96,67.7,0.95,64.7,0.94,46.1,0.99,33.39,,,,,,,,,0.01,33.39,,,,,,,,,0.02,146.83,0.03,94.3,0.04,67.7,0.05,64.7,0.06,46.1,0.01,0.01,616.416711,1776171856000
1776171858.055,258.055,0.98,151.83,0.97,94.3,0.96,67.7,0.95,64.7,0.94,46.1,0.99,25.3,,,,,,,,,0.01,33.39,,,,,,,,,0.02,146.83,0.03,94.3,0.04,67.7,0.05,64.7,0.06,46.1,0.01,0.01,616.416711,1776171856000
1776171858.357,258.357,0.98,151.83,0.97,94.3,0.96,67.7,0.95,64.7,0.94,46.1,0.99,25.3,,,,,,,,,0.01,25.3,,,,,,,,,0.02,151.83,0.03,94.3,0.04,67.7,0.05,64.7,0.06,46.1,0.01,0.01,616.373106,1776171857000
1776171858.954,258.954,0.98,151.83,0.97,94.3,0.96,67.7,0.95,64.7,0.94,46.1,0.99,25.3,,,,,,,,,0.01,25.3,,,,,,,,,0.02,151.83,0.03,94.3,0.04,67.7,0.05,64.7,0.06,46.1,0.01,0.01,616.389202,1776171858000
1776171859.598,259.598,0.98,151.83,0.97,94.3,0.96,77.7,0.95,54.7,0.94,46.1,0.99,17.21,,,,,,,,,0.01,25.3,,,,,,,,,0.02,151.83,0.03,94.3,0.04,67.7,0.05,64.7,0.06,46.1,0.01,0.01,616.389202,1776171858000
1776171860.427,260.427,0.98,151.83,0.97,94.3,0.96,77.7,0.95,54.7,0.94,46.1,0.99,17.21,,,,,,,,,0.01,17.21,,,,,,,,,0.02,151.83,0.03,94.3,0.04,77.7,0.05,54.7,0.06,46.1,0.01,0.01,616.417292,1776171859000
1776171861.056,261.056,0.98,151.83,0.97,94.3,0.96,77.7,0.95,54.7,0.94,46.1,0.99,17.21,,,,,,,,,0.01,17.21,,,,,,,,,0.02,151.83,0.03,94.3,0.04,77.7,0.05,54.7,0.06,46.1,0.01,0.01,616.411991,1776171860000
1776171861.507,261.507,0.98,151.83,0.97,94.3,0.96,67.7,0.95,64.7,0.94,46.1,0.99,9.12,,,,,,,,,0.01,17.21,,,,,,,,,0.02,151.83,0.03,94.3,0.04,77.7,0.05,54.7,0.06,46.1,0.01,0.01,616.411991,1776171860000
1776171862.17,262.17,0.98,151.83,0.97,94.3,0.96,67.7,0.95,64.7,0.94,46.1,0.99,9.12,,,,,,,,,0.01,9.12,,,,,,,,,0.02,151.83,0.03,94.3,0.04,67.7,0.05,64.7,0.06,46.1,0.01,0.01,616.41031,1776171861000
1776171863.388,263.388,0.98,151.83,0.97,94.3,0.96,67.7,0.95,64.7,0.94,46.1,0.99,9.12,,,,,,,,,0.01,9.12,,,,,,,,,0.02,151.83,0.03,94.3,0.04,67.7,0.05,64.7,0.06,46.1,0.01,0.01,616.429178,1776171862000
1776171864.021,264.021,0.98,151.83,0.97,94.3,0.96,67.7,0.95,64.7,0.94,46.1,0.99,9.12,,,,,,,,,0.01,9.12,,,,,,,,,0.02,151.83,0.03,94.3,0.04,67.7,0.05,64.7,0.06,46.1,0.01,0.01,616.430469,1776171863000
1776171865.327,265.327,0.98,151.83,0.97,94.3,0.96,67.7,0.95,64.7,0.94,46.1,0.99,9.12,,,,,,,,,0.01,9.12,,,,,,,,,0.02,151.83,0.03,94.3,0.04,67.7,0.05,64.7,0.06,46.1,0.01,0.01,616.432715,1776171864000
1776171866.268,266.268,0.98,151.83,0.97,94.3,0.96,67.7,0.95,64.7,0.94,46.1,0.99,9.12,,,,,,,,,0.01,9.12,,,,,,,,,0.02,151.83,0.03,94.3,0.04,67.7,0.05,64.7,0.06,46.1,0.01,0.01,616.457515,1776171865000
1776171867.129,267.129,0.98,151.83,0.97,94.3,0.96,67.7,0.95,64.7,0.94,46.1,0.99,9.12,,,,,,,,,0.01,9.12,,,,,,,,,0.02,151.83,0.03,94.3,0.04,67.7,0.05,64.7,0.06,46.1,0.01,0.01,616.464949,1776171866000
1776171869.101,269.101,0.99,990.88,0.98,151.83,0.97,94.3,0.96,77.7,0.95,54.7,,,,,,,,,,,,,,,,,,,,,0.01,990.88,0.02,151.83,0.03,94.3,0.04,77.7,0.05,54.7,,,616.424844,1776171867000
1776171869.7,269.7,0.99,990.88,0.98,151.83,0.97,94.3,0.96,77.7,0.95,54.7,,,,,,,,,,,,,,,,,,,,,0.01,990.88,0.02,151.83,0.03,94.3,0.04,77.7,0.05,54.7,,,616.422304,1776171868000
1776171870.495,270.495,0.99,990.88,0.98,151.83,0.97,94.3,0.96,77.7,0.95,54.7,,,,,,,,,,,,,,,,,,,,,0.01,990.88,0.02,151.83,0.03,94.3,0.04,77.7,0.05,54.7,,,616.420864,1776171869000
1776171871.13,271.13,0.99,990.88,0.98,151.83,0.97,94.3,0.96,77.7,0.95,54.7,,,,,,,,,,,,,,,,,,,,,0.01,990.88,0.02,151.83,0.03,94.3,0.04,77.7,0.05,54.7,,,616.422954,1776171870000
1776171872.312,272.312,0.99,990.88,0.98,151.83,0.97,94.3,0.96,77.7,0.95,54.7,,,,,,,,,,,,,,,,,,,,,0.01,990.88,0.02,151.83,0.03,94.3,0.04,77.7,0.05,54.7,,,616.518,1776171871000
1776171873.594,273.594,0.99,990.88,0.98,151.83,0.97,94.3,0.96,77.7,0.95,54.7,,,,,,,,,,,,,,,,,,,,,0.01,990.88,0.02,151.83,0.03,94.3,0.04,77.7,0.05,54.7,,,616.522438,1776171872000
1776171874.235,274.235,0.99,990.88,0.98,151.83,0.97,94.3,0.96,77.7,0.95,54.7,,,,,,,,,,,,,,,,,,,,,0.01,990.88,0.02,151.83,0.03,94.3,0.04,77.7,0.05,54.7,,,616.522708,1776171873000
1776171875.562,275.562,0.99,990.88,0.98,151.83,0.97,94.3,0.96,77.7,0.95,54.7,,,,,,,,,,,,,,,,,,,,,0.01,990.88,0.02,151.83,0.03,94.3,0.04,77.7,0.05,54.7,,,616.570416,1776171874000
1776171876.426,276.426,0.99,990.88,0.98,151.83,0.97,94.3,0.96,77.7,0.95,54.7,,,,,,,,,,,,,,,,,,,,,0.01,990.88,0.02,151.83,0.03,94.3,0.04,77.7,0.05,54.7,,,616.532899,1776171875000
1776171877.069,277.069,0.99,990.88,0.98,151.83,0.97,94.3,0.96,77.7,0.95,54.7,,,,,,,,,,,,,,,,,,,,,0.01,990.88,0.02,151.83,0.03,94.3,0.04,77.7,0.05,54.7,,,616.529,1776171876000
1776171878.42,278.42,0.99,990.88,0.98,151.83,0.97,94.3,0.96,77.7,0.95,54.7,,,,,,,,,,,,,,,,,,,,,0.01,990.88,0.02,151.83,0.03,94.3,0.04,77.7,0.05,54.7,,,616.504418,1776171877000
1776171879.133,279.133,0.99,990.88,0.98,151.83,0.97,94.3,0.96,77.7,0.95,54.7,,,,,,,,,,,,,,,,,,,,,0.01,990.88,0.02,151.83,0.03,94.3,0.04,77.7,0.05,54.7,,,616.500805,1776171878000
1776171880.367,280.367,0.99,990.88,0.98,151.83,0.97,94.3,0.96,77.7,0.95,54.7,,,,,,,,,,,,,,,,,,,,,0.01,990.88,0.02,151.83,0.03,94.3,0.04,77.7,0.05,54.7,,,616.512568,1776171879000
1776171881.055,281.055,0.99,990.88,0.98,151.83,0.97,94.3,0.96,77.7,0.95,54.7,,,,,,,,,,,,,,,,,,,,,0.01,990.88,0.02,151.83,0.03,94.3,0.04,77.7,0.05,54.7,,,616.508166,1776171880000
1776171882.374,282.374,0.99,990.88,0.98,151.83,0.97,94.3,0.96,77.7,0.95,54.7,,,,,,,,,,,,,,,,,,,,,0.01,990.88,0.02,151.83,0.03,94.3,0.04,77.7,0.05,54.7,,,616.52036,1776171881000
1776171883.011,283.011,0.99,990.88,0.98,151.83,0.97,94.3,0.96,77.7,0.95,54.7,,,,,,,,,,,,,,,,,,,,,0.01,990.88,0.02,151.83,0.03,94.3,0.04,77.7,0.05,54.7,,,616.44,1776171882000
1776171884.016,284.016,0.99,990.88,0.98,151.83,0.97,94.3,0.96,77.7,0.95,54.7,,,,,,,,,,,,,,,,,,,,,0.01,990.88,0.02,151.83,0.03,94.3,0.04,77.7,0.05,54.7,,,616.432,1776171883000
1776171884.992,284.992,0.99,990.88,0.98,151.83,0.97,94.3,0.96,77.7,0.95,54.7,,,,,,,,,,,,,,,,,,,,,0.01,990.88,0.02,151.83,0.03,94.3,0.04,77.7,0.05,54.7,,,616.46,1776171884000
1776171886.026,286.026,0.99,990.88,0.98,151.83,0.97,94.3,0.96,77.7,0.95,54.7,,,,,,,,,,,,,,,,,,,,,0.01,990.88,0.02,151.83,0.03,94.3,0.04,77.7,0.05,54.7,,,616.46,1776171885000
1776171886.997,286.997,0.99,990.88,0.98,151.83,0.97,94.3,0.96,77.7,0.95,54.7,,,,,,,,,,,,,,,,,,,,,0.01,990.88,0.02,151.83,0.03,94.3,0.04,77.7,0.05,54.7,,,616.465,1776171886000
1776171888.044,288.044,0.99,990.88,0.98,151.83,0.97,94.3,0.96,77.7,0.95,54.7,,,,,,,,,,,,,,,,,,,,,0.01,990.88,0.02,151.83,0.03,94.3,0.04,77.7,0.05,54.7,,,616.414,1776171887000
1776171888.971,288.971,0.99,990.88,0.98,151.83,0.97,94.3,0.96,77.7,0.95,54.7,,,,,,,,,,,,,,,,,,,,,0.01,990.88,0.02,151.83,0.03,94.3,0.04,77.7,0.05,54.7,,,616.477,1776171888000
1776171889.963,289.963,0.99,990.88,0.98,151.83,0.97,94.3,0.96,77.7,0.95,54.7,,,,,,,,,,,,,,,,,,,,,0.01,990.88,0.02,151.83,0.03,94.3,0.04,77.7,0.05,54.7,,,616.447968,1776171889000
1776171890.901,290.901,0.99,990.88,0.98,151.83,0.97,94.3,0.96,77.7,0.95,54.7,,,,,,,,,,,,,,,,,,,,,0.01,990.88,0.02,151.83,0.03,94.3,0.04,77.7,0.05,54.7,,,616.427258,1776171890000
1776171891.92,291.92,0.99,990.88,0.98,151.83,0.97,94.3,0.96,77.7,0.95,54.7,,,,,,,,,,,,,,,,,,,,,0.01,990.88,0.02,151.83,0.03,94.3,0.04,77.7,0.05,54.7,,,616.459873,1776171891000
1776171892.914,292.914,0.99,990.88,0.98,151.83,0.97,94.3,0.96,77.7,0.95,54.7,,,,,,,,,,,,,,,,,,,,,0.01,990.88,0.02,151.83,0.03,94.3,0.04,77.7,0.05,54.7,,,616.459885,1776171892000
1776171893.892,293.892,0.99,990.88,0.98,151.83,0.97,94.3,0.96,77.7,0.95,54.7,,,,,,,,,,,,,,,,,,,,,0.01,990.88,0.02,151.83,0.03,94.3,0.04,77.7,0.05,54.7,,,616.462303,1776171893000
1776171894.898,294.898,0.99,990.88,0.98,151.83,0.97,94.3,0.96,77.7,0.95,54.7,,,,,,,,,,,,,,,,,,,,,0.01,990.88,0.02,151.83,0.03,94.3,0.04,77.7,0.05,54.7,,,616.447456,1776171894000
1776171895.848,295.848,0.99,990.88,0.98,151.83,0.97,94.3,0.96,77.7,0.95,54.7,,,,,,,,,,,,,,,,,,,,,0.01,990.88,0.02,151.83,0.03,94.3,0.04,77.7,0.05,54.7,,,616.399019,1776171895000
1776171896.92,296.92,0.99,990.88,0.98,151.83,0.97,94.3,0.96,77.7,0.95,54.7,,,,,,,,,,,,,,,,,,,,,0.01,990.88,0.02,151.83,0.03,94.3,0.04,77.7,0.05,54.7,,,616.399434,1776171896000
1776171897.934,297.934,0.99,990.88,0.98,151.83,0.97,94.3,0.96,77.7,0.95,54.7,,,,,,,,,,,,,,,,,,,,,0.01,990.88,0.02,151.83,0.03,94.3,0.04,77.7,0.05,54.7,,,616.399906,1776171897000
1776171898.911,298.911,0.99,990.88,0.98,151.83,0.97,94.3,0.96,77.7,0.95,54.7,,,,,,,,,,,,,,,,,,,,,0.01,990.88,0.02,151.83,0.03,94.3,0.04,77.7,0.05,54.7,,,616.409813,1776171898000
1776171899.829,299.829,0.99,990.88,0.98,151.83,0.97,94.3,0.96,77.7,0.95,54.7,,,,,,,,,,,,,,,,,,,,,0.01,990.88,0.02,151.83,0.03,94.3,0.04,77.7,0.05,54.7,,,616.46891,1776171899000
1776171900.849,300.849,0.99,990.88,0.98,151.83,0.97,94.3,0.96,77.7,0.95,54.7,,,,,,,,,,,,,,,,,,,,,0.01,990.88,0.02,151.83,0.03,94.3,0.04,77.7,0.05,54.7,,,616.46653,1776171900000
1776171901.878,301.878,0.99,990.88,0.98,151.83,0.97,94.3,0.96,77.7,0.95,54.7,,,,,,,,,,,,,,,,,,,,,0.01,990.88,0.02,151.83,0.03,94.3,0.04,77.7,0.05,54.7,,,616.47856,1776171901000
1776171902.796,302.796,0.99,990.88,0.98,151.83,0.97,94.3,0.96,77.7,0.95,54.7,,,,,,,,,,,,,,,,,,,,,0.01,990.88,0.02,151.83,0.03,94.3,0.04,77.7,0.05,54.7,,,616.490234,1776171902000

# RESULT,winner=Up,slug=bnb-updown-5m-1776171600,ticks=318
