timestamp,elapsed_sec,up_bid_p1,up_bid_s1,up_bid_p2,up_bid_s2,up_ask_p1,up_ask_s1,up_ask_p2,up_ask_s2,down_bid_p1,down_bid_s1,down_bid_p2,down_bid_s2,down_ask_p1,down_ask_s1,down_ask_p2,down_ask_s2,up_spread,down_spread,bnb_price,bnb_oracle_ts
1776271200.514,0.514,0.41,37.0,0.4,33.0,0.5,5.0,0.59,37.0,0.47,21.0,0.46,64.0,0.53,16.0,0.54,64.0,0.09,0.06,620.609053,1776271199000
1776271201.238,1.238,0.41,37.0,0.4,33.0,0.5,5.0,0.59,37.0,0.5,5.0,0.41,37.0,0.59,37.0,0.6,33.0,0.09,0.09,620.608892,1776271200000
1776271202.466,2.466,0.41,37.0,0.4,33.0,0.5,5.0,0.59,37.0,0.5,5.0,0.41,37.0,0.59,37.0,0.6,33.0,0.09,0.09,620.648,1776271201000
1776271203.109,3.109,0.41,37.0,0.4,33.0,0.5,5.0,0.59,37.0,0.5,5.0,0.41,37.0,0.59,37.0,0.6,33.0,0.09,0.09,620.661,1776271202000
1776271203.882,3.882,0.49,5.0,0.48,10.0,0.52,4.46,0.54,8.0,0.5,5.0,0.41,37.0,0.59,37.0,0.6,33.0,0.03,0.09,620.661,1776271202000
1776271204.191,4.191,0.49,5.0,0.48,10.0,0.54,8.0,0.61,50.0,0.46,8.0,0.39,50.0,0.51,5.0,0.52,10.0,0.05,0.05,620.687,1776271203000
1776271205.282,5.282,0.53,5.0,0.52,5.0,0.61,50.0,0.66,5.0,0.39,50.0,0.34,5.0,0.47,5.0,0.48,5.0,0.08,0.08,620.697,1776271204000
1776271205.889,5.889,0.61,5.0,0.6,5.0,0.64,10.0,0.65,5.0,0.39,50.0,0.34,5.0,0.47,5.0,0.48,5.0,0.03,0.08,620.697,1776271204000
1776271206.417,6.417,0.61,5.0,0.6,5.0,0.64,10.0,0.65,5.0,0.36,10.0,0.35,5.0,0.39,5.0,0.4,5.0,0.03,0.03,620.73673,1776271205000
1776271206.654,6.654,0.49,6.0,0.48,10.0,0.51,5.0,0.52,5.0,0.36,10.0,0.35,5.0,0.39,5.0,0.4,5.0,0.02,0.03,620.73673,1776271205000
1776271206.882,6.882,0.49,6.0,0.48,10.0,0.51,5.0,0.52,5.0,0.49,5.0,0.48,5.0,0.51,6.0,0.52,10.0,0.02,0.02,620.767945,1776271206000
1776271207.682,7.682,0.46,8.0,0.41,5.0,0.49,5.0,0.5,5.0,0.49,5.0,0.48,5.0,0.51,6.0,0.52,10.0,0.03,0.02,620.767945,1776271206000
1776271208.057,8.057,0.46,8.0,0.41,5.0,0.49,5.0,0.5,5.0,0.51,5.0,0.5,5.0,0.54,8.0,0.59,5.0,0.03,0.03,620.75959,1776271207000
1776271209.533,9.533,0.46,8.0,0.41,5.0,0.49,5.0,0.5,5.0,0.51,5.0,0.5,5.0,0.54,8.0,0.59,5.0,0.03,0.03,620.59076,1776271208000
1776271210.16,10.16,0.46,8.0,0.41,5.0,0.49,5.0,0.5,5.0,0.51,5.0,0.5,5.0,0.54,8.0,0.59,5.0,0.03,0.03,620.551076,1776271209000
1776271211.091,11.091,0.46,8.0,0.41,5.0,0.49,5.0,0.5,5.0,0.51,5.0,0.5,5.0,0.54,8.0,0.59,5.0,0.03,0.03,620.506814,1776271210000
1776271212.097,12.097,0.46,8.0,0.41,5.0,0.49,5.0,0.5,5.0,0.51,5.0,0.5,5.0,0.54,8.0,0.59,5.0,0.03,0.03,620.504495,1776271211000
1776271213.113,13.113,0.46,8.0,0.41,5.0,0.49,5.0,0.5,5.0,0.51,5.0,0.5,5.0,0.54,8.0,0.59,5.0,0.03,0.03,620.527,1776271212000
1776271214.211,14.211,0.46,8.0,0.41,5.0,0.49,5.0,0.5,5.0,0.51,5.0,0.5,5.0,0.54,8.0,0.59,5.0,0.03,0.03,620.573485,1776271213000
1776271215.115,15.115,0.46,8.0,0.41,5.0,0.49,5.0,0.5,5.0,0.51,5.0,0.5,5.0,0.54,8.0,0.59,5.0,0.03,0.03,620.574889,1776271214000
1776271216.167,16.167,0.46,8.0,0.41,5.0,0.49,5.0,0.5,5.0,0.51,5.0,0.5,5.0,0.54,8.0,0.59,5.0,0.03,0.03,620.582695,1776271215000
1776271216.679,16.679,0.46,2.0,0.42,5.0,0.47,5.0,0.48,5.0,0.51,5.0,0.5,5.0,0.54,8.0,0.59,5.0,0.01,0.03,620.582695,1776271215000
1776271217.264,17.264,0.46,2.0,0.42,5.0,0.47,5.0,0.48,5.0,0.53,5.0,0.52,5.0,0.54,2.0,0.58,5.0,0.01,0.01,620.603659,1776271216000
1776271218.225,18.225,0.46,2.0,0.42,5.0,0.47,5.0,0.48,5.0,0.53,5.0,0.52,5.0,0.54,2.0,0.58,5.0,0.01,0.01,620.575424,1776271217000
1776271219.369,19.369,0.46,2.0,0.42,5.0,0.47,5.0,0.48,5.0,0.53,5.0,0.52,5.0,0.54,2.0,0.58,5.0,0.01,0.01,620.519,1776271218000
1776271219.898,19.898,0.26,5.0,0.21,5.0,0.28,5.0,0.29,5.0,0.53,10.0,0.52,5.0,0.68,10.0,0.73,5.0,0.02,0.15,620.519,1776271218000
1776271220.354,20.354,0.21,5.0,0.13,5.0,0.28,5.0,0.29,5.0,0.72,5.0,0.71,5.0,0.79,5.0,0.87,5.0,0.07,0.07,620.492,1776271219000
1776271221.364,21.364,0.21,5.0,0.13,5.0,0.28,5.0,0.29,5.0,0.72,5.0,0.71,5.0,0.79,5.0,0.87,5.0,0.07,0.07,620.47195,1776271220000
1776271221.948,21.948,0.28,5.0,0.27,5.0,0.31,5.0,0.32,5.0,0.72,5.0,0.71,5.0,0.79,5.0,0.87,5.0,0.03,0.07,620.47195,1776271220000
1776271222.714,22.714,0.28,5.0,0.27,5.0,0.31,5.0,0.32,5.0,0.69,5.0,0.68,5.0,0.72,5.0,0.73,5.0,0.03,0.03,620.279,1776271221000
1776271223.171,23.171,0.25,8.49,0.24,5.0,0.26,5.0,0.27,5.0,0.74,5.0,0.73,5.0,0.75,8.49,0.76,5.0,0.01,0.01,620.328239,1776271222000
1776271224.162,24.162,0.25,8.49,0.24,5.0,0.26,5.0,0.27,5.0,0.74,5.0,0.73,5.0,0.75,8.49,0.76,5.0,0.01,0.01,620.341,1776271223000
1776271225.058,25.058,0.16,10.0,0.15,5.0,0.18,5.0,0.19,5.0,0.74,5.0,0.73,5.0,0.75,8.49,0.76,5.0,0.02,0.01,620.341,1776271223000
1776271225.575,25.575,0.16,10.0,0.15,5.0,0.18,5.0,0.19,5.0,0.81,5.0,0.8,5.0,0.84,5.0,0.85,5.0,0.02,0.03,620.3685,1776271224000
1776271226.128,26.128,0.16,10.0,0.15,5.0,0.18,5.0,0.19,5.0,0.82,5.0,0.81,5.0,0.84,10.0,0.85,5.0,0.02,0.02,620.367078,1776271225000
1776271227.155,27.155,0.16,10.0,0.15,5.0,0.18,5.0,0.19,5.0,0.82,5.0,0.81,5.0,0.84,10.0,0.85,5.0,0.02,0.02,620.282848,1776271226000
1776271228.256,28.256,0.16,10.0,0.15,5.0,0.18,5.0,0.19,5.0,0.82,5.0,0.81,5.0,0.84,10.0,0.85,5.0,0.02,0.02,620.219103,1776271227000
1776271229.206,29.206,0.16,10.0,0.15,5.0,0.18,5.0,0.19,5.0,0.82,5.0,0.81,5.0,0.84,10.0,0.85,5.0,0.02,0.02,620.118252,1776271228000
1776271230.174,30.174,0.16,10.0,0.15,5.0,0.18,5.0,0.19,5.0,0.82,5.0,0.81,5.0,0.84,10.0,0.85,5.0,0.02,0.02,620.118526,1776271229000
1776271231.196,31.196,0.16,10.0,0.15,5.0,0.18,5.0,0.19,5.0,0.82,5.0,0.81,5.0,0.84,10.0,0.85,5.0,0.02,0.02,620.118974,1776271230000
1776271232.223,32.223,0.26,4.93,0.25,5.0,0.28,15.0,0.31,5.0,0.72,15.0,0.69,5.0,0.74,4.93,0.75,5.0,0.02,0.02,620.179518,1776271231000
1776271233.058,33.058,0.26,4.93,0.25,5.0,0.28,15.0,0.31,5.0,0.72,15.0,0.69,5.0,0.74,4.93,0.75,5.0,0.02,0.02,620.260517,1776271232000
1776271234.042,34.042,0.26,4.93,0.25,5.0,0.28,15.0,0.31,5.0,0.72,15.0,0.69,5.0,0.74,4.93,0.75,5.0,0.02,0.02,620.266149,1776271233000
1776271235.507,35.507,0.26,4.93,0.25,5.0,0.28,15.0,0.31,5.0,0.72,15.0,0.69,5.0,0.74,4.93,0.75,5.0,0.02,0.02,620.3,1776271234000
1776271236.059,36.059,0.26,4.93,0.25,5.0,0.28,15.0,0.31,5.0,0.72,15.0,0.69,5.0,0.74,4.93,0.75,5.0,0.02,0.02,620.30516,1776271235000
1776271237.187,37.187,0.31,5.0,0.3,5.0,0.36,4.1,0.37,5.0,0.72,15.0,0.69,5.0,0.74,4.93,0.75,5.0,0.05,0.02,620.30516,1776271235000
1776271237.66,37.66,0.34,5.0,0.33,5.0,0.37,3.2,0.38,10.0,0.64,4.1,0.63,5.0,0.69,5.0,0.7,5.0,0.03,0.05,620.386,1776271236000
1776271238.626,38.626,0.34,5.0,0.33,5.0,0.37,3.2,0.38,10.0,0.63,3.2,0.62,10.0,0.66,5.0,0.67,5.0,0.03,0.03,620.39855,1776271237000
1776271239.285,39.285,0.34,5.0,0.33,5.0,0.37,3.2,0.38,10.0,0.63,3.2,0.62,10.0,0.66,5.0,0.67,5.0,0.03,0.03,620.401531,1776271238000
1776271240.809,40.809,0.34,5.0,0.33,5.0,0.37,3.2,0.38,10.0,0.63,3.2,0.62,10.0,0.66,5.0,0.67,5.0,0.03,0.03,620.472768,1776271239000
1776271241.662,41.662,0.34,5.0,0.33,5.0,0.37,3.2,0.38,10.0,0.63,3.2,0.62,10.0,0.66,5.0,0.67,5.0,0.03,0.03,620.46646,1776271240000
1776271242.439,42.439,0.34,5.0,0.33,5.0,0.37,3.2,0.38,10.0,0.63,3.2,0.62,10.0,0.66,5.0,0.67,5.0,0.03,0.03,620.461,1776271241000
1776271243.004,43.004,0.34,5.0,0.33,5.0,0.37,3.2,0.38,10.0,0.63,3.2,0.62,10.0,0.66,5.0,0.67,5.0,0.03,0.03,620.471,1776271242000
1776271244.394,44.394,0.34,5.0,0.33,5.0,0.37,3.2,0.38,10.0,0.63,3.2,0.62,10.0,0.66,5.0,0.67,5.0,0.03,0.03,620.439681,1776271243000
1776271244.953,44.953,0.34,5.0,0.33,5.0,0.37,3.2,0.38,10.0,0.63,3.2,0.62,10.0,0.66,5.0,0.67,5.0,0.03,0.03,620.439539,1776271244000
1776271246.355,46.355,0.34,5.0,0.33,5.0,0.37,3.2,0.38,10.0,0.63,3.2,0.62,10.0,0.66,5.0,0.67,5.0,0.03,0.03,620.428696,1776271245000
1776271247.202,47.202,0.34,5.0,0.33,5.0,0.37,3.2,0.38,10.0,0.63,3.2,0.62,10.0,0.66,5.0,0.67,5.0,0.03,0.03,620.428696,1776271246000
1776271247.498,47.498,0.3,5.0,0.29,10.0,0.32,5.0,0.33,5.0,0.63,3.2,0.62,10.0,0.66,5.0,0.67,5.0,0.02,0.03,620.428696,1776271246000
1776271248.159,48.159,0.3,5.0,0.29,10.0,0.32,5.0,0.33,5.0,0.68,5.0,0.67,5.0,0.7,5.0,0.71,10.0,0.02,0.02,620.405916,1776271247000
1776271249.542,49.542,0.3,5.0,0.29,10.0,0.32,5.0,0.33,5.0,0.68,5.0,0.67,5.0,0.7,5.0,0.71,10.0,0.02,0.02,620.379762,1776271248000
1776271249.865,49.865,0.34,5.0,0.33,5.0,0.38,10.0,0.39,5.0,0.68,5.0,0.67,5.0,0.7,5.0,0.71,10.0,0.04,0.02,620.379762,1776271248000
1776271250.396,50.396,0.34,5.0,0.33,5.0,0.38,10.0,0.39,5.0,0.62,10.0,0.61,5.0,0.66,5.0,0.67,5.0,0.04,0.04,620.36627,1776271249000
1776271251.647,51.647,0.34,5.0,0.33,5.0,0.38,10.0,0.39,5.0,0.62,10.0,0.61,5.0,0.66,5.0,0.67,5.0,0.04,0.04,620.36271,1776271250000
1776271252.061,52.061,0.29,5.0,0.28,10.0,0.31,2.2,0.32,5.0,0.62,10.0,0.61,5.0,0.66,5.0,0.67,5.0,0.02,0.04,620.36271,1776271250000
1776271252.532,52.532,0.28,10.0,0.27,5.0,0.31,2.2,0.32,5.0,0.69,2.2,0.68,5.0,0.71,5.0,0.72,10.0,0.03,0.02,620.40071,1776271251000
1776271253.369,53.369,0.28,10.0,0.27,5.0,0.31,2.2,0.32,5.0,0.69,2.2,0.68,5.0,0.72,10.0,0.73,5.0,0.03,0.03,620.385843,1776271252000
1776271253.978,53.978,0.28,10.0,0.27,5.0,0.31,2.2,0.32,5.0,0.69,2.2,0.68,5.0,0.72,10.0,0.73,5.0,0.03,0.03,620.383,1776271253000
1776271254.486,54.486,0.38,5.0,0.37,5.0,0.4,5.0,0.41,5.0,0.69,2.2,0.68,5.0,0.72,10.0,0.73,5.0,0.02,0.03,620.383,1776271253000
1776271254.994,54.994,0.43,5.0,0.42,5.0,0.45,5.0,0.48,10.0,0.6,5.0,0.59,5.0,0.62,5.0,0.63,5.0,0.02,0.02,620.383,1776271253000
1776271255.987,55.987,0.43,5.0,0.42,5.0,0.45,5.0,0.48,10.0,0.55,5.0,0.52,10.0,0.57,5.0,0.58,5.0,0.02,0.02,620.401969,1776271255000
1776271257.053,57.053,0.43,5.0,0.42,5.0,0.45,5.0,0.48,10.0,0.55,5.0,0.52,10.0,0.57,5.0,0.58,5.0,0.02,0.02,620.446,1776271256000
1776271258.071,58.071,0.43,5.0,0.42,5.0,0.45,5.0,0.48,10.0,0.55,5.0,0.52,10.0,0.57,5.0,0.58,5.0,0.02,0.02,620.446254,1776271257000
1776271258.979,58.979,0.42,5.0,0.41,5.0,0.44,5.0,0.45,10.0,0.56,5.0,0.55,10.0,0.58,5.0,0.59,5.0,0.02,0.02,620.456068,1776271258000
1776271260.024,60.024,0.42,5.0,0.41,5.0,0.44,5.0,0.45,10.0,0.56,5.0,0.55,10.0,0.58,5.0,0.59,5.0,0.02,0.02,620.455277,1776271259000
1776271261.153,61.153,0.42,5.0,0.41,5.0,0.44,5.0,0.45,10.0,0.56,5.0,0.55,10.0,0.58,5.0,0.59,5.0,0.02,0.02,620.477037,1776271260000
1776271262.266,62.266,0.42,5.0,0.41,5.0,0.44,5.0,0.45,10.0,0.56,5.0,0.55,10.0,0.58,5.0,0.59,5.0,0.02,0.02,620.476051,1776271261000
1776271263.396,63.396,0.39,5.0,0.38,5.0,0.41,5.0,0.42,5.0,0.59,5.0,0.58,5.0,0.61,5.0,0.62,5.0,0.02,0.02,620.476893,1776271262000
1776271264.271,64.271,0.39,5.0,0.38,5.0,0.41,5.0,0.42,5.0,0.59,5.0,0.58,5.0,0.61,5.0,0.62,5.0,0.02,0.02,620.476893,1776271263000
1776271265.44,65.44,0.39,5.0,0.38,5.0,0.41,5.0,0.42,5.0,0.59,5.0,0.58,5.0,0.61,5.0,0.62,5.0,0.02,0.02,620.481,1776271264000
1776271266.018,66.018,0.39,5.0,0.38,5.0,0.41,5.0,0.42,5.0,0.59,5.0,0.58,5.0,0.61,5.0,0.62,5.0,0.02,0.02,620.481,1776271265000
1776271266.37,66.37,0.32,16.9,0.31,12.2,0.34,5.0,0.35,5.0,0.59,5.0,0.58,5.0,0.61,5.0,0.62,5.0,0.02,0.02,620.481,1776271265000
1776271267.924,67.924,0.32,11.9,0.31,12.2,0.34,5.0,0.35,5.0,0.66,5.0,0.65,5.0,0.68,11.9,0.69,12.2,0.02,0.02,620.478163,1776271266000
1776271268.366,68.366,0.24,19.3,0.23,19.7,0.26,0.2,0.27,5.0,0.66,5.0,0.65,5.0,0.68,11.9,0.69,12.2,0.02,0.02,620.478163,1776271266000
1776271268.835,68.835,0.22,5.0,0.18,17.6,0.24,31.2,0.25,5.0,0.74,0.2,0.73,5.0,0.76,19.3,0.77,19.7,0.02,0.02,620.457393,1776271267000
1776271269.087,69.087,0.22,5.0,0.18,17.6,0.24,31.2,0.25,5.0,0.76,31.2,0.75,5.0,0.78,5.0,0.82,17.6,0.02,0.02,620.453532,1776271268000
1776271270.033,70.033,0.22,5.0,0.18,17.6,0.24,31.2,0.25,5.0,0.76,31.2,0.75,5.0,0.78,5.0,0.82,17.6,0.02,0.02,620.453648,1776271269000
1776271271.095,71.095,0.22,5.0,0.18,17.6,0.24,31.2,0.25,5.0,0.76,31.2,0.75,5.0,0.78,5.0,0.82,17.6,0.02,0.02,620.289683,1776271270000
1776271272.209,72.209,0.22,5.0,0.18,17.6,0.24,31.2,0.25,5.0,0.76,31.2,0.75,5.0,0.78,5.0,0.82,17.6,0.02,0.02,620.268691,1776271271000
1776271273.372,73.372,0.22,5.0,0.18,17.6,0.24,31.2,0.25,5.0,0.76,31.2,0.75,5.0,0.78,5.0,0.82,17.6,0.02,0.02,620.265681,1776271272000
1776271273.868,73.868,0.2,4.0,0.19,5.0,0.22,5.0,0.23,5.0,0.76,31.2,0.75,5.0,0.78,5.0,0.82,17.6,0.02,0.02,620.265681,1776271272000
1776271274.854,74.854,0.2,4.0,0.19,5.0,0.22,5.0,0.23,5.0,0.78,5.0,0.77,5.0,0.8,4.0,0.81,5.0,0.02,0.02,620.270367,1776271273000
1776271275.405,75.405,0.2,4.0,0.19,5.0,0.22,5.0,0.23,5.0,0.78,5.0,0.77,5.0,0.8,4.0,0.81,5.0,0.02,0.02,620.270371,1776271274000
1776271276.1,76.1,0.2,4.0,0.19,5.0,0.22,5.0,0.23,5.0,0.78,5.0,0.77,5.0,0.8,4.0,0.81,5.0,0.02,0.02,620.27051,1776271275000
1776271277.403,77.403,0.2,4.0,0.19,5.0,0.22,5.0,0.23,5.0,0.78,5.0,0.77,5.0,0.8,4.0,0.81,5.0,0.02,0.02,620.27041,1776271276000
1776271278.635,78.635,0.2,4.0,0.19,5.0,0.22,5.0,0.23,5.0,0.78,5.0,0.77,5.0,0.8,4.0,0.81,5.0,0.02,0.02,620.272159,1776271277000
1776271279.163,79.163,0.2,4.0,0.19,5.0,0.22,5.0,0.23,5.0,0.78,5.0,0.77,5.0,0.8,4.0,0.81,5.0,0.02,0.02,620.273929,1776271278000
1776271279.955,79.955,0.21,69.43,0.2,21.2,0.28,5.0,0.29,5.0,0.78,5.0,0.77,5.0,0.8,4.0,0.81,5.0,0.07,0.02,620.273929,1776271278000
1776271280.663,80.663,0.21,69.43,0.2,21.2,0.28,5.0,0.29,5.0,0.72,5.0,0.71,5.0,0.79,69.43,0.8,21.2,0.07,0.07,620.273847,1776271279000
1776271281.194,81.194,0.21,69.43,0.2,21.2,0.28,5.0,0.29,5.0,0.72,5.0,0.71,5.0,0.79,69.43,0.8,21.2,0.07,0.07,620.3,1776271280000
1776271282.492,82.492,0.21,69.43,0.2,21.2,0.28,5.0,0.29,5.0,0.72,5.0,0.71,5.0,0.79,69.43,0.8,21.2,0.07,0.07,620.31,1776271281000
1776271282.991,82.991,0.23,5.0,0.22,5.0,0.27,5.0,0.28,5.0,0.72,5.0,0.71,5.0,0.79,69.43,0.8,21.2,0.04,0.07,620.31,1776271281000
1776271283.373,83.373,0.29,5.0,0.28,5.0,0.31,4.2,0.32,5.0,0.71,4.1,0.7,10.0,0.74,5.0,0.75,5.0,0.02,0.03,620.31,1776271281000
1776271283.651,83.651,0.29,5.0,0.28,5.0,0.31,4.2,0.32,5.0,0.69,4.2,0.68,5.0,0.71,5.0,0.72,5.0,0.02,0.02,620.344,1776271282000
1776271283.89,83.89,0.33,5.0,0.32,5.0,0.36,9.1,0.37,5.0,0.69,4.2,0.68,5.0,0.71,5.0,0.72,5.0,0.03,0.02,620.344,1776271282000
1776271284.21,84.21,0.31,5.0,0.3,5.0,0.34,9.2,0.35,5.0,0.64,9.1,0.63,5.0,0.67,5.0,0.68,5.0,0.03,0.03,620.344,1776271282000
1776271284.576,84.576,0.31,5.0,0.3,5.0,0.34,9.2,0.35,5.0,0.66,9.2,0.65,5.0,0.69,5.0,0.7,5.0,0.03,0.03,620.344,1776271283000
1776271285.608,85.608,0.31,5.0,0.3,5.0,0.34,9.2,0.35,5.0,0.66,9.2,0.65,5.0,0.69,5.0,0.7,5.0,0.03,0.03,620.333,1776271284000
1776271286.842,86.842,0.31,5.0,0.3,5.0,0.34,9.2,0.35,5.0,0.66,9.2,0.65,5.0,0.69,5.0,0.7,5.0,0.03,0.03,620.338,1776271285000
1776271287.446,87.446,0.31,5.0,0.3,5.0,0.34,9.2,0.35,5.0,0.66,9.2,0.65,5.0,0.69,5.0,0.7,5.0,0.03,0.03,620.341,1776271286000
1776271288.238,88.238,0.31,5.0,0.3,5.0,0.34,9.2,0.35,5.0,0.66,9.2,0.65,5.0,0.69,5.0,0.7,5.0,0.03,0.03,620.341,1776271287000
1776271289.701,89.701,0.32,5.0,0.31,5.0,0.34,28.0,0.36,4.1,0.66,28.0,0.64,4.1,0.68,5.0,0.69,5.0,0.02,0.02,620.3565,1776271288000
1776271290.399,90.399,0.32,5.0,0.31,5.0,0.34,28.0,0.36,4.1,0.66,28.0,0.64,4.1,0.68,5.0,0.69,5.0,0.02,0.02,620.357,1776271289000
1776271291.19,91.19,0.32,5.0,0.31,5.0,0.34,28.0,0.36,4.1,0.66,28.0,0.64,4.1,0.68,5.0,0.69,5.0,0.02,0.02,620.386,1776271290000
1776271292.432,92.432,0.32,5.0,0.31,5.0,0.34,28.0,0.36,4.1,0.66,28.0,0.64,4.1,0.68,5.0,0.69,5.0,0.02,0.02,620.373,1776271291000
1776271293.248,93.248,0.32,5.0,0.31,5.0,0.34,28.0,0.36,4.1,0.66,28.0,0.64,4.1,0.68,5.0,0.69,5.0,0.02,0.02,620.373,1776271292000
1776271294.391,94.391,0.27,5.0,0.25,18.9,0.29,5.0,0.3,5.0,0.71,5.0,0.7,5.0,0.73,5.0,0.75,18.9,0.02,0.02,620.371,1776271293000
1776271294.792,94.792,0.22,9.09,0.15,30.39,0.23,35.0,0.24,5.0,0.71,5.0,0.7,5.0,0.73,5.0,0.75,18.9,0.01,0.02,620.371,1776271293000
1776271295.216,95.216,0.22,4.02,0.17,5.0,0.23,40.0,0.24,5.0,0.77,40.0,0.76,5.0,0.78,4.02,0.83,5.0,0.01,0.01,620.371,1776271294000
1776271296.514,96.514,0.22,4.02,0.17,5.0,0.23,40.0,0.24,5.0,0.77,40.0,0.76,5.0,0.78,4.02,0.83,5.0,0.01,0.01,620.293,1776271295000
1776271297.336,97.336,0.22,4.02,0.17,5.0,0.23,40.0,0.24,5.0,0.77,40.0,0.76,5.0,0.78,4.02,0.83,5.0,0.01,0.01,620.27425,1776271296000
1776271298.029,98.029,0.22,4.02,0.17,5.0,0.23,40.0,0.24,5.0,0.77,40.0,0.76,5.0,0.78,4.02,0.83,5.0,0.01,0.01,620.179,1776271297000
1776271299.421,99.421,0.22,4.02,0.17,5.0,0.23,40.0,0.24,5.0,0.77,40.0,0.76,5.0,0.78,4.02,0.83,5.0,0.01,0.01,620.131223,1776271298000
1776271300.237,100.237,0.22,4.02,0.17,5.0,0.23,40.0,0.24,5.0,0.77,40.0,0.76,5.0,0.78,4.02,0.83,5.0,0.01,0.01,620.131223,1776271299000
1776271300.725,100.725,0.1,5.0,0.09,5.0,0.12,12.02,0.13,5.0,0.88,12.02,0.87,5.0,0.89,5.0,0.9,5.0,0.02,0.01,620.131223,1776271299000
1776271301.113,101.113,0.11,5.0,0.1,5.0,0.12,5.12,0.13,5.0,0.88,12.02,0.87,5.0,0.9,5.0,0.91,5.0,0.01,0.02,620.131223,1776271299000
1776271301.448,101.448,0.11,5.0,0.1,5.0,0.14,8.42,0.15,5.0,0.88,5.12,0.87,5.0,0.89,5.0,0.9,5.0,0.03,0.01,620.131223,1776271299000
1776271301.919,101.919,0.11,5.0,0.1,5.0,0.14,8.42,0.15,5.0,0.86,8.42,0.85,5.0,0.89,5.0,0.9,5.0,0.03,0.03,620.06512,1776271300000
1776271302.271,102.271,0.12,5.0,0.11,5.0,0.14,6.4,0.15,5.0,0.86,3.1,0.85,5.0,0.88,5.0,0.89,5.0,0.02,0.02,620.06512,1776271300000
1776271302.83,102.83,0.12,5.0,0.11,5.0,0.14,6.4,0.15,5.0,0.86,6.4,0.85,5.0,0.88,5.0,0.89,5.0,0.02,0.02,619.979921,1776271301000
1776271303.406,103.406,0.12,5.0,0.11,5.0,0.14,6.4,0.15,5.0,0.86,6.4,0.85,5.0,0.88,5.0,0.89,5.0,0.02,0.02,619.979921,1776271302000
1776271304.004,104.004,0.12,5.0,0.11,5.0,0.14,6.4,0.15,5.0,0.86,6.4,0.85,5.0,0.88,5.0,0.89,5.0,0.02,0.02,619.979509,1776271303000
1776271305.136,105.136,0.12,5.0,0.11,5.0,0.14,6.4,0.15,5.0,0.86,6.4,0.85,5.0,0.88,5.0,0.89,5.0,0.02,0.02,619.981995,1776271304000
1776271305.793,105.793,0.17,5.0,0.16,5.0,0.19,22.0,0.2,21.3,0.86,6.4,0.85,5.0,0.88,5.0,0.89,5.0,0.02,0.02,619.981995,1776271304000
1776271306.262,106.262,0.17,5.0,0.16,5.0,0.19,22.0,0.2,21.3,0.81,22.0,0.8,21.3,0.83,5.0,0.84,5.0,0.02,0.02,619.981687,1776271305000
1776271307.347,107.347,0.15,5.0,0.14,5.0,0.18,10.33,0.19,26.89,0.81,22.0,0.8,21.3,0.83,5.0,0.84,5.0,0.03,0.02,619.981687,1776271305000
1776271307.909,107.909,0.15,5.0,0.14,5.0,0.18,10.33,0.19,26.89,0.82,10.33,0.81,26.89,0.85,5.0,0.86,5.0,0.03,0.03,620.034718,1776271307000
1776271309.023,109.023,0.15,5.0,0.14,5.0,0.18,10.33,0.19,26.89,0.82,10.33,0.81,26.89,0.85,5.0,0.86,5.0,0.03,0.03,620.064,1776271308000
1776271310.277,110.277,0.15,5.0,0.14,5.0,0.18,10.33,0.19,26.89,0.82,10.33,0.81,26.89,0.85,5.0,0.86,5.0,0.03,0.03,620.10655,1776271309000
1776271311.297,111.297,0.15,5.0,0.14,5.0,0.18,10.33,0.19,26.89,0.82,10.33,0.81,26.89,0.85,5.0,0.86,5.0,0.03,0.03,620.113,1776271310000
1776271311.613,111.613,0.1,5.0,0.09,5.0,0.12,18.0,0.13,5.0,0.82,10.33,0.81,26.89,0.85,5.0,0.86,5.0,0.02,0.03,620.113,1776271310000
1776271312.421,112.421,0.1,5.0,0.09,5.0,0.12,18.0,0.13,5.0,0.88,18.0,0.87,5.0,0.9,5.0,0.91,5.0,0.02,0.02,620.05801,1776271311000
1776271313.003,113.003,0.1,5.0,0.09,5.0,0.12,18.0,0.13,5.0,0.88,18.0,0.87,5.0,0.9,5.0,0.91,5.0,0.02,0.02,620.011182,1776271312000
1776271314.024,114.024,0.1,5.0,0.09,5.0,0.12,18.0,0.13,5.0,0.88,18.0,0.87,5.0,0.9,5.0,0.91,5.0,0.02,0.02,619.920075,1776271313000
1776271315.127,115.127,0.1,5.0,0.09,5.0,0.12,18.0,0.13,5.0,0.88,18.0,0.87,5.0,0.9,5.0,0.91,5.0,0.02,0.02,619.912112,1776271314000
1776271316.264,116.264,0.1,5.0,0.09,5.0,0.12,18.0,0.13,5.0,0.88,18.0,0.87,5.0,0.9,5.0,0.91,5.0,0.02,0.02,619.912112,1776271315000
1776271316.816,116.816,0.09,5.0,0.08,5.0,0.11,36.6,0.12,29.6,0.88,18.0,0.87,5.0,0.9,5.0,0.91,5.0,0.02,0.02,619.912112,1776271315000
1776271317.231,117.231,0.09,5.0,0.08,5.0,0.11,34.7,0.12,29.6,0.89,36.6,0.88,29.6,0.91,5.0,0.92,5.0,0.02,0.02,619.912112,1776271315000
1776271317.443,117.443,0.09,5.0,0.08,5.0,0.11,34.7,0.12,29.6,0.89,34.7,0.88,29.6,0.91,5.0,0.92,5.0,0.02,0.02,619.912218,1776271316000
1776271317.806,117.806,0.09,5.0,0.08,5.0,0.11,27.99,0.12,29.6,0.9,22.2,0.89,31.6,0.91,5.0,0.92,5.0,0.02,0.01,619.912218,1776271316000
1776271318.037,118.037,0.09,5.0,0.08,5.0,0.11,21.09,0.12,29.6,0.89,27.99,0.88,29.6,0.91,5.0,0.92,5.0,0.02,0.02,619.912218,1776271316000
1776271318.801,118.801,0.09,5.0,0.08,5.0,0.11,21.09,0.12,29.6,0.89,21.09,0.88,29.6,0.91,5.0,0.92,5.0,0.02,0.02,619.912218,1776271317000
1776271319.319,119.319,0.1,5.0,0.09,5.0,0.11,21.39,0.12,29.6,0.89,21.09,0.88,29.6,0.91,5.0,0.92,5.0,0.01,0.02,619.912218,1776271317000
1776271319.578,119.578,0.1,5.0,0.09,5.0,0.11,21.39,0.12,29.6,0.89,21.39,0.88,29.6,0.9,5.0,0.91,5.0,0.01,0.01,619.907647,1776271318000
1776271320.348,120.348,0.1,5.0,0.09,5.0,0.11,21.39,0.12,29.6,0.89,21.39,0.88,29.6,0.9,5.0,0.91,5.0,0.01,0.01,619.907371,1776271319000
1776271321.147,121.147,0.1,5.0,0.09,5.0,0.11,21.39,0.12,29.6,0.89,21.39,0.88,29.6,0.9,5.0,0.91,5.0,0.01,0.01,619.907371,1776271320000
1776271322.718,122.718,0.1,5.0,0.09,5.0,0.11,21.39,0.12,29.6,0.89,21.39,0.88,29.6,0.9,5.0,0.91,5.0,0.01,0.01,619.896901,1776271321000
1776271323.482,123.482,0.1,5.0,0.09,5.0,0.11,21.39,0.12,29.6,0.89,21.39,0.88,29.6,0.9,5.0,0.91,5.0,0.01,0.01,619.897801,1776271322000
1776271324.294,124.294,0.1,5.0,0.09,5.0,0.11,21.39,0.12,29.6,0.89,21.39,0.88,29.6,0.9,5.0,0.91,5.0,0.01,0.01,619.899548,1776271323000
1776271325.185,125.185,0.1,5.0,0.09,5.0,0.11,21.39,0.12,29.6,0.89,21.39,0.88,29.6,0.9,5.0,0.91,5.0,0.01,0.01,619.900923,1776271324000
1776271325.413,125.413,0.09,5.0,0.08,5.0,0.11,9.39,0.12,24.6,0.89,21.39,0.88,29.6,0.9,5.0,0.91,5.0,0.02,0.01,619.900923,1776271324000
1776271326.774,126.774,0.09,5.0,0.08,5.0,0.11,9.39,0.12,24.6,0.89,9.39,0.88,24.6,0.91,5.0,0.92,5.0,0.02,0.02,619.953761,1776271325000
1776271327.589,127.589,0.09,5.0,0.08,5.0,0.11,9.39,0.12,24.6,0.89,9.39,0.88,24.6,0.91,5.0,0.92,5.0,0.02,0.02,619.981,1776271326000
1776271328.395,128.395,0.09,5.0,0.08,5.0,0.11,9.39,0.12,24.6,0.89,9.39,0.88,24.6,0.91,5.0,0.92,5.0,0.02,0.02,619.932555,1776271327000
1776271329.169,129.169,0.09,5.0,0.08,5.0,0.11,9.39,0.12,24.6,0.89,9.39,0.88,24.6,0.91,5.0,0.92,5.0,0.02,0.02,619.932555,1776271328000
1776271330.606,130.606,0.09,5.0,0.08,5.0,0.11,9.39,0.12,24.6,0.89,9.39,0.88,24.6,0.91,5.0,0.92,5.0,0.02,0.02,619.932888,1776271329000
1776271331.385,131.385,0.09,5.0,0.08,5.0,0.11,9.39,0.12,24.6,0.89,9.39,0.88,24.6,0.91,5.0,0.92,5.0,0.02,0.02,619.923,1776271330000
1776271332.242,132.242,0.09,5.0,0.08,5.0,0.11,9.39,0.12,24.6,0.89,9.39,0.88,24.6,0.91,5.0,0.92,5.0,0.02,0.02,619.98203,1776271331000
1776271333.723,133.723,0.09,5.0,0.08,5.0,0.11,9.39,0.12,24.6,0.89,9.39,0.88,24.6,0.91,5.0,0.92,5.0,0.02,0.02,620.014,1776271332000
1776271334.525,134.525,0.09,5.0,0.08,5.0,0.11,9.39,0.12,24.6,0.89,9.39,0.88,24.6,0.91,5.0,0.92,5.0,0.02,0.02,619.997,1776271333000
1776271334.91,134.91,0.12,1.85,0.11,5.0,0.14,21.6,0.15,20.39,0.89,9.39,0.88,24.6,0.91,5.0,0.92,5.0,0.02,0.02,619.997,1776271333000
1776271335.198,135.198,0.12,1.85,0.11,5.0,0.14,21.6,0.15,20.39,0.86,21.6,0.85,20.39,0.88,1.85,0.89,5.0,0.02,0.02,619.997,1776271334000
1776271336.673,136.673,0.12,1.85,0.11,5.0,0.14,21.6,0.15,20.39,0.86,21.6,0.85,20.39,0.88,1.85,0.89,5.0,0.02,0.02,620.030885,1776271335000
1776271338.066,138.066,0.12,1.85,0.11,5.0,0.14,21.6,0.15,20.39,0.86,21.6,0.85,20.39,0.88,1.85,0.89,5.0,0.02,0.02,620.082,1776271336000
1776271338.786,138.786,0.12,1.85,0.11,5.0,0.14,21.6,0.15,20.39,0.86,21.6,0.85,20.39,0.88,1.85,0.89,5.0,0.02,0.02,620.095,1776271337000
1776271339.288,139.288,0.12,1.85,0.11,5.0,0.14,21.6,0.15,20.39,0.86,21.6,0.85,20.39,0.88,1.85,0.89,5.0,0.02,0.02,620.101497,1776271338000
1776271340.587,140.587,0.12,1.85,0.11,5.0,0.14,21.6,0.15,20.39,0.86,21.6,0.85,20.39,0.88,1.85,0.89,5.0,0.02,0.02,620.15694,1776271339000
1776271341.17,141.17,0.12,1.85,0.11,5.0,0.14,21.6,0.15,20.39,0.86,21.6,0.85,20.39,0.88,1.85,0.89,5.0,0.02,0.02,620.158,1776271340000
1776271342.499,142.499,0.12,1.85,0.11,5.0,0.14,21.6,0.15,20.39,0.86,21.6,0.85,20.39,0.88,1.85,0.89,5.0,0.02,0.02,620.137,1776271341000
1776271343.083,143.083,0.17,5.0,0.16,5.0,0.18,9.8,0.19,16.89,0.82,9.8,0.81,16.89,0.83,5.0,0.84,5.0,0.01,0.01,620.137,1776271342000
1776271343.322,143.322,0.17,5.0,0.16,5.0,0.18,2.1,0.19,21.89,0.82,9.8,0.81,16.89,0.83,5.0,0.84,5.0,0.01,0.01,620.137,1776271342000
1776271344.305,144.305,0.17,5.0,0.16,5.0,0.18,2.1,0.19,21.89,0.82,2.1,0.81,21.89,0.83,5.0,0.84,5.0,0.01,0.01,620.144,1776271343000
1776271345.405,145.405,0.17,5.0,0.16,5.0,0.18,2.1,0.19,21.89,0.82,2.1,0.81,21.89,0.83,5.0,0.84,5.0,0.01,0.01,620.156,1776271344000
1776271346.068,146.068,0.19,5.0,0.18,5.0,0.22,2.2,0.23,19.7,0.78,2.2,0.77,19.7,0.81,5.0,0.82,5.0,0.03,0.03,620.156,1776271345000
1776271346.338,146.338,0.2,5.0,0.19,5.0,0.23,14.2,0.24,19.3,0.78,2.2,0.77,19.7,0.81,5.0,0.82,5.0,0.03,0.03,620.156,1776271345000
1776271347.22,147.22,0.19,5.0,0.18,5.0,0.23,14.2,0.24,19.3,0.77,14.2,0.76,19.3,0.81,5.0,0.82,5.0,0.04,0.04,620.15848,1776271346000
1776271348.434,148.434,0.19,5.0,0.18,5.0,0.23,14.2,0.24,19.3,0.77,14.2,0.76,19.3,0.81,5.0,0.82,5.0,0.04,0.04,620.174241,1776271347000
1776271349.012,149.012,0.19,5.0,0.18,5.0,0.23,14.2,0.24,19.3,0.77,14.2,0.76,19.3,0.81,5.0,0.82,5.0,0.04,0.04,620.173195,1776271348000
1776271349.296,149.296,0.21,5.0,0.2,5.0,0.23,20.2,0.24,19.3,0.77,14.2,0.76,19.3,0.81,5.0,0.82,5.0,0.02,0.04,620.173195,1776271348000
1776271350.206,150.206,0.21,5.0,0.2,5.0,0.23,20.2,0.24,19.3,0.77,20.2,0.76,19.3,0.79,5.0,0.8,5.0,0.02,0.02,620.172711,1776271349000
1776271351.465,151.465,0.21,5.0,0.2,5.0,0.23,20.2,0.24,19.3,0.77,20.2,0.76,19.3,0.79,5.0,0.8,5.0,0.02,0.02,620.190503,1776271350000
1776271351.969,151.969,0.21,5.0,0.2,5.0,0.23,20.2,0.24,19.3,0.77,20.2,0.76,19.3,0.79,5.0,0.8,5.0,0.02,0.02,620.283,1776271351000
1776271353.582,153.582,0.21,5.0,0.2,5.0,0.23,20.2,0.24,19.3,0.77,20.2,0.76,19.3,0.79,5.0,0.8,5.0,0.02,0.02,620.298944,1776271352000
1776271354.077,154.077,0.21,5.0,0.2,5.0,0.23,20.2,0.24,19.3,0.77,20.2,0.76,19.3,0.79,5.0,0.8,5.0,0.02,0.02,620.298646,1776271353000
1776271354.931,154.931,0.21,5.0,0.2,5.0,0.23,20.2,0.24,19.3,0.77,20.2,0.76,19.3,0.79,5.0,0.8,5.0,0.02,0.02,620.298296,1776271354000
1776271355.922,155.922,0.21,5.0,0.2,5.0,0.23,20.2,0.24,19.3,0.77,20.2,0.76,19.3,0.79,5.0,0.8,5.0,0.02,0.02,620.296813,1776271355000
1776271356.15,156.15,0.26,3.58,0.25,5.0,0.27,10.0,0.28,5.0,0.77,20.2,0.76,19.3,0.79,5.0,0.8,5.0,0.01,0.02,620.296813,1776271355000
1776271356.996,156.996,0.26,3.58,0.25,5.0,0.27,10.0,0.28,5.0,0.73,10.0,0.72,5.0,0.74,3.58,0.75,5.0,0.01,0.01,620.301799,1776271356000
1776271358.123,158.123,0.26,3.58,0.25,5.0,0.27,10.0,0.28,5.0,0.73,10.0,0.72,5.0,0.74,3.58,0.75,5.0,0.01,0.01,620.302592,1776271357000
1776271359.06,159.06,0.26,3.58,0.25,5.0,0.27,10.0,0.28,5.0,0.73,10.0,0.72,5.0,0.74,3.58,0.75,5.0,0.01,0.01,620.302517,1776271358000
1776271360.06,160.06,0.26,3.58,0.25,5.0,0.27,10.0,0.28,5.0,0.73,10.0,0.72,5.0,0.74,3.58,0.75,5.0,0.01,0.01,620.302517,1776271359000
1776271361.021,161.021,0.26,3.58,0.25,5.0,0.27,10.0,0.28,5.0,0.73,10.0,0.72,5.0,0.74,3.58,0.75,5.0,0.01,0.01,620.301216,1776271360000
1776271361.997,161.997,0.26,3.58,0.25,5.0,0.27,10.0,0.28,5.0,0.73,10.0,0.72,5.0,0.74,3.58,0.75,5.0,0.01,0.01,620.248844,1776271361000
1776271362.254,162.254,0.22,5.0,0.21,5.0,0.24,14.3,0.25,23.9,0.73,10.0,0.72,5.0,0.74,3.58,0.75,5.0,0.02,0.01,620.248844,1776271361000
1776271362.94,162.94,0.22,5.0,0.21,5.0,0.24,14.3,0.25,23.9,0.76,14.3,0.75,23.9,0.78,5.0,0.79,5.0,0.02,0.02,620.24961,1776271362000
1776271363.956,163.956,0.22,5.0,0.21,5.0,0.24,14.3,0.25,23.9,0.76,14.3,0.75,23.9,0.78,5.0,0.79,5.0,0.02,0.02,620.248636,1776271363000
1776271364.893,164.893,0.22,5.0,0.21,5.0,0.24,14.3,0.25,23.9,0.76,14.3,0.75,23.9,0.78,5.0,0.79,5.0,0.02,0.02,620.248537,1776271364000
1776271366.291,166.291,0.22,5.0,0.21,5.0,0.24,14.3,0.25,23.9,0.76,14.3,0.75,23.9,0.78,5.0,0.79,5.0,0.02,0.02,620.248527,1776271365000
1776271367.427,167.427,0.22,5.0,0.21,5.0,0.24,14.3,0.25,23.9,0.76,14.3,0.75,23.9,0.78,5.0,0.79,5.0,0.02,0.02,620.239184,1776271366000
1776271367.945,167.945,0.22,5.0,0.21,5.0,0.24,14.3,0.25,23.9,0.76,14.3,0.75,23.9,0.78,5.0,0.79,5.0,0.02,0.02,620.239231,1776271367000
1776271369.014,169.014,0.22,5.0,0.21,5.0,0.24,14.3,0.25,23.9,0.76,14.3,0.75,23.9,0.78,5.0,0.79,5.0,0.02,0.02,620.240547,1776271368000
1776271370.164,170.164,0.22,5.0,0.21,5.0,0.24,14.3,0.25,23.9,0.76,14.3,0.75,23.9,0.78,5.0,0.79,5.0,0.02,0.02,620.233481,1776271369000
1776271371.391,171.391,0.22,5.0,0.21,5.0,0.24,14.3,0.25,23.9,0.76,14.3,0.75,23.9,0.78,5.0,0.79,5.0,0.02,0.02,620.233681,1776271370000
1776271372.368,172.368,0.22,5.0,0.21,5.0,0.24,14.3,0.25,23.9,0.76,14.3,0.75,23.9,0.78,5.0,0.79,5.0,0.02,0.02,620.20997,1776271371000
1776271372.97,172.97,0.22,5.0,0.21,5.0,0.24,14.3,0.25,23.9,0.76,14.3,0.75,23.9,0.78,5.0,0.79,5.0,0.02,0.02,620.186731,1776271372000
1776271373.179,173.179,0.17,5.0,0.16,5.0,0.19,16.89,0.2,16.3,0.76,14.3,0.75,23.9,0.78,5.0,0.79,5.0,0.02,0.02,620.186731,1776271372000
1776271373.63,173.63,0.17,5.0,0.16,5.0,0.19,9.09,0.2,16.3,0.81,16.89,0.8,16.3,0.83,5.0,0.84,5.0,0.02,0.02,620.186731,1776271372000
1776271374.069,174.069,0.17,5.0,0.16,5.0,0.19,9.09,0.2,16.3,0.81,9.09,0.8,16.3,0.83,5.0,0.84,5.0,0.02,0.02,620.191947,1776271373000
1776271375.169,175.169,0.17,5.0,0.16,5.0,0.19,9.09,0.2,16.3,0.81,9.09,0.8,16.3,0.83,5.0,0.84,5.0,0.02,0.02,620.232452,1776271374000
1776271375.667,175.667,0.17,5.0,0.16,5.0,0.18,9.9,0.19,9.09,0.81,9.09,0.8,16.3,0.83,5.0,0.84,5.0,0.01,0.02,620.232452,1776271374000
1776271376.321,176.321,0.17,5.0,0.16,5.0,0.18,9.9,0.19,9.09,0.82,9.9,0.81,9.09,0.83,5.0,0.84,5.0,0.01,0.01,620.235337,1776271375000
1776271376.662,176.662,0.17,5.0,0.16,5.0,0.18,2.1,0.19,9.09,0.82,9.9,0.81,9.09,0.83,5.0,0.84,5.0,0.01,0.01,620.235337,1776271375000
1776271377.4,177.4,0.17,5.0,0.16,5.0,0.18,2.1,0.19,9.09,0.82,2.1,0.81,9.09,0.83,5.0,0.84,5.0,0.01,0.01,620.235754,1776271376000
1776271377.785,177.785,0.17,1.84,0.16,5.0,0.19,3.49,0.2,16.3,0.81,3.49,0.8,16.3,0.83,5.0,0.84,5.0,0.02,0.02,620.235754,1776271376000
1776271379.188,179.188,0.17,1.84,0.16,5.0,0.19,3.49,0.2,16.3,0.81,3.49,0.8,16.3,0.83,1.84,0.84,5.0,0.02,0.02,620.236013,1776271378000
1776271380.658,180.658,0.17,1.84,0.16,5.0,0.19,3.49,0.2,16.3,0.81,3.49,0.8,16.3,0.83,1.84,0.84,5.0,0.02,0.02,620.23346,1776271379000
1776271381.238,181.238,0.17,1.84,0.16,5.0,0.19,3.49,0.2,16.3,0.81,3.49,0.8,16.3,0.83,1.84,0.84,5.0,0.02,0.02,620.23346,1776271380000
1776271382.517,182.517,0.17,1.84,0.16,5.0,0.19,3.49,0.2,16.3,0.81,3.49,0.8,16.3,0.83,1.84,0.84,5.0,0.02,0.02,620.2367,1776271381000
1776271383.183,183.183,0.17,1.84,0.16,5.0,0.19,3.49,0.2,16.3,0.81,3.49,0.8,16.3,0.83,1.84,0.84,5.0,0.02,0.02,620.2367,1776271382000
1776271384.43,184.43,0.17,1.84,0.16,5.0,0.19,3.49,0.2,16.3,0.81,3.49,0.8,16.3,0.83,1.84,0.84,5.0,0.02,0.02,620.237,1776271383000
1776271385.011,185.011,0.17,1.84,0.16,5.0,0.19,3.49,0.2,16.3,0.81,3.49,0.8,16.3,0.83,1.84,0.84,5.0,0.02,0.02,620.237,1776271384000
1776271386.195,186.195,0.17,1.84,0.16,5.0,0.19,3.49,0.2,16.3,0.81,3.49,0.8,16.3,0.83,1.84,0.84,5.0,0.02,0.02,620.24,1776271385000
1776271387.369,187.369,0.17,1.84,0.16,5.0,0.19,3.49,0.2,16.3,0.81,3.49,0.8,16.3,0.83,1.84,0.84,5.0,0.02,0.02,620.240861,1776271386000
1776271388.062,188.062,0.17,1.84,0.16,5.0,0.19,3.49,0.2,16.3,0.81,3.49,0.8,16.3,0.83,1.84,0.84,5.0,0.02,0.02,620.24408,1776271387000
1776271389.336,189.336,0.17,1.84,0.16,5.0,0.19,3.49,0.2,16.3,0.81,3.49,0.8,16.3,0.83,1.84,0.84,5.0,0.02,0.02,620.322,1776271388000
1776271390.397,190.397,0.17,1.84,0.16,5.0,0.19,3.49,0.2,16.3,0.81,3.49,0.8,16.3,0.83,1.84,0.84,5.0,0.02,0.02,620.293277,1776271389000
1776271391.079,191.079,0.17,1.84,0.16,5.0,0.19,3.49,0.2,16.3,0.81,3.49,0.8,16.3,0.83,1.84,0.84,5.0,0.02,0.02,620.288327,1776271390000
1776271392.317,192.317,0.17,1.84,0.16,5.0,0.19,3.49,0.2,16.3,0.81,3.49,0.8,16.3,0.83,1.84,0.84,5.0,0.02,0.02,620.29088,1776271391000
1776271393.556,193.556,0.17,1.84,0.16,5.0,0.19,3.49,0.2,16.3,0.81,3.49,0.8,16.3,0.83,1.84,0.84,5.0,0.02,0.02,620.291078,1776271392000
1776271394.252,194.252,0.17,1.84,0.16,5.0,0.19,3.49,0.2,16.3,0.81,3.49,0.8,16.3,0.83,1.84,0.84,5.0,0.02,0.02,620.290827,1776271393000
1776271395.847,195.847,0.17,1.84,0.16,5.0,0.19,3.49,0.2,16.3,0.81,3.49,0.8,16.3,0.83,1.84,0.84,5.0,0.02,0.02,620.290948,1776271394000
1776271396.93,196.93,0.17,1.84,0.16,5.0,0.19,3.49,0.2,16.3,0.81,3.49,0.8,16.3,0.83,1.84,0.84,5.0,0.02,0.02,620.290951,1776271395000
1776271397.156,197.156,0.2,10.0,0.19,5.0,0.31,5.0,0.32,5.0,0.81,3.49,0.8,16.3,0.83,1.84,0.84,5.0,0.11,0.02,620.290951,1776271395000
1776271397.379,197.379,0.2,10.0,0.19,5.0,0.31,5.0,0.32,5.0,0.69,5.0,0.68,5.0,0.8,10.0,0.81,5.0,0.11,0.11,620.290951,1776271396000
1776271397.997,197.997,0.2,10.0,0.19,5.0,0.31,5.0,0.32,5.0,0.69,5.0,0.68,5.0,0.8,10.0,0.81,5.0,0.11,0.11,620.395597,1776271397000
1776271399.014,199.014,0.2,10.0,0.19,5.0,0.31,5.0,0.32,5.0,0.69,5.0,0.68,5.0,0.8,10.0,0.81,5.0,0.11,0.11,620.405,1776271398000
1776271400.1,200.1,0.2,10.0,0.19,5.0,0.31,5.0,0.32,5.0,0.69,5.0,0.68,5.0,0.8,10.0,0.81,5.0,0.11,0.11,620.418736,1776271399000
1776271400.317,200.317,0.14,5.0,0.13,5.0,0.16,5.0,0.17,5.0,0.69,5.0,0.68,5.0,0.8,10.0,0.81,5.0,0.02,0.11,620.418736,1776271399000
1776271401.15,201.15,0.14,5.0,0.13,5.0,0.16,5.0,0.17,5.0,0.84,5.0,0.83,5.0,0.86,5.0,0.87,5.0,0.02,0.02,620.437,1776271400000
1776271402.285,202.285,0.14,5.0,0.13,5.0,0.16,5.0,0.17,5.0,0.84,5.0,0.83,5.0,0.86,5.0,0.87,5.0,0.02,0.02,620.377641,1776271401000
1776271403.369,203.369,0.14,5.0,0.13,5.0,0.16,5.0,0.17,5.0,0.84,5.0,0.83,5.0,0.86,5.0,0.87,5.0,0.02,0.02,620.311509,1776271402000
1776271404.358,204.358,0.14,5.0,0.13,5.0,0.16,5.0,0.17,5.0,0.84,5.0,0.83,5.0,0.86,5.0,0.87,5.0,0.02,0.02,620.297415,1776271403000
1776271404.994,204.994,0.14,5.0,0.13,5.0,0.16,5.0,0.17,5.0,0.84,5.0,0.83,5.0,0.86,5.0,0.87,5.0,0.02,0.02,620.2992,1776271404000
1776271405.936,205.936,0.14,5.0,0.13,5.0,0.16,5.0,0.17,5.0,0.84,5.0,0.83,5.0,0.86,5.0,0.87,5.0,0.02,0.02,620.29664,1776271405000
1776271407.08,207.08,0.14,5.0,0.13,5.0,0.16,5.0,0.17,5.0,0.84,5.0,0.83,5.0,0.86,5.0,0.87,5.0,0.02,0.02,620.29607,1776271406000
1776271407.826,207.826,0.12,1.85,0.11,5.0,0.15,5.0,0.16,5.0,0.84,5.0,0.83,5.0,0.86,5.0,0.87,5.0,0.03,0.02,620.29607,1776271406000
1776271408.107,208.107,0.12,1.85,0.11,5.0,0.15,5.0,0.16,5.0,0.85,5.0,0.84,5.0,0.88,1.85,0.89,5.0,0.03,0.03,620.303,1776271407000
1776271409.164,209.164,0.12,1.85,0.11,5.0,0.15,5.0,0.16,5.0,0.85,5.0,0.84,5.0,0.88,1.85,0.89,5.0,0.03,0.03,620.30007,1776271408000
1776271410.821,210.821,0.12,1.85,0.11,5.0,0.15,5.0,0.16,5.0,0.85,5.0,0.84,5.0,0.88,1.85,0.89,5.0,0.03,0.03,620.305,1776271409000
1776271411.343,211.343,0.12,1.85,0.11,5.0,0.15,5.0,0.16,5.0,0.85,5.0,0.84,5.0,0.88,1.85,0.89,5.0,0.03,0.03,620.323,1776271410000
1776271412.353,212.353,0.12,1.85,0.11,5.0,0.15,5.0,0.16,5.0,0.85,5.0,0.84,5.0,0.88,1.85,0.89,5.0,0.03,0.03,620.351601,1776271411000
1776271413.331,213.331,0.12,1.85,0.11,5.0,0.15,5.0,0.16,5.0,0.85,5.0,0.84,5.0,0.88,1.85,0.89,5.0,0.03,0.03,620.36124,1776271412000
1776271414.319,214.319,0.12,1.85,0.11,5.0,0.15,5.0,0.16,5.0,0.85,5.0,0.84,5.0,0.88,1.85,0.89,5.0,0.03,0.03,620.359795,1776271413000
1776271414.918,214.918,0.11,26.6,0.1,28.9,0.19,1.05,0.2,5.0,0.85,5.0,0.84,5.0,0.88,1.85,0.89,5.0,0.08,0.03,620.359795,1776271413000
1776271415.322,215.322,0.11,26.6,0.1,28.9,0.19,1.05,0.2,5.0,0.81,1.05,0.8,5.0,0.89,26.6,0.9,28.9,0.08,0.08,620.359828,1776271414000
1776271416.337,216.337,0.11,26.6,0.1,28.9,0.19,1.05,0.2,5.0,0.81,1.05,0.8,5.0,0.89,26.6,0.9,28.9,0.08,0.08,620.321987,1776271415000
1776271417.385,217.385,0.11,26.6,0.1,28.9,0.19,1.05,0.2,5.0,0.81,1.05,0.8,5.0,0.89,26.6,0.9,28.9,0.08,0.08,620.321802,1776271416000
1776271418.296,218.296,0.11,26.6,0.1,28.9,0.19,1.05,0.2,5.0,0.81,1.05,0.8,5.0,0.89,26.6,0.9,28.9,0.08,0.08,620.31906,1776271417000
1776271419.387,219.387,0.11,26.6,0.1,28.9,0.19,1.05,0.2,5.0,0.81,1.05,0.8,5.0,0.89,26.6,0.9,28.9,0.08,0.08,620.31951,1776271418000
1776271419.885,219.885,0.11,26.6,0.1,28.9,0.19,1.05,0.2,5.0,0.81,1.05,0.8,5.0,0.89,26.6,0.9,28.9,0.08,0.08,620.316467,1776271419000
1776271420.894,220.894,0.11,26.6,0.1,28.9,0.19,1.05,0.2,5.0,0.81,1.05,0.8,5.0,0.89,26.6,0.9,28.9,0.08,0.08,620.322374,1776271420000
1776271421.947,221.947,0.11,26.6,0.1,28.9,0.19,1.05,0.2,5.0,0.81,1.05,0.8,5.0,0.89,26.6,0.9,28.9,0.08,0.08,620.324,1776271421000
1776271422.833,222.833,0.11,26.6,0.1,28.9,0.19,1.05,0.2,5.0,0.81,1.05,0.8,5.0,0.89,26.6,0.9,28.9,0.08,0.08,620.326,1776271422000
1776271424.35,224.35,0.15,5.0,0.14,5.0,0.18,21.7,0.19,21.89,0.81,1.05,0.8,5.0,0.89,26.6,0.9,28.9,0.03,0.08,620.326,1776271422000
1776271424.892,224.892,0.15,5.0,0.14,5.0,0.18,21.7,0.19,21.89,0.82,21.7,0.81,21.89,0.85,5.0,0.86,5.0,0.03,0.03,620.323656,1776271424000
1776271426.011,226.011,0.15,5.0,0.14,5.0,0.18,21.7,0.19,21.89,0.82,21.7,0.81,21.89,0.85,5.0,0.86,5.0,0.03,0.03,620.329,1776271425000
1776271426.565,226.565,0.16,5.0,0.15,5.0,0.19,4.2,0.2,5.0,0.82,21.7,0.81,21.89,0.85,5.0,0.86,5.0,0.03,0.03,620.329,1776271425000
1776271427.119,227.119,0.16,5.0,0.15,5.0,0.19,4.2,0.2,5.0,0.81,4.2,0.8,5.0,0.84,5.0,0.85,5.0,0.03,0.03,620.351516,1776271426000
1776271427.578,227.578,0.17,5.0,0.16,5.0,0.2,3.5,0.21,20.7,0.81,4.2,0.8,5.0,0.84,5.0,0.85,5.0,0.03,0.03,620.351516,1776271426000
1776271428.224,228.224,0.17,5.0,0.16,5.0,0.2,3.5,0.21,20.7,0.8,3.5,0.79,20.7,0.83,5.0,0.84,5.0,0.03,0.03,620.37041,1776271427000
1776271428.597,228.597,0.19,5.0,0.18,5.0,0.21,18.3,0.22,20.2,0.8,3.5,0.79,20.7,0.83,5.0,0.84,5.0,0.02,0.03,620.37041,1776271427000
1776271429.371,229.371,0.19,5.0,0.18,5.0,0.21,18.3,0.22,20.2,0.79,18.3,0.78,20.2,0.81,5.0,0.82,5.0,0.02,0.02,620.385463,1776271428000
1776271429.938,229.938,0.24,5.0,0.23,5.0,0.26,17.7,0.27,18.2,0.74,17.7,0.73,18.2,0.76,5.0,0.77,5.0,0.02,0.02,620.3892,1776271429000
1776271430.965,230.965,0.24,5.0,0.23,5.0,0.26,17.7,0.27,18.2,0.74,17.7,0.73,18.2,0.76,5.0,0.77,5.0,0.02,0.02,620.38372,1776271430000
1776271431.693,231.693,0.23,5.0,0.22,5.0,0.25,32.1,0.26,17.7,0.74,17.7,0.73,18.2,0.76,5.0,0.77,5.0,0.02,0.02,620.38372,1776271430000
1776271431.963,231.963,0.23,5.0,0.22,5.0,0.25,32.1,0.26,17.7,0.75,32.1,0.74,17.7,0.77,5.0,0.78,5.0,0.02,0.02,620.383325,1776271431000
1776271432.957,232.957,0.23,5.0,0.22,5.0,0.25,32.1,0.26,17.7,0.75,32.1,0.74,17.7,0.77,5.0,0.78,5.0,0.02,0.02,620.398,1776271432000
1776271434.073,234.073,0.23,5.0,0.22,5.0,0.25,32.1,0.26,17.7,0.75,32.1,0.74,17.7,0.77,5.0,0.78,5.0,0.02,0.02,620.403,1776271433000
1776271435.124,235.124,0.23,5.0,0.22,5.0,0.25,32.1,0.26,17.7,0.75,32.1,0.74,17.7,0.77,5.0,0.78,5.0,0.02,0.02,620.39275,1776271434000
1776271436.086,236.086,0.23,5.0,0.22,5.0,0.25,32.1,0.26,17.7,0.75,32.1,0.74,17.7,0.77,5.0,0.78,5.0,0.02,0.02,620.3887,1776271435000
1776271437.704,237.704,0.23,5.0,0.22,5.0,0.25,32.1,0.26,17.7,0.75,32.1,0.74,17.7,0.77,5.0,0.78,5.0,0.02,0.02,620.39824,1776271436000
1776271438.142,238.142,0.23,5.0,0.22,5.0,0.25,32.1,0.26,17.7,0.75,32.1,0.74,17.7,0.77,5.0,0.78,5.0,0.02,0.02,620.39845,1776271437000
1776271439.252,239.252,0.23,5.0,0.22,5.0,0.25,32.1,0.26,17.7,0.75,32.1,0.74,17.7,0.77,5.0,0.78,5.0,0.02,0.02,620.39636,1776271438000
1776271440.208,240.208,0.23,5.0,0.22,5.0,0.25,32.1,0.26,17.7,0.75,32.1,0.74,17.7,0.77,5.0,0.78,5.0,0.02,0.02,620.387,1776271439000
1776271441.104,241.104,0.23,5.0,0.22,5.0,0.25,32.1,0.26,17.7,0.75,32.1,0.74,17.7,0.77,5.0,0.78,5.0,0.02,0.02,620.37967,1776271440000
1776271442.39,242.39,0.23,5.0,0.22,5.0,0.25,32.1,0.26,17.7,0.75,32.1,0.74,17.7,0.77,5.0,0.78,5.0,0.02,0.02,620.355928,1776271441000
1776271443.427,243.427,0.23,5.0,0.22,5.0,0.25,32.1,0.26,17.7,0.75,32.1,0.74,17.7,0.77,5.0,0.78,5.0,0.02,0.02,620.355928,1776271442000
1776271443.832,243.832,0.23,5.0,0.22,5.0,0.25,32.1,0.26,17.7,0.75,32.1,0.74,17.7,0.77,5.0,0.78,5.0,0.02,0.02,620.36519,1776271443000
1776271444.811,244.811,0.23,5.0,0.22,5.0,0.25,32.1,0.26,17.7,0.75,32.1,0.74,17.7,0.77,5.0,0.78,5.0,0.02,0.02,620.398019,1776271444000
1776271446.384,246.384,0.23,5.0,0.22,5.0,0.25,32.1,0.26,17.7,0.75,32.1,0.74,17.7,0.77,5.0,0.78,5.0,0.02,0.02,620.439607,1776271445000
1776271447.303,247.303,0.23,5.0,0.22,5.0,0.25,32.1,0.26,17.7,0.75,32.1,0.74,17.7,0.77,5.0,0.78,5.0,0.02,0.02,620.421575,1776271446000
1776271448.296,248.296,0.23,5.0,0.22,5.0,0.25,32.1,0.26,17.7,0.75,32.1,0.74,17.7,0.77,5.0,0.78,5.0,0.02,0.02,620.369103,1776271447000
1776271449.316,249.316,0.23,5.0,0.22,5.0,0.25,32.1,0.26,17.7,0.75,32.1,0.74,17.7,0.77,5.0,0.78,5.0,0.02,0.02,620.364581,1776271448000
1776271450.977,250.977,0.23,5.0,0.22,5.0,0.25,32.1,0.26,17.7,0.75,32.1,0.74,17.7,0.77,5.0,0.78,5.0,0.02,0.02,620.352209,1776271449000
1776271451.575,251.575,0.23,5.0,0.22,5.0,0.25,32.1,0.26,17.7,0.75,32.1,0.74,17.7,0.77,5.0,0.78,5.0,0.02,0.02,620.35202,1776271450000
1776271452.176,252.176,0.23,5.0,0.22,5.0,0.25,32.1,0.26,17.7,0.75,32.1,0.74,17.7,0.77,5.0,0.78,5.0,0.02,0.02,620.351911,1776271451000
1776271453.309,253.309,0.23,5.0,0.22,5.0,0.25,32.1,0.26,17.7,0.75,32.1,0.74,17.7,0.77,5.0,0.78,5.0,0.02,0.02,620.351589,1776271452000
1776271454.431,254.431,0.23,5.0,0.22,5.0,0.25,32.1,0.26,17.7,0.75,32.1,0.74,17.7,0.77,5.0,0.78,5.0,0.02,0.02,620.351619,1776271453000
1776271455.118,255.118,0.23,5.0,0.22,5.0,0.25,32.1,0.26,17.7,0.75,32.1,0.74,17.7,0.77,5.0,0.78,5.0,0.02,0.02,620.351619,1776271454000
1776271456.107,256.107,0.23,5.0,0.22,5.0,0.25,32.1,0.26,17.7,0.75,32.1,0.74,17.7,0.77,5.0,0.78,5.0,0.02,0.02,620.350957,1776271455000
1776271457.206,257.206,0.23,5.0,0.22,5.0,0.25,32.1,0.26,17.7,0.75,32.1,0.74,17.7,0.77,5.0,0.78,5.0,0.02,0.02,620.351007,1776271456000
1776271458.316,258.316,0.23,5.0,0.22,5.0,0.25,32.1,0.26,17.7,0.75,32.1,0.74,17.7,0.77,5.0,0.78,5.0,0.02,0.02,620.34494,1776271457000
1776271458.665,258.665,0.11,2.75,0.1,5.0,0.13,28.0,0.14,26.6,0.75,32.1,0.74,17.7,0.77,5.0,0.78,5.0,0.02,0.02,620.34494,1776271457000
1776271459.467,259.467,0.11,2.75,0.1,5.0,0.13,28.0,0.14,26.6,0.87,28.0,0.86,26.6,0.89,2.75,0.9,5.0,0.02,0.02,620.344221,1776271458000
1776271459.972,259.972,0.11,2.75,0.1,5.0,0.13,28.0,0.14,26.6,0.87,28.0,0.86,26.6,0.89,2.75,0.9,5.0,0.02,0.02,620.329539,1776271459000
1776271461.061,261.061,0.1,2.75,0.09,5.0,0.12,38.6,0.13,28.0,0.88,38.6,0.87,28.0,0.9,2.75,0.91,5.0,0.02,0.02,620.329873,1776271460000
1776271462.224,262.224,0.09,5.0,0.08,5.0,0.1,19.47,0.11,31.6,0.88,38.6,0.87,28.0,0.9,2.75,0.91,5.0,0.01,0.02,620.329873,1776271460000
1776271463.509,263.509,0.09,5.0,0.08,5.0,0.1,19.47,0.11,31.6,0.9,19.47,0.89,31.6,0.91,5.0,0.92,5.0,0.01,0.01,620.331766,1776271462000
1776271463.716,263.716,0.08,5.0,0.07,5.0,0.1,48.37,0.11,31.6,0.9,19.47,0.89,31.6,0.91,5.0,0.92,5.0,0.02,0.01,620.331766,1776271462000
1776271463.976,263.976,0.08,5.0,0.07,5.0,0.1,48.37,0.11,31.6,0.9,48.37,0.89,31.6,0.92,5.0,0.93,5.0,0.02,0.02,620.330487,1776271463000
1776271464.598,264.598,0.06,5.0,0.05,5.0,0.09,31.7,0.1,48.37,0.9,48.37,0.89,31.6,0.92,5.0,0.93,5.0,0.03,0.02,620.330487,1776271463000
1776271465.447,265.447,0.06,5.0,0.05,5.0,0.09,31.7,0.1,48.37,0.91,31.7,0.9,48.37,0.94,5.0,0.95,5.0,0.03,0.03,620.29399,1776271464000
1776271466.065,266.065,0.06,5.0,0.05,5.0,0.09,31.7,0.1,48.37,0.91,31.7,0.9,48.37,0.94,5.0,0.95,5.0,0.03,0.03,620.272455,1776271465000
1776271467.142,267.142,0.06,5.0,0.05,5.0,0.09,31.7,0.1,48.37,0.91,31.7,0.9,48.37,0.94,5.0,0.95,5.0,0.03,0.03,620.272455,1776271466000
1776271468.34,268.34,0.06,3.93,0.05,5.0,0.07,39.9,0.08,35.29,0.93,39.9,0.92,35.29,0.94,3.93,0.95,5.0,0.01,0.01,620.279541,1776271467000
1776271469.392,269.392,0.06,3.93,0.05,5.0,0.07,39.9,0.08,35.29,0.93,39.9,0.92,35.29,0.94,3.93,0.95,5.0,0.01,0.01,620.314497,1776271468000
1776271469.94,269.94,0.06,3.93,0.05,5.0,0.07,39.9,0.08,35.29,0.93,39.9,0.92,35.29,0.94,3.93,0.95,5.0,0.01,0.01,620.314839,1776271469000
1776271471.022,271.022,0.06,3.93,0.05,5.0,0.07,39.9,0.08,35.29,0.93,39.9,0.92,35.29,0.94,3.93,0.95,5.0,0.01,0.01,620.331,1776271470000
1776271471.804,271.804,0.06,0.73,0.05,5.0,0.07,39.9,0.08,35.29,0.93,39.9,0.92,35.29,0.94,3.93,0.95,5.0,0.01,0.01,620.331,1776271470000
1776271472.194,272.194,0.06,0.73,0.05,5.0,0.07,39.9,0.08,35.29,0.93,39.9,0.92,35.29,0.94,0.73,0.95,5.0,0.01,0.01,620.31034,1776271471000
1776271473.403,273.403,0.06,0.73,0.05,5.0,0.07,39.9,0.08,35.29,0.93,39.9,0.92,35.29,0.94,0.73,0.95,5.0,0.01,0.01,620.36812,1776271472000
1776271474.412,274.412,0.06,0.73,0.05,5.0,0.07,39.9,0.08,35.29,0.93,39.9,0.92,35.29,0.94,0.73,0.95,5.0,0.01,0.01,620.35526,1776271473000
1776271474.931,274.931,0.06,0.73,0.05,5.0,0.07,39.9,0.08,35.29,0.93,39.9,0.92,35.29,0.94,0.73,0.95,5.0,0.01,0.01,620.34584,1776271474000
1776271476.079,276.079,0.06,0.73,0.05,5.0,0.07,39.9,0.08,35.29,0.93,39.9,0.92,35.29,0.94,0.73,0.95,5.0,0.01,0.01,620.36744,1776271475000
1776271477.141,277.141,0.06,0.73,0.05,5.0,0.07,39.9,0.08,35.29,0.93,39.9,0.92,35.29,0.94,0.73,0.95,5.0,0.01,0.01,620.354574,1776271476000
1776271478.198,278.198,0.06,0.73,0.05,5.0,0.07,39.9,0.08,35.29,0.93,39.9,0.92,35.29,0.94,0.73,0.95,5.0,0.01,0.01,620.315065,1776271477000
1776271478.594,278.594,0.04,10.0,0.03,5.0,0.06,5.0,0.07,11.0,0.93,39.9,0.92,35.29,0.94,0.73,0.95,5.0,0.02,0.01,620.315065,1776271477000
1776271479.075,279.075,0.04,7.93,0.03,5.0,0.06,5.0,0.07,11.0,0.94,5.0,0.93,11.0,0.96,10.0,0.97,5.0,0.02,0.02,620.315065,1776271477000
1776271479.699,279.699,0.04,7.93,0.03,5.0,0.06,5.0,0.07,11.0,0.94,5.0,0.93,11.0,0.96,7.93,0.97,5.0,0.02,0.02,620.28395,1776271478000
1776271480.253,280.253,0.04,7.93,0.03,5.0,0.06,4.1,0.07,11.0,0.94,4.1,0.93,11.0,0.96,7.93,0.97,5.0,0.02,0.02,620.217461,1776271479000
1776271480.704,280.704,0.05,5.0,0.04,7.93,0.07,9.3,0.08,5.0,0.94,4.1,0.93,11.0,0.96,7.93,0.97,5.0,0.02,0.02,620.217461,1776271479000
1776271480.948,280.948,0.05,5.0,0.04,7.93,0.07,9.3,0.08,5.0,0.93,9.3,0.92,5.0,0.95,5.0,0.96,7.93,0.02,0.02,620.212372,1776271480000
1776271481.341,281.341,0.06,5.0,0.05,5.0,0.07,3.6,0.08,5.0,0.93,9.3,0.92,5.0,0.95,5.0,0.96,7.93,0.01,0.02,620.212372,1776271480000
1776271481.648,281.648,0.05,5.0,0.04,7.93,0.06,5.0,0.07,3.6,0.93,3.6,0.92,5.0,0.94,5.0,0.95,5.0,0.01,0.01,620.212372,1776271480000
1776271482.02,282.02,0.05,5.0,0.04,7.93,0.06,5.0,0.07,3.6,0.94,5.0,0.93,3.6,0.95,5.0,0.96,7.93,0.01,0.01,620.18288,1776271481000
1776271482.268,282.268,,,,,0.01,607.07,0.07,3.6,0.94,5.0,0.93,3.6,0.95,5.0,0.96,7.93,,0.01,620.18288,1776271481000
1776271482.585,282.585,,,,,0.01,596.21,0.07,3.6,0.99,601.17,0.93,3.6,,,,,,,620.18288,1776271481000
1776271483.253,283.253,,,,,0.01,594.16,0.07,3.6,0.99,594.16,0.93,3.6,,,,,,,620.140801,1776271482000
1776271483.723,283.723,,,,,0.01,588.36,0.03,5.0,0.99,594.16,0.93,3.6,,,,,,,620.140801,1776271482000
1776271484.312,284.312,,,,,0.01,588.36,0.03,5.0,0.99,588.36,0.97,5.0,,,,,,,620.140552,1776271483000
1776271484.993,284.993,,,,,0.01,587.72,0.03,5.0,0.99,587.72,0.97,5.0,,,,,,,620.141431,1776271484000
1776271486.146,286.146,,,,,0.01,587.72,0.03,5.0,0.99,587.72,0.97,5.0,,,,,,,620.138354,1776271485000
1776271487.215,287.215,,,,,0.01,587.72,0.03,5.0,0.99,587.72,0.97,5.0,,,,,,,620.138354,1776271486000
1776271488.392,288.392,,,,,0.01,587.72,0.03,5.0,0.99,587.72,0.97,5.0,,,,,,,620.138326,1776271487000
1776271489.065,289.065,,,,,0.01,587.72,0.03,5.0,0.99,587.72,0.97,5.0,,,,,,,620.138237,1776271488000
1776271492.03,292.03,,,,,0.01,2376.82,0.03,5.0,0.99,587.72,0.97,5.0,,,,,,,620.13017,1776271490000

# RESULT,winner=Down,slug=bnb-updown-5m-1776271200,ticks=355
