timestamp,elapsed_sec,up_bid_p1,up_bid_s1,up_bid_p2,up_bid_s2,up_ask_p1,up_ask_s1,up_ask_p2,up_ask_s2,down_bid_p1,down_bid_s1,down_bid_p2,down_bid_s2,down_ask_p1,down_ask_s1,down_ask_p2,down_ask_s2,up_spread,down_spread,bnb_price,bnb_oracle_ts
1776216901.412,1.412,0.49,10.0,0.33,300.0,0.52,5.0,0.67,300.0,0.48,5.0,0.33,300.0,0.51,10.0,0.67,300.0,0.03,0.03,616.811,1776216900000
1776216901.871,1.871,0.49,10.0,0.33,300.0,0.52,5.0,0.67,300.0,0.48,5.0,0.33,300.0,0.51,10.0,0.67,300.0,0.03,0.03,616.811,1776216900000
1776216902.275,2.275,0.49,10.0,0.33,300.0,0.52,5.0,0.67,300.0,0.48,5.0,0.33,300.0,0.51,10.0,0.67,300.0,0.03,0.03,616.811614,1776216901000
1776216903.296,3.296,0.49,10.0,0.33,300.0,0.52,5.0,0.67,300.0,0.48,5.0,0.33,300.0,0.51,10.0,0.67,300.0,0.03,0.03,616.834,1776216902000
1776216903.968,3.968,0.49,10.0,0.33,300.0,0.52,5.0,0.67,300.0,0.48,5.0,0.33,300.0,0.51,10.0,0.67,300.0,0.03,0.03,616.834,1776216903000
1776216905.015,5.015,0.49,10.0,0.33,300.0,0.52,5.0,0.67,300.0,0.48,5.0,0.33,300.0,0.51,10.0,0.67,300.0,0.03,0.03,616.82,1776216904000
1776216906.112,6.112,0.49,10.0,0.33,300.0,0.52,5.0,0.67,300.0,0.48,5.0,0.33,300.0,0.51,10.0,0.67,300.0,0.03,0.03,616.823,1776216905000
1776216907.321,7.321,0.49,10.0,0.33,300.0,0.52,5.0,0.67,300.0,0.48,5.0,0.33,300.0,0.51,10.0,0.67,300.0,0.03,0.03,616.823,1776216906000
1776216908.407,8.407,0.49,10.0,0.33,300.0,0.52,5.0,0.67,300.0,0.48,5.0,0.33,300.0,0.51,10.0,0.67,300.0,0.03,0.03,616.823,1776216907000
1776216909.103,9.103,0.49,10.0,0.33,300.0,0.52,5.0,0.67,300.0,0.48,5.0,0.33,300.0,0.51,10.0,0.67,300.0,0.03,0.03,616.821,1776216908000
1776216910.656,10.656,0.49,10.0,0.33,300.0,0.52,5.0,0.67,300.0,0.48,5.0,0.33,300.0,0.51,10.0,0.67,300.0,0.03,0.03,616.825,1776216909000
1776216911.846,11.846,0.49,10.0,0.33,300.0,0.52,5.0,0.67,300.0,0.48,5.0,0.33,300.0,0.51,10.0,0.67,300.0,0.03,0.03,616.825,1776216910000
1776216912.579,12.579,0.49,10.0,0.33,300.0,0.52,5.0,0.67,300.0,0.48,5.0,0.33,300.0,0.51,10.0,0.67,300.0,0.03,0.03,616.826,1776216911000
1776216913.34,13.34,0.49,10.0,0.33,300.0,0.52,5.0,0.67,300.0,0.48,5.0,0.33,300.0,0.51,10.0,0.67,300.0,0.03,0.03,616.826,1776216912000
1776216913.914,13.914,0.49,10.0,0.33,300.0,0.52,5.0,0.67,300.0,0.48,5.0,0.33,300.0,0.51,10.0,0.67,300.0,0.03,0.03,616.825,1776216913000
1776216915.473,15.473,0.49,10.0,0.33,300.0,0.52,5.0,0.67,300.0,0.48,5.0,0.33,300.0,0.51,10.0,0.67,300.0,0.03,0.03,616.823989,1776216914000
1776216916.122,16.122,0.49,10.0,0.33,300.0,0.52,5.0,0.67,300.0,0.48,5.0,0.33,300.0,0.51,10.0,0.67,300.0,0.03,0.03,616.823,1776216915000
1776216917.482,17.482,0.49,10.0,0.33,300.0,0.52,5.0,0.67,300.0,0.48,5.0,0.33,300.0,0.51,10.0,0.67,300.0,0.03,0.03,616.824,1776216916000
1776216918.279,18.279,0.49,10.0,0.33,300.0,0.52,5.0,0.67,300.0,0.48,5.0,0.33,300.0,0.51,10.0,0.67,300.0,0.03,0.03,616.824,1776216917000
1776216919.718,19.718,0.49,10.0,0.33,300.0,0.52,5.0,0.67,300.0,0.48,5.0,0.33,300.0,0.51,10.0,0.67,300.0,0.03,0.03,616.826,1776216918000
1776216920.374,20.374,0.49,10.0,0.33,300.0,0.52,5.0,0.67,300.0,0.48,5.0,0.33,300.0,0.51,10.0,0.67,300.0,0.03,0.03,616.83,1776216919000
1776216921.205,21.205,0.49,10.0,0.33,300.0,0.52,5.0,0.67,300.0,0.48,5.0,0.33,300.0,0.51,10.0,0.67,300.0,0.03,0.03,616.83,1776216920000
1776216922.487,22.487,0.49,10.0,0.33,300.0,0.52,5.0,0.67,300.0,0.48,5.0,0.33,300.0,0.51,10.0,0.67,300.0,0.03,0.03,616.827,1776216921000
1776216923.267,23.267,0.49,10.0,0.33,300.0,0.52,5.0,0.67,300.0,0.48,5.0,0.33,300.0,0.51,10.0,0.67,300.0,0.03,0.03,616.827,1776216922000
1776216924.683,24.683,0.49,10.0,0.33,300.0,0.52,5.0,0.67,300.0,0.48,5.0,0.33,300.0,0.51,10.0,0.67,300.0,0.03,0.03,616.825,1776216923000
1776216925.328,25.328,0.49,10.0,0.33,300.0,0.52,5.0,0.67,300.0,0.48,5.0,0.33,300.0,0.51,10.0,0.67,300.0,0.03,0.03,616.828543,1776216924000
1776216926.116,26.116,0.49,10.0,0.33,300.0,0.52,5.0,0.67,300.0,0.48,5.0,0.33,300.0,0.51,10.0,0.67,300.0,0.03,0.03,616.83,1776216925000
1776216927.335,27.335,0.49,10.0,0.33,300.0,0.52,5.0,0.67,300.0,0.48,5.0,0.33,300.0,0.51,10.0,0.67,300.0,0.03,0.03,616.818,1776216926000
1776216927.925,27.925,0.49,10.0,0.33,300.0,0.52,5.0,0.67,300.0,0.48,5.0,0.33,300.0,0.51,10.0,0.67,300.0,0.03,0.03,616.818,1776216927000
1776216929.242,29.242,0.49,10.0,0.33,300.0,0.52,5.0,0.67,300.0,0.48,5.0,0.33,300.0,0.51,10.0,0.67,300.0,0.03,0.03,616.814,1776216928000
1776216930.608,30.608,0.49,10.0,0.33,300.0,0.52,5.0,0.67,300.0,0.48,5.0,0.33,300.0,0.51,10.0,0.67,300.0,0.03,0.03,616.843,1776216929000
1776216931.216,31.216,0.49,10.0,0.33,300.0,0.52,5.0,0.67,300.0,0.48,5.0,0.33,300.0,0.51,10.0,0.67,300.0,0.03,0.03,616.843,1776216930000
1776216932.538,32.538,0.49,10.0,0.33,300.0,0.52,5.0,0.67,300.0,0.48,5.0,0.33,300.0,0.51,10.0,0.67,300.0,0.03,0.03,616.833,1776216931000
1776216933.196,33.196,0.49,10.0,0.33,300.0,0.52,5.0,0.67,300.0,0.48,5.0,0.33,300.0,0.51,10.0,0.67,300.0,0.03,0.03,616.833,1776216932000
1776216934.541,34.541,0.49,10.0,0.33,300.0,0.52,5.0,0.67,300.0,0.48,5.0,0.33,300.0,0.51,10.0,0.67,300.0,0.03,0.03,616.828,1776216933000
1776216935.129,35.129,0.49,10.0,0.33,300.0,0.52,5.0,0.67,300.0,0.48,5.0,0.33,300.0,0.51,10.0,0.67,300.0,0.03,0.03,616.828,1776216934000
1776216936.415,36.415,0.49,10.0,0.33,300.0,0.52,5.0,0.67,300.0,0.48,5.0,0.33,300.0,0.51,10.0,0.67,300.0,0.03,0.03,616.824,1776216935000
1776216937.092,37.092,0.49,10.0,0.33,300.0,0.52,5.0,0.67,300.0,0.48,5.0,0.33,300.0,0.51,10.0,0.67,300.0,0.03,0.03,616.824,1776216936000
1776216938.385,38.385,0.49,10.0,0.33,300.0,0.52,5.0,0.67,300.0,0.48,5.0,0.33,300.0,0.51,10.0,0.67,300.0,0.03,0.03,616.812848,1776216937000
1776216939.094,39.094,0.49,10.0,0.33,300.0,0.52,5.0,0.67,300.0,0.48,5.0,0.33,300.0,0.51,10.0,0.67,300.0,0.03,0.03,616.674037,1776216938000
1776216939.426,39.426,0.29,5.0,0.28,5.0,0.34,9.0,0.39,10.0,0.48,5.0,0.33,300.0,0.51,10.0,0.67,300.0,0.05,0.03,616.674037,1776216938000
1776216940.49,40.49,0.29,5.0,0.28,5.0,0.34,9.0,0.39,10.0,0.66,9.0,0.61,10.0,0.71,5.0,0.72,5.0,0.05,0.05,616.63752,1776216939000
1776216941.104,41.104,0.29,5.0,0.28,5.0,0.34,9.0,0.39,10.0,0.66,9.0,0.61,10.0,0.71,5.0,0.72,5.0,0.05,0.05,616.640252,1776216940000
1776216941.435,41.435,0.29,5.0,0.28,5.0,0.34,9.0,0.39,10.0,0.66,9.0,0.61,10.0,0.71,5.0,0.72,5.0,0.05,0.05,616.640252,1776216940000
1776216942.508,42.508,0.29,5.0,0.28,5.0,0.34,9.0,0.39,10.0,0.66,9.0,0.61,10.0,0.71,5.0,0.72,5.0,0.05,0.05,616.652,1776216941000
1776216943.243,43.243,0.29,5.0,0.28,5.0,0.34,9.0,0.39,10.0,0.66,9.0,0.61,10.0,0.71,5.0,0.72,5.0,0.05,0.05,616.642,1776216942000
1776216944.34,44.34,0.32,1.0,0.31,45.0,0.34,9.0,0.38,5.0,0.66,9.0,0.62,5.0,0.68,1.0,0.69,45.0,0.02,0.02,616.646,1776216943000
1776216944.877,44.877,0.32,1.0,0.31,45.0,0.34,9.0,0.38,5.0,0.66,9.0,0.62,5.0,0.68,1.0,0.69,45.0,0.02,0.02,616.65842,1776216944000
1776216945.864,45.864,0.32,1.0,0.31,45.0,0.34,9.0,0.38,5.0,0.66,9.0,0.62,5.0,0.68,1.0,0.69,45.0,0.02,0.02,616.67414,1776216945000
1776216946.914,46.914,0.32,1.0,0.31,45.0,0.34,9.0,0.38,5.0,0.66,9.0,0.62,5.0,0.68,1.0,0.69,45.0,0.02,0.02,616.64919,1776216946000
1776216947.935,47.935,0.32,1.0,0.31,45.0,0.34,9.0,0.38,5.0,0.66,9.0,0.62,5.0,0.68,1.0,0.69,45.0,0.02,0.02,616.67354,1776216947000
1776216949.049,49.049,0.32,1.0,0.31,45.0,0.34,9.0,0.38,5.0,0.66,9.0,0.62,5.0,0.68,1.0,0.69,45.0,0.02,0.02,616.66709,1776216948000
1776216949.732,49.732,0.33,8.49,0.32,9.0,0.34,9.0,0.39,5.0,0.66,9.0,0.62,5.0,0.68,1.0,0.69,45.0,0.01,0.02,616.66709,1776216948000
1776216950.067,50.067,0.33,8.49,0.32,9.0,0.34,3.85,0.39,5.0,0.66,3.85,0.61,5.0,0.67,8.49,0.68,9.0,0.01,0.01,616.68978,1776216949000
1776216951.159,51.159,0.33,8.49,0.32,9.0,0.34,3.85,0.39,5.0,0.66,3.85,0.61,5.0,0.67,8.49,0.68,9.0,0.01,0.01,616.68984,1776216950000
1776216952.211,52.211,0.33,8.49,0.32,9.0,0.34,3.85,0.39,5.0,0.66,3.85,0.61,5.0,0.67,8.49,0.68,9.0,0.01,0.01,616.69114,1776216951000
1776216953.343,53.343,0.33,8.49,0.32,9.0,0.34,3.85,0.39,5.0,0.66,3.85,0.61,5.0,0.67,8.49,0.68,9.0,0.01,0.01,616.70832,1776216952000
1776216954.314,54.314,0.33,8.49,0.32,9.0,0.34,3.85,0.39,5.0,0.66,3.85,0.61,5.0,0.67,8.49,0.68,9.0,0.01,0.01,616.70864,1776216953000
1776216954.562,54.562,0.33,17.49,0.31,67.2,0.34,3.85,0.41,5.0,0.66,3.85,0.61,5.0,0.67,8.49,0.68,9.0,0.01,0.01,616.70864,1776216953000
1776216954.862,54.862,0.33,17.49,0.31,67.2,0.34,3.85,0.41,5.0,0.66,3.85,0.59,5.0,0.67,17.49,0.69,67.2,0.01,0.01,616.70893,1776216954000
1776216955.94,55.94,0.33,17.49,0.31,67.2,0.34,3.85,0.41,5.0,0.66,3.85,0.59,5.0,0.67,17.49,0.69,67.2,0.01,0.01,616.71198,1776216955000
1776216956.54,56.54,0.33,5.0,0.32,19.0,0.48,5.0,0.49,5.0,0.66,3.85,0.59,5.0,0.67,17.49,0.69,67.2,0.15,0.01,616.71198,1776216955000
1776216956.97,56.97,0.33,5.0,0.32,19.0,0.48,5.0,0.49,5.0,0.52,5.0,0.51,5.0,0.67,5.0,0.68,19.0,0.15,0.15,616.71236,1776216956000
1776216958.254,58.254,0.33,5.0,0.32,19.0,0.48,5.0,0.49,5.0,0.52,5.0,0.51,5.0,0.67,5.0,0.68,19.0,0.15,0.15,616.727,1776216957000
1776216959.4,59.4,0.33,5.0,0.32,19.0,0.48,5.0,0.49,5.0,0.52,5.0,0.51,5.0,0.67,5.0,0.68,19.0,0.15,0.15,616.730057,1776216958000
1776216959.956,59.956,0.33,5.0,0.32,19.0,0.48,5.0,0.49,5.0,0.52,5.0,0.51,5.0,0.67,5.0,0.68,19.0,0.15,0.15,616.730057,1776216959000
1776216961.179,61.179,0.33,5.0,0.32,19.0,0.48,5.0,0.49,5.0,0.52,5.0,0.51,5.0,0.67,5.0,0.68,19.0,0.15,0.15,616.732736,1776216960000
1776216962.284,62.284,0.33,5.0,0.32,19.0,0.48,5.0,0.49,5.0,0.52,5.0,0.51,5.0,0.67,5.0,0.68,19.0,0.15,0.15,616.732786,1776216961000
1776216963.493,63.493,0.33,5.0,0.32,19.0,0.48,5.0,0.49,5.0,0.52,5.0,0.51,5.0,0.67,5.0,0.68,19.0,0.15,0.15,616.733436,1776216962000
1776216964.044,64.044,0.33,5.0,0.32,19.0,0.48,5.0,0.49,5.0,0.52,5.0,0.51,5.0,0.67,5.0,0.68,19.0,0.15,0.15,616.758012,1776216963000
1776216965.225,65.225,0.33,5.0,0.32,19.0,0.48,5.0,0.49,5.0,0.52,5.0,0.51,5.0,0.67,5.0,0.68,19.0,0.15,0.15,616.761353,1776216964000
1776216966.305,66.305,0.33,5.0,0.32,19.0,0.48,5.0,0.49,5.0,0.52,5.0,0.51,5.0,0.67,5.0,0.68,19.0,0.15,0.15,616.75652,1776216965000
1776216966.926,66.926,0.33,5.0,0.32,19.0,0.48,5.0,0.49,5.0,0.52,5.0,0.51,5.0,0.67,5.0,0.68,19.0,0.15,0.15,616.756119,1776216966000
1776216968.084,68.084,0.33,5.0,0.32,19.0,0.48,5.0,0.49,5.0,0.52,5.0,0.51,5.0,0.67,5.0,0.68,19.0,0.15,0.15,616.75934,1776216967000
1776216969.29,69.29,0.33,5.0,0.32,19.0,0.48,5.0,0.49,5.0,0.52,5.0,0.51,5.0,0.67,5.0,0.68,19.0,0.15,0.15,616.75934,1776216968000
1776216970.426,70.426,0.33,5.0,0.32,19.0,0.48,5.0,0.49,5.0,0.52,5.0,0.51,5.0,0.67,5.0,0.68,19.0,0.15,0.15,616.75436,1776216969000
1776216971.028,71.028,0.33,5.0,0.32,19.0,0.48,5.0,0.49,5.0,0.52,5.0,0.51,5.0,0.67,5.0,0.68,19.0,0.15,0.15,616.75428,1776216970000
1776216972.129,72.129,0.33,5.0,0.32,19.0,0.48,5.0,0.49,5.0,0.52,5.0,0.51,5.0,0.67,5.0,0.68,19.0,0.15,0.15,616.753437,1776216971000
1776216973.152,73.152,0.33,5.0,0.32,19.0,0.48,5.0,0.49,5.0,0.52,5.0,0.51,5.0,0.67,5.0,0.68,19.0,0.15,0.15,616.750394,1776216972000
1776216974.264,74.264,0.33,5.0,0.32,19.0,0.48,5.0,0.49,5.0,0.52,5.0,0.51,5.0,0.67,5.0,0.68,19.0,0.15,0.15,616.750778,1776216973000
1776216975.081,75.081,0.36,5.0,0.35,21.4,0.47,10.0,0.49,5.0,0.52,5.0,0.51,5.0,0.67,5.0,0.68,19.0,0.11,0.15,616.750778,1776216973000
1776216975.306,75.306,0.36,5.0,0.35,21.4,0.47,10.0,0.49,5.0,0.53,10.0,0.51,5.0,0.64,5.0,0.65,21.4,0.11,0.11,616.750778,1776216974000
1776216976.919,76.919,0.36,5.0,0.35,21.4,0.47,10.0,0.49,5.0,0.53,10.0,0.51,5.0,0.64,5.0,0.65,21.4,0.11,0.11,616.718438,1776216976000
1776216978.055,78.055,0.36,5.0,0.35,21.4,0.47,10.0,0.49,5.0,0.53,10.0,0.51,5.0,0.64,5.0,0.65,21.4,0.11,0.11,616.717563,1776216977000
1776216979.152,79.152,0.36,5.0,0.35,21.4,0.47,10.0,0.49,5.0,0.53,10.0,0.51,5.0,0.64,5.0,0.65,21.4,0.11,0.11,616.716282,1776216978000
1776216980.156,80.156,0.36,5.0,0.35,21.4,0.47,10.0,0.49,5.0,0.53,10.0,0.51,5.0,0.64,5.0,0.65,21.4,0.11,0.11,616.655,1776216979000
1776216981.138,81.138,0.36,5.0,0.35,21.4,0.47,10.0,0.49,5.0,0.53,10.0,0.51,5.0,0.64,5.0,0.65,21.4,0.11,0.11,616.67,1776216980000
1776216982.139,82.139,0.36,5.0,0.35,21.4,0.47,10.0,0.49,5.0,0.53,10.0,0.51,5.0,0.64,5.0,0.65,21.4,0.11,0.11,616.68033,1776216981000
1776216983.182,83.182,0.36,5.0,0.35,21.4,0.47,10.0,0.49,5.0,0.53,10.0,0.51,5.0,0.64,5.0,0.65,21.4,0.11,0.11,616.67224,1776216982000
1776216984.051,84.051,0.36,5.0,0.35,21.4,0.47,10.0,0.49,5.0,0.53,10.0,0.51,5.0,0.64,5.0,0.65,21.4,0.11,0.11,616.671,1776216983000
1776216985.149,85.149,0.36,5.0,0.35,21.4,0.47,10.0,0.49,5.0,0.53,10.0,0.51,5.0,0.64,5.0,0.65,21.4,0.11,0.11,616.664,1776216984000
1776216986.159,86.159,0.36,5.0,0.35,21.4,0.47,10.0,0.49,5.0,0.53,10.0,0.51,5.0,0.64,5.0,0.65,21.4,0.11,0.11,616.651,1776216985000
1776216987.341,87.341,0.36,5.0,0.35,21.4,0.47,10.0,0.49,5.0,0.53,10.0,0.51,5.0,0.64,5.0,0.65,21.4,0.11,0.11,616.663241,1776216986000
1776216987.863,87.863,0.36,5.0,0.35,21.4,0.47,10.0,0.49,5.0,0.53,10.0,0.51,5.0,0.64,5.0,0.65,21.4,0.11,0.11,616.645769,1776216987000
1776216989.291,89.291,0.36,5.0,0.35,21.4,0.47,10.0,0.49,5.0,0.53,10.0,0.51,5.0,0.64,5.0,0.65,21.4,0.11,0.11,616.62621,1776216988000
1776216990.495,90.495,0.36,5.0,0.35,21.4,0.47,10.0,0.49,5.0,0.53,10.0,0.51,5.0,0.64,5.0,0.65,21.4,0.11,0.11,616.62,1776216989000
1776216991.037,91.037,0.36,5.0,0.35,21.4,0.47,10.0,0.49,5.0,0.53,10.0,0.51,5.0,0.64,5.0,0.65,21.4,0.11,0.11,616.61802,1776216990000
1776216992.173,92.173,0.36,5.0,0.35,21.4,0.47,10.0,0.49,5.0,0.53,10.0,0.51,5.0,0.64,5.0,0.65,21.4,0.11,0.11,616.627,1776216991000
1776216993.473,93.473,0.36,5.0,0.35,21.4,0.47,10.0,0.49,5.0,0.53,10.0,0.51,5.0,0.64,5.0,0.65,21.4,0.11,0.11,616.623899,1776216992000
1776216994.11,94.11,0.36,5.0,0.35,21.4,0.47,10.0,0.49,5.0,0.53,10.0,0.51,5.0,0.64,5.0,0.65,21.4,0.11,0.11,616.612819,1776216993000
1776216995.31,95.31,0.36,5.0,0.35,21.4,0.47,10.0,0.49,5.0,0.53,10.0,0.51,5.0,0.64,5.0,0.65,21.4,0.11,0.11,616.60925,1776216994000
1776216996.479,96.479,0.36,5.0,0.35,21.4,0.47,10.0,0.49,5.0,0.53,10.0,0.51,5.0,0.64,5.0,0.65,21.4,0.11,0.11,616.638624,1776216995000
1776216997.125,97.125,0.36,5.0,0.35,21.4,0.47,10.0,0.49,5.0,0.53,10.0,0.51,5.0,0.64,5.0,0.65,21.4,0.11,0.11,616.638679,1776216996000
1776216998.237,98.237,0.36,5.0,0.35,21.4,0.47,10.0,0.49,5.0,0.53,10.0,0.51,5.0,0.64,5.0,0.65,21.4,0.11,0.11,616.62079,1776216997000
1776216999.371,99.371,0.36,5.0,0.35,21.4,0.47,10.0,0.49,5.0,0.53,10.0,0.51,5.0,0.64,5.0,0.65,21.4,0.11,0.11,616.61737,1776216998000
1776216999.928,99.928,0.36,5.0,0.35,21.4,0.47,10.0,0.49,5.0,0.53,10.0,0.51,5.0,0.64,5.0,0.65,21.4,0.11,0.11,616.6167,1776216999000
1776217000.318,100.318,0.23,26.0,0.22,15.2,0.31,6.29,0.32,10.0,0.53,10.0,0.51,5.0,0.64,5.0,0.65,21.4,0.08,0.11,616.6167,1776216999000
1776217001.474,101.474,0.23,26.0,0.22,15.2,0.31,6.29,0.32,10.0,0.69,6.29,0.68,10.0,0.77,26.0,0.78,15.2,0.08,0.08,616.628,1776217000000
1776217002.332,102.332,0.23,26.0,0.22,15.2,0.31,6.29,0.32,10.0,0.69,6.29,0.68,10.0,0.77,26.0,0.78,15.2,0.08,0.08,616.635,1776217001000
1776217003.437,103.437,0.23,26.0,0.22,15.2,0.31,6.29,0.32,10.0,0.69,6.29,0.68,10.0,0.77,26.0,0.78,15.2,0.08,0.08,616.638,1776217002000
1776217004.107,104.107,0.23,26.0,0.22,15.2,0.31,6.29,0.32,10.0,0.69,6.29,0.68,10.0,0.77,26.0,0.78,15.2,0.08,0.08,616.638,1776217003000
1776217005.386,105.386,0.23,26.0,0.22,15.2,0.31,6.29,0.32,10.0,0.69,6.29,0.68,10.0,0.77,26.0,0.78,15.2,0.08,0.08,616.626,1776217004000
1776217006.128,106.128,0.23,26.0,0.22,15.2,0.31,6.29,0.32,10.0,0.69,6.29,0.68,10.0,0.77,26.0,0.78,15.2,0.08,0.08,616.626,1776217005000
1776217007.269,107.269,0.23,26.0,0.22,15.2,0.31,6.29,0.32,10.0,0.69,6.29,0.68,10.0,0.77,26.0,0.78,15.2,0.08,0.08,616.636,1776217006000
1776217008.549,108.549,0.23,26.0,0.22,15.2,0.31,6.29,0.32,10.0,0.69,6.29,0.68,10.0,0.77,26.0,0.78,15.2,0.08,0.08,616.636,1776217007000
1776217009.643,109.643,0.23,26.0,0.22,15.2,0.31,6.29,0.32,10.0,0.69,6.29,0.68,10.0,0.77,26.0,0.78,15.2,0.08,0.08,616.639,1776217008000
1776217010.536,110.536,0.23,26.0,0.22,15.2,0.31,6.29,0.32,10.0,0.69,6.29,0.68,10.0,0.77,26.0,0.78,15.2,0.08,0.08,616.64,1776217009000
1776217011.134,111.134,0.23,26.0,0.22,15.2,0.31,6.29,0.32,10.0,0.69,6.29,0.68,10.0,0.77,26.0,0.78,15.2,0.08,0.08,616.64,1776217010000
1776217012.553,112.553,0.23,26.0,0.22,15.2,0.31,6.29,0.32,10.0,0.69,6.29,0.68,10.0,0.77,26.0,0.78,15.2,0.08,0.08,616.64,1776217011000
1776217013.146,113.146,0.23,26.0,0.22,15.2,0.31,6.29,0.32,10.0,0.69,6.29,0.68,10.0,0.77,26.0,0.78,15.2,0.08,0.08,616.641,1776217012000
1776217014.458,114.458,0.23,26.0,0.22,15.2,0.31,6.29,0.32,10.0,0.69,6.29,0.68,10.0,0.77,26.0,0.78,15.2,0.08,0.08,616.643,1776217013000
1776217015.04,115.04,0.23,26.0,0.22,15.2,0.31,6.29,0.32,10.0,0.69,6.29,0.68,10.0,0.77,26.0,0.78,15.2,0.08,0.08,616.643,1776217014000
1776217016.634,116.634,0.23,26.0,0.22,15.2,0.31,6.29,0.32,10.0,0.69,6.29,0.68,10.0,0.77,26.0,0.78,15.2,0.08,0.08,616.666,1776217015000
1776217017.236,117.236,0.23,26.0,0.22,15.2,0.31,6.29,0.32,10.0,0.69,6.29,0.68,10.0,0.77,26.0,0.78,15.2,0.08,0.08,616.666,1776217016000
1776217018.537,118.537,0.23,26.0,0.22,15.2,0.31,6.29,0.32,10.0,0.69,6.29,0.68,10.0,0.77,26.0,0.78,15.2,0.08,0.08,616.657,1776217017000
1776217019.082,119.082,0.23,26.0,0.22,15.2,0.31,6.29,0.32,10.0,0.69,6.29,0.68,10.0,0.77,26.0,0.78,15.2,0.08,0.08,616.657,1776217018000
1776217020.744,120.744,0.23,26.0,0.22,15.2,0.31,6.29,0.32,10.0,0.69,6.29,0.68,10.0,0.77,26.0,0.78,15.2,0.08,0.08,616.664,1776217019000
1776217021.402,121.402,0.23,26.0,0.22,15.2,0.31,6.29,0.32,10.0,0.69,6.29,0.68,10.0,0.77,26.0,0.78,15.2,0.08,0.08,616.664,1776217020000
1776217022.282,122.282,0.23,26.0,0.22,15.2,0.31,6.29,0.32,10.0,0.69,6.29,0.68,10.0,0.77,26.0,0.78,15.2,0.08,0.08,616.66,1776217021000
1776217022.782,122.782,0.32,21.9,0.31,12.2,0.37,11.0,0.39,10.0,0.69,6.29,0.68,10.0,0.77,26.0,0.78,15.2,0.05,0.08,616.66,1776217021000
1776217023.536,123.536,0.32,21.9,0.31,12.2,0.37,11.0,0.39,10.0,0.63,11.0,0.61,10.0,0.68,21.9,0.69,12.2,0.05,0.05,616.671,1776217022000
1776217023.954,123.954,0.33,10.8,0.32,11.9,0.37,11.0,0.39,10.0,0.63,11.0,0.61,10.0,0.68,21.9,0.69,12.2,0.04,0.05,616.671,1776217022000
1776217024.222,124.222,0.33,10.8,0.32,11.9,0.37,11.0,0.39,10.0,0.63,11.0,0.61,10.0,0.67,10.8,0.68,11.9,0.04,0.04,616.671,1776217023000
1776217025.367,125.367,0.33,10.8,0.32,11.9,0.37,11.0,0.39,10.0,0.63,11.0,0.61,10.0,0.67,10.8,0.68,11.9,0.04,0.04,616.702,1776217024000
1776217026.114,126.114,0.33,10.8,0.32,11.9,0.37,11.0,0.39,10.0,0.63,11.0,0.61,10.0,0.67,10.8,0.68,11.9,0.04,0.04,616.702,1776217025000
1776217027.288,127.288,0.33,10.8,0.32,11.9,0.37,11.0,0.39,10.0,0.63,11.0,0.61,10.0,0.67,10.8,0.68,11.9,0.04,0.04,616.687,1776217026000
1776217028.49,128.49,0.33,10.8,0.32,11.9,0.37,11.0,0.39,10.0,0.63,11.0,0.61,10.0,0.67,10.8,0.68,11.9,0.04,0.04,616.75877,1776217027000
1776217029.166,129.166,0.33,10.8,0.32,11.9,0.37,11.0,0.39,10.0,0.63,11.0,0.61,10.0,0.67,10.8,0.68,11.9,0.04,0.04,616.75605,1776217028000
1776217030.371,130.371,0.41,35.0,0.37,51.2,0.51,5.0,0.52,5.0,0.63,11.0,0.61,10.0,0.67,10.8,0.68,11.9,0.1,0.04,616.75605,1776217028000
1776217030.955,130.955,0.41,35.0,0.37,51.2,0.52,4.19,0.66,11.6,0.48,4.19,0.34,11.6,0.59,35.0,0.63,51.2,0.11,0.11,616.764,1776217030000
1776217032.24,132.24,0.41,35.0,0.37,51.2,0.52,4.19,0.66,11.6,0.48,4.19,0.34,11.6,0.59,35.0,0.63,51.2,0.11,0.11,616.762,1776217031000
1776217034.064,134.064,0.41,35.0,0.37,51.2,0.52,4.19,0.66,11.6,0.48,4.19,0.34,11.6,0.59,35.0,0.63,51.2,0.11,0.11,616.776297,1776217032000
1776217034.875,134.875,0.41,35.0,0.37,51.2,0.52,4.19,0.66,11.6,0.48,4.19,0.34,11.6,0.59,35.0,0.63,51.2,0.11,0.11,616.751927,1776217033000
1776217035.558,135.558,0.41,35.0,0.37,51.2,0.52,4.19,0.66,11.6,0.48,4.19,0.34,11.6,0.59,35.0,0.63,51.2,0.11,0.11,616.749062,1776217034000
1776217036.301,136.301,0.41,35.0,0.37,51.2,0.52,4.19,0.66,11.6,0.48,4.19,0.34,11.6,0.59,35.0,0.63,51.2,0.11,0.11,616.749313,1776217035000
1776217038.003,138.003,0.41,35.0,0.37,51.2,0.52,4.19,0.66,11.6,0.48,4.19,0.34,11.6,0.59,35.0,0.63,51.2,0.11,0.11,616.749984,1776217037000
1776217039.089,139.089,0.41,35.0,0.37,51.2,0.52,4.19,0.66,11.6,0.48,4.19,0.34,11.6,0.59,35.0,0.63,51.2,0.11,0.11,616.754,1776217038000
1776217040.047,140.047,0.41,35.0,0.37,51.2,0.52,4.19,0.66,11.6,0.48,4.19,0.34,11.6,0.59,35.0,0.63,51.2,0.11,0.11,616.750631,1776217039000
1776217040.961,140.961,0.41,35.0,0.37,51.2,0.52,4.19,0.66,11.6,0.48,4.19,0.34,11.6,0.59,35.0,0.63,51.2,0.11,0.11,616.765,1776217040000
1776217041.923,141.923,0.41,35.0,0.37,51.2,0.52,4.19,0.66,11.6,0.48,4.19,0.34,11.6,0.59,35.0,0.63,51.2,0.11,0.11,616.765,1776217041000
1776217043.034,143.034,0.41,35.0,0.37,51.2,0.52,4.19,0.66,11.6,0.48,4.19,0.34,11.6,0.59,35.0,0.63,51.2,0.11,0.11,616.78433,1776217042000
1776217043.972,143.972,0.41,35.0,0.37,51.2,0.52,4.19,0.66,11.6,0.48,4.19,0.34,11.6,0.59,35.0,0.63,51.2,0.11,0.11,616.784378,1776217043000
1776217045.107,145.107,0.41,35.0,0.37,51.2,0.52,4.19,0.66,11.6,0.48,4.19,0.34,11.6,0.59,35.0,0.63,51.2,0.11,0.11,616.782472,1776217044000
1776217046.062,146.062,0.41,35.0,0.37,51.2,0.52,4.19,0.66,11.6,0.48,4.19,0.34,11.6,0.59,35.0,0.63,51.2,0.11,0.11,616.786334,1776217045000
1776217047.037,147.037,0.41,35.0,0.37,51.2,0.52,4.19,0.66,11.6,0.48,4.19,0.34,11.6,0.59,35.0,0.63,51.2,0.11,0.11,616.831209,1776217046000
1776217048.149,148.149,0.41,35.0,0.37,51.2,0.52,4.19,0.66,11.6,0.48,4.19,0.34,11.6,0.59,35.0,0.63,51.2,0.11,0.11,616.83486,1776217047000
1776217049.048,149.048,0.41,35.0,0.37,51.2,0.52,4.19,0.66,11.6,0.48,4.19,0.34,11.6,0.59,35.0,0.63,51.2,0.11,0.11,616.831848,1776217048000
1776217050.068,150.068,0.41,35.0,0.37,51.2,0.52,4.19,0.66,11.6,0.48,4.19,0.34,11.6,0.59,35.0,0.63,51.2,0.11,0.11,616.830749,1776217049000
1776217051.162,151.162,0.41,35.0,0.37,51.2,0.52,4.19,0.66,11.6,0.48,4.19,0.34,11.6,0.59,35.0,0.63,51.2,0.11,0.11,616.830529,1776217050000
1776217052.214,152.214,0.41,35.0,0.37,51.2,0.52,4.19,0.66,11.6,0.48,4.19,0.34,11.6,0.59,35.0,0.63,51.2,0.11,0.11,616.830527,1776217051000
1776217053.157,153.157,0.41,35.0,0.37,51.2,0.52,4.19,0.66,11.6,0.48,4.19,0.34,11.6,0.59,35.0,0.63,51.2,0.11,0.11,616.827354,1776217052000
1776217054.254,154.254,0.41,35.0,0.37,51.2,0.52,4.19,0.66,11.6,0.48,4.19,0.34,11.6,0.59,35.0,0.63,51.2,0.11,0.11,616.826564,1776217053000
1776217055.289,155.289,0.41,35.0,0.37,51.2,0.52,4.19,0.66,11.6,0.48,4.19,0.34,11.6,0.59,35.0,0.63,51.2,0.11,0.11,616.826518,1776217054000
1776217056.319,156.319,0.41,35.0,0.37,51.2,0.52,4.19,0.66,11.6,0.48,4.19,0.34,11.6,0.59,35.0,0.63,51.2,0.11,0.11,616.826518,1776217055000
1776217057.258,157.258,0.41,35.0,0.37,51.2,0.52,4.19,0.66,11.6,0.48,4.19,0.34,11.6,0.59,35.0,0.63,51.2,0.11,0.11,616.826655,1776217056000
1776217058.27,158.27,0.41,35.0,0.37,51.2,0.52,4.19,0.66,11.6,0.48,4.19,0.34,11.6,0.59,35.0,0.63,51.2,0.11,0.11,616.819119,1776217057000
1776217058.909,158.909,0.41,35.0,0.37,51.2,0.52,4.19,0.66,11.6,0.48,4.19,0.34,11.6,0.59,35.0,0.63,51.2,0.11,0.11,616.818844,1776217058000
1776217059.871,159.871,0.41,35.0,0.37,51.2,0.52,4.19,0.66,11.6,0.48,4.19,0.34,11.6,0.59,35.0,0.63,51.2,0.11,0.11,616.818844,1776217059000
1776217060.837,160.837,0.41,35.0,0.37,51.2,0.52,4.19,0.66,11.6,0.48,4.19,0.34,11.6,0.59,35.0,0.63,51.2,0.11,0.11,616.812044,1776217060000
1776217061.856,161.856,0.41,35.0,0.37,51.2,0.52,4.19,0.66,11.6,0.48,4.19,0.34,11.6,0.59,35.0,0.63,51.2,0.11,0.11,616.811886,1776217061000
1776217062.812,162.812,0.41,35.0,0.37,51.2,0.52,4.19,0.66,11.6,0.48,4.19,0.34,11.6,0.59,35.0,0.63,51.2,0.11,0.11,616.804308,1776217062000
1776217064.463,164.463,0.41,35.0,0.37,51.2,0.52,4.19,0.66,11.6,0.48,4.19,0.34,11.6,0.59,35.0,0.63,51.2,0.11,0.11,616.804347,1776217063000
1776217065.158,165.158,0.41,35.0,0.37,51.2,0.52,4.19,0.66,11.6,0.48,4.19,0.34,11.6,0.59,35.0,0.63,51.2,0.11,0.11,616.804347,1776217064000
1776217066.145,166.145,0.41,35.0,0.37,51.2,0.52,4.19,0.66,11.6,0.48,4.19,0.34,11.6,0.59,35.0,0.63,51.2,0.11,0.11,616.838133,1776217065000
1776217067.292,167.292,0.41,35.0,0.37,51.2,0.52,4.19,0.66,11.6,0.48,4.19,0.34,11.6,0.59,35.0,0.63,51.2,0.11,0.11,616.835252,1776217066000
1776217067.882,167.882,0.41,35.0,0.37,51.2,0.52,4.19,0.66,11.6,0.48,4.19,0.34,11.6,0.59,35.0,0.63,51.2,0.11,0.11,616.835252,1776217067000
1776217068.931,168.931,0.41,35.0,0.37,51.2,0.52,4.19,0.66,11.6,0.48,4.19,0.34,11.6,0.59,35.0,0.63,51.2,0.11,0.11,616.857925,1776217068000
1776217069.974,169.974,0.41,35.0,0.37,51.2,0.52,4.19,0.66,11.6,0.48,4.19,0.34,11.6,0.59,35.0,0.63,51.2,0.11,0.11,616.857925,1776217069000
1776217071.134,171.134,0.41,35.0,0.37,51.2,0.52,4.19,0.66,11.6,0.48,4.19,0.34,11.6,0.59,35.0,0.63,51.2,0.11,0.11,616.856864,1776217070000
1776217072.28,172.28,0.41,35.0,0.37,51.2,0.52,4.19,0.66,11.6,0.48,4.19,0.34,11.6,0.59,35.0,0.63,51.2,0.11,0.11,616.856864,1776217071000
1776217072.889,172.889,0.41,35.0,0.37,51.2,0.52,4.19,0.66,11.6,0.48,4.19,0.34,11.6,0.59,35.0,0.63,51.2,0.11,0.11,616.856864,1776217072000
1776217074.094,174.094,0.41,35.0,0.37,51.2,0.52,4.19,0.66,11.6,0.48,4.19,0.34,11.6,0.59,35.0,0.63,51.2,0.11,0.11,616.856864,1776217073000
1776217075.295,175.295,0.41,35.0,0.37,51.2,0.52,4.19,0.66,11.6,0.48,4.19,0.34,11.6,0.59,35.0,0.63,51.2,0.11,0.11,616.867949,1776217074000
1776217075.921,175.921,0.41,35.0,0.37,51.2,0.52,4.19,0.66,11.6,0.48,4.19,0.34,11.6,0.59,35.0,0.63,51.2,0.11,0.11,616.867949,1776217075000
1776217077.286,177.286,0.41,35.0,0.37,51.2,0.52,4.19,0.66,11.6,0.48,4.19,0.34,11.6,0.59,35.0,0.63,51.2,0.11,0.11,616.867949,1776217076000
1776217077.939,177.939,0.58,5.0,0.56,5.0,0.6,5.0,0.72,5.0,0.48,4.19,0.34,11.6,0.59,35.0,0.63,51.2,0.02,0.11,616.867949,1776217076000
1776217078.239,178.239,0.6,5.0,0.58,5.0,0.72,5.0,0.74,5.0,0.4,5.0,0.28,5.0,0.42,5.0,0.44,5.0,0.12,0.02,616.867949,1776217077000
1776217079.707,179.707,0.6,5.0,0.58,5.0,0.72,5.0,0.74,5.0,0.28,5.0,0.26,5.0,0.4,5.0,0.42,5.0,0.12,0.12,616.931857,1776217078000
1776217080.317,180.317,0.6,5.0,0.58,5.0,0.72,5.0,0.74,5.0,0.28,5.0,0.26,5.0,0.4,5.0,0.42,5.0,0.12,0.12,616.931857,1776217079000
1776217081.456,181.456,0.6,5.0,0.58,5.0,0.72,5.0,0.74,5.0,0.28,5.0,0.26,5.0,0.4,5.0,0.42,5.0,0.12,0.12,616.948551,1776217080000
1776217082.098,182.098,0.6,5.0,0.58,5.0,0.72,5.0,0.74,5.0,0.28,5.0,0.26,5.0,0.4,5.0,0.42,5.0,0.12,0.12,617.025251,1776217081000
1776217083.31,183.31,0.6,5.0,0.58,5.0,0.72,5.0,0.74,5.0,0.28,5.0,0.26,5.0,0.4,5.0,0.42,5.0,0.12,0.12,617.054062,1776217082000
1776217084.451,184.451,0.6,5.0,0.58,5.0,0.72,5.0,0.74,5.0,0.28,5.0,0.26,5.0,0.4,5.0,0.42,5.0,0.12,0.12,617.070757,1776217083000
1776217085.066,185.066,0.6,5.0,0.58,5.0,0.72,5.0,0.74,5.0,0.28,5.0,0.26,5.0,0.4,5.0,0.42,5.0,0.12,0.12,617.070757,1776217084000
1776217086.224,186.224,0.6,5.0,0.58,5.0,0.72,5.0,0.74,5.0,0.28,5.0,0.26,5.0,0.4,5.0,0.42,5.0,0.12,0.12,617.070757,1776217085000
1776217087.356,187.356,0.6,5.0,0.58,5.0,0.72,5.0,0.74,5.0,0.28,5.0,0.26,5.0,0.4,5.0,0.42,5.0,0.12,0.12,617.070757,1776217086000
1776217087.953,187.953,0.6,5.0,0.58,5.0,0.72,5.0,0.74,5.0,0.28,5.0,0.26,5.0,0.4,5.0,0.42,5.0,0.12,0.12,617.041674,1776217087000
1776217088.999,188.999,0.6,5.0,0.58,5.0,0.72,5.0,0.74,5.0,0.28,5.0,0.26,5.0,0.4,5.0,0.42,5.0,0.12,0.12,617.037501,1776217088000
1776217090.223,190.223,0.6,5.0,0.58,5.0,0.72,5.0,0.74,5.0,0.28,5.0,0.26,5.0,0.4,5.0,0.42,5.0,0.12,0.12,617.037501,1776217089000
1776217091.29,191.29,0.6,5.0,0.58,5.0,0.72,5.0,0.74,5.0,0.28,5.0,0.26,5.0,0.4,5.0,0.42,5.0,0.12,0.12,617.037501,1776217090000
1776217092.34,192.34,0.6,5.0,0.58,5.0,0.72,5.0,0.74,5.0,0.28,5.0,0.26,5.0,0.4,5.0,0.42,5.0,0.12,0.12,617.029153,1776217091000
1776217092.912,192.912,0.6,5.0,0.58,5.0,0.72,5.0,0.74,5.0,0.28,5.0,0.26,5.0,0.4,5.0,0.42,5.0,0.12,0.12,617.029153,1776217092000
1776217095.247,195.247,0.6,5.0,0.58,5.0,0.72,5.0,0.74,5.0,0.28,5.0,0.26,5.0,0.4,5.0,0.42,5.0,0.12,0.12,617.029153,1776217093000
1776217096.28,196.28,0.6,5.0,0.58,5.0,0.72,5.0,0.74,5.0,0.28,5.0,0.26,5.0,0.4,5.0,0.42,5.0,0.12,0.12,617.029153,1776217094000
1776217097.08,197.08,0.6,5.0,0.58,5.0,0.72,5.0,0.74,5.0,0.28,5.0,0.26,5.0,0.4,5.0,0.42,5.0,0.12,0.12,617.029153,1776217095000
1776217097.941,197.941,0.6,5.0,0.58,5.0,0.72,5.0,0.74,5.0,0.28,5.0,0.26,5.0,0.4,5.0,0.42,5.0,0.12,0.12,617.029153,1776217096000
1776217098.817,198.817,0.6,5.0,0.58,5.0,0.72,5.0,0.74,5.0,0.28,5.0,0.26,5.0,0.4,5.0,0.42,5.0,0.12,0.12,617.029153,1776217097000
1776217099.539,199.539,0.6,5.0,0.58,5.0,0.72,5.0,0.74,5.0,0.28,5.0,0.26,5.0,0.4,5.0,0.42,5.0,0.12,0.12,617.029153,1776217098000
1776217100.132,200.132,0.6,5.0,0.58,5.0,0.72,5.0,0.74,5.0,0.28,5.0,0.26,5.0,0.4,5.0,0.42,5.0,0.12,0.12,617.029153,1776217099000
1776217101.522,201.522,0.6,5.0,0.58,5.0,0.72,5.0,0.74,5.0,0.28,5.0,0.26,5.0,0.4,5.0,0.42,5.0,0.12,0.12,617.029153,1776217100000
1776217102.127,202.127,0.6,5.0,0.58,5.0,0.72,5.0,0.74,5.0,0.28,5.0,0.26,5.0,0.4,5.0,0.42,5.0,0.12,0.12,617.029153,1776217101000
1776217103.394,203.394,0.6,5.0,0.58,5.0,0.72,5.0,0.74,5.0,0.28,5.0,0.26,5.0,0.4,5.0,0.42,5.0,0.12,0.12,617.029153,1776217102000
1776217104.073,204.073,0.6,5.0,0.58,5.0,0.72,5.0,0.74,5.0,0.28,5.0,0.26,5.0,0.4,5.0,0.42,5.0,0.12,0.12,617.029153,1776217103000
1776217105.291,205.291,0.6,5.0,0.58,5.0,0.72,5.0,0.74,5.0,0.28,5.0,0.26,5.0,0.4,5.0,0.42,5.0,0.12,0.12,617.029153,1776217104000
1776217105.959,205.959,0.6,5.0,0.58,5.0,0.72,5.0,0.74,5.0,0.28,5.0,0.26,5.0,0.4,5.0,0.42,5.0,0.12,0.12,617.029153,1776217105000
1776217107.133,207.133,0.6,5.0,0.58,5.0,0.72,5.0,0.74,5.0,0.28,5.0,0.26,5.0,0.4,5.0,0.42,5.0,0.12,0.12,617.029153,1776217106000
1776217107.665,207.665,0.83,18.39,0.82,32.6,0.88,5.0,0.93,39.9,0.28,5.0,0.26,5.0,0.4,5.0,0.42,5.0,0.05,0.12,617.029153,1776217106000
1776217107.974,207.974,0.83,18.39,0.82,32.6,0.88,5.0,0.93,39.9,0.12,5.0,0.07,39.9,0.17,18.39,0.18,32.6,0.05,0.05,617.04127,1776217107000
1776217109.217,209.217,0.83,18.39,0.82,32.6,0.88,5.0,0.93,39.9,0.12,5.0,0.07,39.9,0.17,18.39,0.18,32.6,0.05,0.05,617.04127,1776217108000
1776217110.517,210.517,0.83,18.39,0.82,32.6,0.88,5.0,0.93,39.9,0.12,5.0,0.07,39.9,0.17,18.39,0.18,32.6,0.05,0.05,617.04127,1776217109000
1776217111.162,211.162,0.83,18.39,0.82,32.6,0.88,5.0,0.93,39.9,0.12,5.0,0.07,39.9,0.17,18.39,0.18,32.6,0.05,0.05,617.04127,1776217110000
1776217112.935,212.935,0.83,18.39,0.82,32.6,0.88,5.0,0.93,39.9,0.12,5.0,0.07,39.9,0.17,18.39,0.18,32.6,0.05,0.05,617.029153,1776217111000
1776217114.089,214.089,0.83,18.39,0.82,32.6,0.88,5.0,0.93,39.9,0.12,5.0,0.07,39.9,0.17,18.39,0.18,32.6,0.05,0.05,617.029153,1776217112000
1776217114.718,214.718,0.83,18.39,0.82,32.6,0.88,5.0,0.93,39.9,0.12,5.0,0.07,39.9,0.17,18.39,0.18,32.6,0.05,0.05,617.029153,1776217113000
1776217115.091,215.091,0.81,16.89,0.8,16.3,0.89,12.2,0.9,28.9,0.12,5.0,0.07,39.9,0.17,18.39,0.18,32.6,0.08,0.05,617.029153,1776217113000
1776217115.463,215.463,0.81,16.89,0.8,16.3,0.89,12.2,0.9,28.9,0.11,12.2,0.1,28.9,0.19,16.89,0.2,16.3,0.08,0.08,617.029153,1776217114000
1776217116.162,216.162,0.81,16.89,0.8,16.3,0.89,12.2,0.9,28.9,0.11,12.2,0.1,28.9,0.19,16.89,0.2,16.3,0.08,0.08,617.029153,1776217115000
1776217117.687,217.687,0.81,16.89,0.8,16.3,0.89,12.2,0.9,28.9,0.11,12.2,0.1,28.9,0.19,16.89,0.2,16.3,0.08,0.08,617.029153,1776217116000
1776217118.361,218.361,0.81,16.89,0.8,16.3,0.89,12.2,0.9,28.9,0.11,12.2,0.1,28.9,0.19,16.89,0.2,16.3,0.08,0.08,617.029153,1776217117000
1776217119.01,219.01,0.81,16.89,0.8,16.3,0.89,12.2,0.9,28.9,0.11,12.2,0.1,28.9,0.19,16.89,0.2,16.3,0.08,0.08,617.029153,1776217118000
1776217120.391,220.391,0.81,16.89,0.8,16.3,0.89,12.2,0.9,28.9,0.11,12.2,0.1,28.9,0.19,16.89,0.2,16.3,0.08,0.08,617.029153,1776217119000
1776217120.957,220.957,0.81,16.89,0.8,16.3,0.89,12.2,0.9,28.9,0.11,12.2,0.1,28.9,0.19,16.89,0.2,16.3,0.08,0.08,617.029153,1776217120000
1776217122.652,222.652,0.81,16.89,0.8,16.3,0.89,12.2,0.9,28.9,0.11,12.2,0.1,28.9,0.19,16.89,0.2,16.3,0.08,0.08,617.029153,1776217121000
1776217123.388,223.388,0.81,16.89,0.8,16.3,0.89,12.2,0.9,28.9,0.11,12.2,0.1,28.9,0.19,16.89,0.2,16.3,0.08,0.08,617.029153,1776217122000
1776217124.165,224.165,0.81,16.89,0.8,16.3,0.89,12.2,0.9,28.9,0.11,12.2,0.1,28.9,0.19,16.89,0.2,16.3,0.08,0.08,617.029153,1776217123000
1776217125.413,225.413,0.81,16.89,0.8,16.3,0.89,12.2,0.9,28.9,0.11,12.2,0.1,28.9,0.19,16.89,0.2,16.3,0.08,0.08,617.029153,1776217124000
1776217126.096,226.096,0.81,16.89,0.8,16.3,0.89,12.2,0.9,28.9,0.11,12.2,0.1,28.9,0.19,16.89,0.2,16.3,0.08,0.08,617.028611,1776217125000
1776217127.4,227.4,0.81,16.89,0.8,16.3,0.89,12.2,0.9,28.9,0.11,12.2,0.1,28.9,0.19,16.89,0.2,16.3,0.08,0.08,617.029153,1776217126000
1776217128.104,228.104,0.81,16.89,0.8,16.3,0.89,12.2,0.9,28.9,0.11,12.2,0.1,28.9,0.19,16.89,0.2,16.3,0.08,0.08,617.029153,1776217127000
1776217129.535,229.535,0.81,16.89,0.8,16.3,0.89,12.2,0.9,28.9,0.11,12.2,0.1,28.9,0.19,16.89,0.2,16.3,0.08,0.08,617.030238,1776217128000
1776217130.174,230.174,0.81,16.89,0.8,16.3,0.89,12.2,0.9,28.9,0.11,12.2,0.1,28.9,0.19,16.89,0.2,16.3,0.08,0.08,617.030238,1776217129000
1776217131.229,231.229,0.81,16.89,0.8,16.3,0.89,12.2,0.9,28.9,0.11,12.2,0.1,28.9,0.19,16.89,0.2,16.3,0.08,0.08,617.03006,1776217130000
1776217132.739,232.739,0.81,16.89,0.8,16.3,0.89,12.2,0.9,28.9,0.11,12.2,0.1,28.9,0.19,16.89,0.2,16.3,0.08,0.08,617.03006,1776217131000
1776217133.454,233.454,0.81,16.89,0.8,16.3,0.89,12.2,0.9,28.9,0.11,12.2,0.1,28.9,0.19,16.89,0.2,16.3,0.08,0.08,617.03006,1776217132000
1776217134.16,234.16,0.81,16.89,0.8,16.3,0.89,12.2,0.9,28.9,0.11,12.2,0.1,28.9,0.19,16.89,0.2,16.3,0.08,0.08,617.03006,1776217133000
1776217135.719,235.719,0.81,16.89,0.8,16.3,0.89,12.2,0.9,28.9,0.11,12.2,0.1,28.9,0.19,16.89,0.2,16.3,0.08,0.08,617.031156,1776217134000
1776217136.341,236.341,0.81,16.89,0.8,16.3,0.89,12.2,0.9,28.9,0.11,12.2,0.1,28.9,0.19,16.89,0.2,16.3,0.08,0.08,617.031156,1776217135000
1776217137.08,237.08,0.81,16.89,0.8,16.3,0.89,12.2,0.9,28.9,0.11,12.2,0.1,28.9,0.19,16.89,0.2,16.3,0.08,0.08,617.031156,1776217136000
1776217138.46,238.46,0.81,16.89,0.8,16.3,0.89,12.2,0.9,28.9,0.11,12.2,0.1,28.9,0.19,16.89,0.2,16.3,0.08,0.08,617.031156,1776217137000
1776217139.11,239.11,0.81,16.89,0.8,16.3,0.89,12.2,0.9,28.9,0.11,12.2,0.1,28.9,0.19,16.89,0.2,16.3,0.08,0.08,617.031156,1776217138000
1776217140.298,240.298,0.81,16.89,0.8,16.3,0.89,12.2,0.9,28.9,0.11,12.2,0.1,28.9,0.19,16.89,0.2,16.3,0.08,0.08,617.067896,1776217139000
1776217141.742,241.742,0.81,16.89,0.8,16.3,0.89,12.2,0.9,28.9,0.11,12.2,0.1,28.9,0.19,16.89,0.2,16.3,0.08,0.08,617.159101,1776217140000
1776217141.944,241.944,0.94,46.1,0.93,39.9,0.97,94.63,0.98,10.0,0.11,12.2,0.1,28.9,0.19,16.89,0.2,16.3,0.03,0.08,617.159101,1776217140000
1776217142.405,242.405,0.94,46.1,0.93,39.9,0.97,94.63,0.98,10.0,0.03,94.63,0.02,10.0,0.06,46.1,0.07,39.9,0.03,0.03,617.159101,1776217141000
1776217143.142,243.142,0.95,54.7,0.94,46.1,0.97,74.63,0.98,10.0,0.03,74.63,0.02,10.0,0.05,54.7,0.06,46.1,0.02,0.02,617.159101,1776217142000
1776217144.469,244.469,0.95,54.7,0.94,46.1,0.97,74.63,0.98,10.0,0.03,74.63,0.02,10.0,0.05,54.7,0.06,46.1,0.02,0.02,617.159101,1776217143000
1776217145.12,245.12,0.95,54.7,0.94,46.1,0.97,74.63,0.98,10.0,0.03,74.63,0.02,10.0,0.05,54.7,0.06,46.1,0.02,0.02,617.159101,1776217144000
1776217146.494,246.494,0.95,54.7,0.94,46.1,0.97,74.63,0.98,10.0,0.03,74.63,0.02,10.0,0.05,54.7,0.06,46.1,0.02,0.02,617.159101,1776217145000
1776217147.175,247.175,0.95,54.7,0.94,46.1,0.97,74.63,0.98,10.0,0.03,74.63,0.02,10.0,0.05,54.7,0.06,46.1,0.02,0.02,617.159101,1776217146000
1776217147.537,247.537,0.96,67.7,0.95,54.7,0.97,54.01,0.98,10.0,0.03,74.63,0.02,10.0,0.05,54.7,0.06,46.1,0.01,0.02,617.159101,1776217146000
1776217148.188,248.188,0.96,67.7,0.95,54.7,0.97,48.01,0.98,10.0,0.03,54.01,0.02,10.0,0.04,67.7,0.05,54.7,0.01,0.01,617.159101,1776217146000
1776217148.953,248.953,0.96,67.7,0.95,54.7,0.97,48.01,0.98,10.0,0.03,48.01,0.02,10.0,0.04,67.7,0.05,54.7,0.01,0.01,617.159101,1776217147000
1776217149.539,249.539,0.96,67.7,0.95,54.7,0.97,48.01,0.98,10.0,0.03,48.01,0.02,10.0,0.04,67.7,0.05,54.7,0.01,0.01,617.159101,1776217148000
1776217150.216,250.216,0.96,67.7,0.95,54.7,0.97,48.01,0.98,10.0,0.03,48.01,0.02,10.0,0.04,67.7,0.05,54.7,0.01,0.01,617.23013,1776217149000
1776217151.151,251.151,0.96,67.7,0.95,54.7,0.97,48.01,0.98,10.0,0.03,48.01,0.02,10.0,0.04,67.7,0.05,54.7,0.01,0.01,617.23013,1776217150000
1776217152.075,252.075,0.96,67.7,0.95,54.7,0.97,42.01,0.98,10.0,0.03,48.01,0.02,10.0,0.04,67.7,0.05,54.7,0.01,0.01,617.23013,1776217150000
1776217153.074,253.074,0.96,67.7,0.95,54.7,0.97,34.01,0.98,10.0,0.03,34.01,0.02,10.0,0.04,67.7,0.05,54.7,0.01,0.01,617.23013,1776217152000
1776217154.63,254.63,0.96,67.7,0.95,54.7,0.97,34.01,0.98,10.0,0.03,34.01,0.02,10.0,0.04,67.7,0.05,54.7,0.01,0.01,617.23013,1776217153000
1776217155.163,255.163,0.96,67.7,0.95,54.7,0.97,34.01,0.98,10.0,0.03,34.01,0.02,10.0,0.04,67.7,0.05,54.7,0.01,0.01,617.23013,1776217154000
1776217156.214,256.214,0.96,67.7,0.95,54.7,0.97,34.01,0.98,10.0,0.03,34.01,0.02,10.0,0.04,67.7,0.05,54.7,0.01,0.01,617.23013,1776217155000
1776217157.428,257.428,0.96,67.7,0.95,54.7,0.97,34.01,0.98,10.0,0.03,34.01,0.02,10.0,0.04,67.7,0.05,54.7,0.01,0.01,617.23013,1776217156000
1776217158.042,258.042,0.96,67.7,0.95,54.7,0.97,34.01,0.98,10.0,0.03,34.01,0.02,10.0,0.04,67.7,0.05,54.7,0.01,0.01,617.23013,1776217157000
1776217158.897,258.897,0.96,67.7,0.95,54.7,0.97,34.01,0.98,10.0,0.03,34.01,0.02,10.0,0.04,67.7,0.05,54.7,0.01,0.01,617.23013,1776217158000
1776217160.018,260.018,0.96,67.7,0.95,54.7,0.97,34.01,0.98,10.0,0.03,34.01,0.02,10.0,0.04,67.7,0.05,54.7,0.01,0.01,617.231226,1776217159000
1776217160.921,260.921,0.96,67.7,0.95,54.7,0.97,34.01,0.98,10.0,0.03,34.01,0.02,10.0,0.04,67.7,0.05,54.7,0.01,0.01,617.231226,1776217160000
1776217161.407,261.407,0.96,72.7,0.95,54.7,0.97,22.01,0.98,10.0,0.03,34.01,0.02,10.0,0.04,67.7,0.05,54.7,0.01,0.01,617.231226,1776217160000
1776217161.636,261.636,0.96,72.7,0.95,54.7,0.99,176.01,,,0.01,176.01,,,0.04,72.7,0.05,54.7,0.03,0.03,617.231226,1776217160000
1776217162.105,262.105,0.96,72.7,0.95,54.7,0.99,176.01,,,0.01,176.01,,,0.04,72.7,0.05,54.7,0.03,0.03,617.231226,1776217161000
1776217162.858,262.858,0.99,823.99,0.98,132.69,,,,,0.01,176.01,,,0.04,72.7,0.05,54.7,,0.03,617.231226,1776217161000
1776217163.346,263.346,0.99,823.99,0.98,132.69,,,,,,,,,0.01,823.99,0.02,132.69,,,617.430656,1776217162000
1776217164.082,264.082,0.99,986.59,0.98,132.69,,,,,,,,,0.01,986.59,0.02,132.69,,,617.430656,1776217163000
1776217165.324,265.324,0.99,986.59,0.98,132.69,,,,,,,,,0.01,986.59,0.02,132.69,,,617.628,1776217164000
1776217166.065,266.065,0.99,986.59,0.98,132.69,,,,,,,,,0.01,986.59,0.02,132.69,,,617.651508,1776217165000
1776217167.489,267.489,0.99,986.59,0.98,132.69,,,,,,,,,0.01,986.59,0.02,132.69,,,617.691,1776217166000
1776217170.935,270.935,0.99,986.59,0.98,132.69,,,,,,,,,0.01,986.59,0.02,132.69,,,617.613,1776217169000
1776217171.423,271.423,0.99,986.59,0.98,132.69,,,,,,,,,0.01,986.59,0.02,132.69,,,617.577,1776217170000
1776217172.102,272.102,0.99,986.59,0.98,132.69,,,,,,,,,0.01,986.59,0.02,132.69,,,617.577,1776217171000
1776217173.159,273.159,0.99,986.59,0.98,132.69,,,,,,,,,0.01,986.59,0.02,132.69,,,617.604,1776217172000
1776217173.934,273.934,0.99,2542.74,0.98,132.69,,,,,,,,,0.01,986.59,0.02,132.69,,,617.604,1776217172000
1776217174.296,274.296,0.99,2542.74,0.98,132.69,,,,,,,,,0.01,2542.74,0.02,132.69,,,617.6,1776217173000
1776217175.31,275.31,0.99,2542.74,0.98,132.69,,,,,,,,,0.01,2542.74,0.02,132.69,,,617.595,1776217174000
1776217175.943,275.943,0.99,2542.74,0.98,132.69,,,,,,,,,0.01,2542.74,0.02,132.69,,,617.571,1776217175000
1776217176.989,276.989,0.99,2542.74,0.98,132.69,,,,,,,,,0.01,2542.74,0.02,132.69,,,617.56807,1776217176000
1776217178.076,278.076,0.99,2542.74,0.98,132.69,,,,,,,,,0.01,2542.74,0.02,132.69,,,617.56807,1776217177000
1776217179.21,279.21,0.99,2542.74,0.98,132.69,,,,,,,,,0.01,2542.74,0.02,132.69,,,617.70415,1776217178000
1776217180.196,280.196,0.99,2542.74,0.98,132.69,,,,,,,,,0.01,2542.74,0.02,132.69,,,617.786981,1776217179000
1776217181.412,281.412,0.99,2542.74,0.98,132.69,,,,,,,,,0.01,2542.74,0.02,132.69,,,617.785294,1776217180000
1776217181.855,281.855,0.99,2542.74,0.98,132.69,,,,,,,,,0.01,2542.74,0.02,132.69,,,617.785294,1776217181000
1776217183.1,283.1,0.99,2542.74,0.98,132.69,,,,,,,,,0.01,2542.74,0.02,132.69,,,617.857,1776217182000
1776217184.121,284.121,0.99,2542.74,0.98,132.69,,,,,,,,,0.01,2542.74,0.02,132.69,,,617.794,1776217183000
1776217185.388,285.388,0.99,2542.74,0.98,132.69,,,,,,,,,0.01,2542.74,0.02,132.69,,,617.802428,1776217184000
1776217185.974,285.974,0.99,2542.74,0.98,132.69,,,,,,,,,0.01,2542.74,0.02,132.69,,,617.88502,1776217185000
1776217187.155,287.155,0.99,2542.74,0.98,132.69,,,,,,,,,0.01,2542.74,0.02,132.69,,,617.926115,1776217186000
1776217188.395,288.395,0.99,2542.74,0.98,132.69,,,,,,,,,0.01,2542.74,0.02,132.69,,,617.870918,1776217187000
1776217189.02,289.02,0.99,2542.74,0.98,132.69,,,,,,,,,0.01,2542.74,0.02,132.69,,,617.870918,1776217188000
1776217190.362,290.362,0.99,2542.74,0.98,132.69,,,,,,,,,0.01,2542.74,0.02,132.69,,,617.870918,1776217189000
1776217191.429,291.429,0.99,2542.74,0.98,132.69,,,,,,,,,0.01,2542.74,0.02,132.69,,,617.869937,1776217190000
1776217192.178,292.178,0.99,2542.74,0.98,132.69,,,,,,,,,0.01,2542.74,0.02,132.69,,,617.869937,1776217191000
1776217193.208,293.208,0.99,2542.74,0.98,132.69,,,,,,,,,0.01,2542.74,0.02,132.69,,,617.869937,1776217192000
1776217194.383,294.383,0.99,2542.74,0.98,132.69,,,,,,,,,0.01,2542.74,0.02,132.69,,,617.865245,1776217193000
1776217194.942,294.942,0.99,2542.74,0.98,132.69,,,,,,,,,0.01,2542.74,0.02,132.69,,,617.865245,1776217194000
1776217196.02,296.02,0.99,2542.74,0.98,132.69,,,,,,,,,0.01,2542.74,0.02,132.69,,,617.865245,1776217195000
1776217197.1,297.1,0.99,2542.74,0.98,132.69,,,,,,,,,0.01,2542.74,0.02,132.69,,,617.865245,1776217196000
1776217198.28,298.28,0.99,2542.74,0.98,132.69,,,,,,,,,0.01,2542.74,0.02,132.69,,,617.865245,1776217197000
1776217199.412,299.412,0.99,2542.74,0.98,132.69,,,,,,,,,0.01,2542.74,0.02,132.69,,,617.865245,1776217198000
1776217200.684,300.684,0.99,2542.74,0.98,132.69,,,,,,,,,0.01,2542.74,0.02,132.69,,,617.865245,1776217199000

# RESULT,winner=Up,slug=bnb-updown-5m-1776216900,ticks=316
