timestamp,elapsed_sec,up_bid_p1,up_bid_s1,up_bid_p2,up_bid_s2,up_ask_p1,up_ask_s1,up_ask_p2,up_ask_s2,down_bid_p1,down_bid_s1,down_bid_p2,down_bid_s2,down_ask_p1,down_ask_s1,down_ask_p2,down_ask_s2,up_spread,down_spread,bnb_price,bnb_oracle_ts
1776223511.35,11.35,0.47,5.0,0.45,5.0,0.56,10.0,0.61,60.0,0.44,10.0,0.39,60.0,0.53,5.0,0.55,5.0,0.09,0.09,616.56288,1776223509000
1776223511.654,11.654,0.47,5.0,0.45,5.0,0.56,10.0,0.61,60.0,0.44,10.0,0.39,60.0,0.53,5.0,0.55,5.0,0.09,0.09,616.56288,1776223509000
1776223512.344,12.344,0.47,5.0,0.45,5.0,0.56,10.0,0.61,60.0,0.44,10.0,0.39,60.0,0.53,5.0,0.55,5.0,0.09,0.09,616.560994,1776223511000
1776223513.096,13.096,0.47,5.0,0.45,5.0,0.56,10.0,0.61,60.0,0.44,10.0,0.39,60.0,0.53,5.0,0.55,5.0,0.09,0.09,616.558992,1776223512000
1776223514.303,14.303,0.47,5.0,0.45,5.0,0.56,10.0,0.61,60.0,0.44,10.0,0.39,60.0,0.53,5.0,0.55,5.0,0.09,0.09,616.56179,1776223513000
1776223515.47,15.47,0.47,5.0,0.45,5.0,0.56,10.0,0.61,60.0,0.44,10.0,0.39,60.0,0.53,5.0,0.55,5.0,0.09,0.09,616.56184,1776223514000
1776223516.069,16.069,0.47,5.0,0.45,5.0,0.56,10.0,0.61,60.0,0.44,10.0,0.39,60.0,0.53,5.0,0.55,5.0,0.09,0.09,616.51995,1776223515000
1776223517.235,17.235,0.47,5.0,0.45,5.0,0.56,10.0,0.61,60.0,0.44,10.0,0.39,60.0,0.53,5.0,0.55,5.0,0.09,0.09,616.502,1776223516000
1776223518.451,18.451,0.47,5.0,0.45,5.0,0.56,10.0,0.61,60.0,0.44,10.0,0.39,60.0,0.53,5.0,0.55,5.0,0.09,0.09,616.479,1776223517000
1776223519.251,19.251,0.47,5.0,0.45,5.0,0.56,10.0,0.61,60.0,0.44,10.0,0.39,60.0,0.53,5.0,0.55,5.0,0.09,0.09,616.479,1776223518000
1776223520.262,20.262,0.47,5.0,0.45,5.0,0.56,10.0,0.61,60.0,0.44,10.0,0.39,60.0,0.53,5.0,0.55,5.0,0.09,0.09,616.488,1776223519000
1776223521.436,21.436,0.47,5.0,0.45,5.0,0.56,10.0,0.61,60.0,0.44,10.0,0.39,60.0,0.53,5.0,0.55,5.0,0.09,0.09,616.453,1776223520000
1776223522.127,22.127,0.47,5.0,0.45,5.0,0.56,10.0,0.61,60.0,0.44,10.0,0.39,60.0,0.53,5.0,0.55,5.0,0.09,0.09,616.453,1776223521000
1776223523.304,23.304,0.47,5.0,0.45,5.0,0.56,10.0,0.61,60.0,0.44,10.0,0.39,60.0,0.53,5.0,0.55,5.0,0.09,0.09,616.41916,1776223522000
1776223523.992,23.992,0.47,5.0,0.45,5.0,0.56,10.0,0.61,60.0,0.44,10.0,0.39,60.0,0.53,5.0,0.55,5.0,0.09,0.09,616.41457,1776223523000
1776223525.174,25.174,0.47,5.0,0.45,5.0,0.56,10.0,0.61,60.0,0.44,10.0,0.39,60.0,0.53,5.0,0.55,5.0,0.09,0.09,616.42062,1776223524000
1776223526.71,26.71,0.47,5.0,0.45,5.0,0.56,10.0,0.61,60.0,0.44,10.0,0.39,60.0,0.53,5.0,0.55,5.0,0.09,0.09,616.49606,1776223525000
1776223527.271,27.271,0.47,5.0,0.45,5.0,0.56,10.0,0.61,60.0,0.44,10.0,0.39,60.0,0.53,5.0,0.55,5.0,0.09,0.09,616.49606,1776223526000
1776223528.308,28.308,0.47,5.0,0.45,5.0,0.56,10.0,0.61,60.0,0.44,10.0,0.39,60.0,0.53,5.0,0.55,5.0,0.09,0.09,616.49957,1776223527000
1776223529.357,29.357,0.47,5.0,0.45,5.0,0.56,10.0,0.61,60.0,0.44,10.0,0.39,60.0,0.53,5.0,0.55,5.0,0.09,0.09,616.5008,1776223528000
1776223529.881,29.881,0.47,5.0,0.45,5.0,0.56,10.0,0.61,60.0,0.44,10.0,0.39,60.0,0.53,5.0,0.55,5.0,0.09,0.09,616.507792,1776223529000
1776223530.962,30.962,0.47,5.0,0.45,5.0,0.56,10.0,0.61,60.0,0.44,10.0,0.39,60.0,0.53,5.0,0.55,5.0,0.09,0.09,616.51016,1776223530000
1776223532.087,32.087,0.47,5.0,0.45,5.0,0.56,10.0,0.61,60.0,0.44,10.0,0.39,60.0,0.53,5.0,0.55,5.0,0.09,0.09,616.509456,1776223531000
1776223533.138,33.138,0.47,5.0,0.45,5.0,0.56,10.0,0.61,60.0,0.44,10.0,0.39,60.0,0.53,5.0,0.55,5.0,0.09,0.09,616.521,1776223532000
1776223534.142,34.142,0.47,5.0,0.45,5.0,0.56,10.0,0.61,60.0,0.44,10.0,0.39,60.0,0.53,5.0,0.55,5.0,0.09,0.09,616.535004,1776223533000
1776223535.226,35.226,0.47,5.0,0.45,5.0,0.56,10.0,0.61,60.0,0.44,10.0,0.39,60.0,0.53,5.0,0.55,5.0,0.09,0.09,616.52938,1776223534000
1776223536.265,36.265,0.47,5.0,0.45,5.0,0.56,10.0,0.61,60.0,0.44,10.0,0.39,60.0,0.53,5.0,0.55,5.0,0.09,0.09,616.503,1776223535000
1776223537.353,37.353,0.47,5.0,0.45,5.0,0.56,10.0,0.61,60.0,0.44,10.0,0.39,60.0,0.53,5.0,0.55,5.0,0.09,0.09,616.47592,1776223536000
1776223537.91,37.91,0.47,5.0,0.45,5.0,0.56,10.0,0.61,60.0,0.44,10.0,0.39,60.0,0.53,5.0,0.55,5.0,0.09,0.09,616.48225,1776223537000
1776223539.107,39.107,0.47,5.0,0.45,5.0,0.56,10.0,0.61,60.0,0.44,10.0,0.39,60.0,0.53,5.0,0.55,5.0,0.09,0.09,616.486038,1776223538000
1776223540.523,40.523,0.47,5.0,0.45,5.0,0.56,10.0,0.61,60.0,0.44,10.0,0.39,60.0,0.53,5.0,0.55,5.0,0.09,0.09,616.488546,1776223539000
1776223541.05,41.05,0.47,5.0,0.45,5.0,0.56,10.0,0.61,60.0,0.44,10.0,0.39,60.0,0.53,5.0,0.55,5.0,0.09,0.09,616.489103,1776223540000
1776223542.569,42.569,0.47,5.0,0.45,5.0,0.56,10.0,0.61,60.0,0.44,10.0,0.39,60.0,0.53,5.0,0.55,5.0,0.09,0.09,616.49338,1776223541000
1776223543.196,43.196,0.47,5.0,0.45,5.0,0.56,10.0,0.61,60.0,0.44,10.0,0.39,60.0,0.53,5.0,0.55,5.0,0.09,0.09,616.490897,1776223542000
1776223544.666,44.666,0.47,5.0,0.45,5.0,0.56,10.0,0.61,60.0,0.44,10.0,0.39,60.0,0.53,5.0,0.55,5.0,0.09,0.09,616.491853,1776223543000
1776223545.294,45.294,0.47,5.0,0.45,5.0,0.56,10.0,0.61,60.0,0.44,10.0,0.39,60.0,0.53,5.0,0.55,5.0,0.09,0.09,616.49223,1776223544000
1776223546.13,46.13,0.47,5.0,0.45,5.0,0.56,10.0,0.61,60.0,0.44,10.0,0.39,60.0,0.53,5.0,0.55,5.0,0.09,0.09,616.512,1776223545000
1776223547.278,47.278,0.47,5.0,0.45,5.0,0.56,10.0,0.61,60.0,0.44,10.0,0.39,60.0,0.53,5.0,0.55,5.0,0.09,0.09,616.523,1776223546000
1776223548.137,48.137,0.47,5.0,0.45,5.0,0.56,10.0,0.61,60.0,0.44,10.0,0.39,60.0,0.53,5.0,0.55,5.0,0.09,0.09,616.49301,1776223547000
1776223549.374,49.374,0.47,5.0,0.45,5.0,0.56,10.0,0.61,60.0,0.44,10.0,0.39,60.0,0.53,5.0,0.55,5.0,0.09,0.09,616.515757,1776223548000
1776223550.074,50.074,0.47,5.0,0.45,5.0,0.56,10.0,0.61,60.0,0.44,10.0,0.39,60.0,0.53,5.0,0.55,5.0,0.09,0.09,616.52095,1776223549000
1776223551.409,51.409,0.47,5.0,0.45,5.0,0.56,10.0,0.61,60.0,0.44,10.0,0.39,60.0,0.53,5.0,0.55,5.0,0.09,0.09,616.53011,1776223550000
1776223552.161,52.161,0.47,5.0,0.45,5.0,0.56,10.0,0.61,60.0,0.44,10.0,0.39,60.0,0.53,5.0,0.55,5.0,0.09,0.09,616.5284,1776223551000
1776223553.44,53.44,0.47,5.0,0.45,5.0,0.56,10.0,0.61,60.0,0.44,10.0,0.39,60.0,0.53,5.0,0.55,5.0,0.09,0.09,616.52173,1776223552000
1776223554.088,54.088,0.47,5.0,0.45,5.0,0.56,10.0,0.61,60.0,0.44,10.0,0.39,60.0,0.53,5.0,0.55,5.0,0.09,0.09,616.52301,1776223553000
1776223555.462,55.462,0.47,5.0,0.45,5.0,0.56,10.0,0.61,60.0,0.44,10.0,0.39,60.0,0.53,5.0,0.55,5.0,0.09,0.09,616.51582,1776223554000
1776223556.176,56.176,0.47,5.0,0.45,5.0,0.56,10.0,0.61,60.0,0.44,10.0,0.39,60.0,0.53,5.0,0.55,5.0,0.09,0.09,616.51497,1776223555000
1776223558.007,58.007,0.47,5.0,0.45,5.0,0.56,10.0,0.61,60.0,0.44,10.0,0.39,60.0,0.53,5.0,0.55,5.0,0.09,0.09,616.512926,1776223557000
1776223559.087,59.087,0.47,5.0,0.45,5.0,0.56,10.0,0.61,60.0,0.44,10.0,0.39,60.0,0.53,5.0,0.55,5.0,0.09,0.09,616.53452,1776223558000
1776223560.08,60.08,0.47,5.0,0.45,5.0,0.56,10.0,0.61,60.0,0.44,10.0,0.39,60.0,0.53,5.0,0.55,5.0,0.09,0.09,616.53352,1776223559000
1776223560.986,60.986,0.47,5.0,0.45,5.0,0.56,10.0,0.61,60.0,0.44,10.0,0.39,60.0,0.53,5.0,0.55,5.0,0.09,0.09,616.53745,1776223560000
1776223562.428,62.428,0.47,5.0,0.45,5.0,0.56,10.0,0.61,60.0,0.44,10.0,0.39,60.0,0.53,5.0,0.55,5.0,0.09,0.09,616.561508,1776223561000
1776223563.022,63.022,0.47,5.0,0.45,5.0,0.56,10.0,0.61,60.0,0.44,10.0,0.39,60.0,0.53,5.0,0.55,5.0,0.09,0.09,616.60137,1776223562000
1776223564.461,64.461,0.47,5.0,0.45,5.0,0.56,10.0,0.61,60.0,0.44,10.0,0.39,60.0,0.53,5.0,0.55,5.0,0.09,0.09,616.60023,1776223563000
1776223565.006,65.006,0.47,5.0,0.45,5.0,0.56,10.0,0.61,60.0,0.44,10.0,0.39,60.0,0.53,5.0,0.55,5.0,0.09,0.09,616.60023,1776223564000
1776223566.277,66.277,0.47,5.0,0.45,5.0,0.56,10.0,0.61,60.0,0.44,10.0,0.39,60.0,0.53,5.0,0.55,5.0,0.09,0.09,616.60809,1776223565000
1776223567.515,67.515,0.47,5.0,0.45,5.0,0.56,10.0,0.61,60.0,0.44,10.0,0.39,60.0,0.53,5.0,0.55,5.0,0.09,0.09,616.6057,1776223566000
1776223567.93,67.93,0.47,5.0,0.45,5.0,0.56,10.0,0.61,60.0,0.44,10.0,0.39,60.0,0.53,5.0,0.55,5.0,0.09,0.09,616.60268,1776223567000
1776223569.12,69.12,0.47,5.0,0.45,5.0,0.56,10.0,0.61,60.0,0.44,10.0,0.39,60.0,0.53,5.0,0.55,5.0,0.09,0.09,616.60143,1776223568000
1776223570.278,70.278,0.47,5.0,0.45,5.0,0.56,10.0,0.61,60.0,0.44,10.0,0.39,60.0,0.53,5.0,0.55,5.0,0.09,0.09,616.58301,1776223569000
1776223571.363,71.363,0.47,5.0,0.45,5.0,0.56,10.0,0.61,60.0,0.44,10.0,0.39,60.0,0.53,5.0,0.55,5.0,0.09,0.09,616.57968,1776223570000
1776223572.935,72.935,0.47,5.0,0.45,5.0,0.56,10.0,0.61,60.0,0.44,10.0,0.39,60.0,0.53,5.0,0.55,5.0,0.09,0.09,616.57523,1776223571000
1776223573.358,73.358,0.47,5.0,0.45,5.0,0.56,10.0,0.61,60.0,0.44,10.0,0.39,60.0,0.53,5.0,0.55,5.0,0.09,0.09,616.57894,1776223572000
1776223573.957,73.957,0.47,5.0,0.45,5.0,0.56,10.0,0.61,60.0,0.44,10.0,0.39,60.0,0.53,5.0,0.55,5.0,0.09,0.09,616.58958,1776223573000
1776223574.911,74.911,0.47,5.0,0.45,5.0,0.56,10.0,0.61,60.0,0.44,10.0,0.39,60.0,0.53,5.0,0.55,5.0,0.09,0.09,616.58708,1776223574000
1776223575.875,75.875,0.47,5.0,0.45,5.0,0.56,10.0,0.61,60.0,0.44,10.0,0.39,60.0,0.53,5.0,0.55,5.0,0.09,0.09,616.58456,1776223575000
1776223577.032,77.032,0.47,5.0,0.45,5.0,0.56,10.0,0.61,60.0,0.44,10.0,0.39,60.0,0.53,5.0,0.55,5.0,0.09,0.09,616.580588,1776223576000
1776223577.929,77.929,0.47,5.0,0.45,5.0,0.56,10.0,0.61,60.0,0.44,10.0,0.39,60.0,0.53,5.0,0.55,5.0,0.09,0.09,616.58235,1776223577000
1776223579.016,79.016,0.47,5.0,0.45,5.0,0.56,10.0,0.61,60.0,0.44,10.0,0.39,60.0,0.53,5.0,0.55,5.0,0.09,0.09,616.586963,1776223578000
1776223579.936,79.936,0.47,5.0,0.45,5.0,0.56,10.0,0.61,60.0,0.44,10.0,0.39,60.0,0.53,5.0,0.55,5.0,0.09,0.09,616.56162,1776223579000
1776223580.952,80.952,0.47,5.0,0.45,5.0,0.56,10.0,0.61,60.0,0.44,10.0,0.39,60.0,0.53,5.0,0.55,5.0,0.09,0.09,616.554149,1776223580000
1776223581.977,81.977,0.47,5.0,0.45,5.0,0.56,10.0,0.61,60.0,0.44,10.0,0.39,60.0,0.53,5.0,0.55,5.0,0.09,0.09,616.554123,1776223581000
1776223582.966,82.966,0.47,5.0,0.45,5.0,0.56,10.0,0.61,60.0,0.44,10.0,0.39,60.0,0.53,5.0,0.55,5.0,0.09,0.09,616.554885,1776223582000
1776223583.989,83.989,0.47,5.0,0.45,5.0,0.56,10.0,0.61,60.0,0.44,10.0,0.39,60.0,0.53,5.0,0.55,5.0,0.09,0.09,616.58269,1776223583000
1776223584.932,84.932,0.47,5.0,0.45,5.0,0.56,10.0,0.61,60.0,0.44,10.0,0.39,60.0,0.53,5.0,0.55,5.0,0.09,0.09,616.58774,1776223584000
1776223586.095,86.095,0.47,5.0,0.45,5.0,0.56,10.0,0.61,60.0,0.44,10.0,0.39,60.0,0.53,5.0,0.55,5.0,0.09,0.09,616.586717,1776223585000
1776223587.094,87.094,0.47,5.0,0.45,5.0,0.56,10.0,0.61,60.0,0.44,10.0,0.39,60.0,0.53,5.0,0.55,5.0,0.09,0.09,616.576808,1776223586000
1776223588.05,88.05,0.47,5.0,0.45,5.0,0.56,10.0,0.61,60.0,0.44,10.0,0.39,60.0,0.53,5.0,0.55,5.0,0.09,0.09,616.6085,1776223587000
1776223589.096,89.096,0.47,5.0,0.45,5.0,0.56,10.0,0.61,60.0,0.44,10.0,0.39,60.0,0.53,5.0,0.55,5.0,0.09,0.09,616.60873,1776223588000
1776223590.039,90.039,0.47,5.0,0.45,5.0,0.56,10.0,0.61,60.0,0.44,10.0,0.39,60.0,0.53,5.0,0.55,5.0,0.09,0.09,616.604075,1776223589000
1776223591.059,91.059,0.47,5.0,0.45,5.0,0.56,10.0,0.61,60.0,0.44,10.0,0.39,60.0,0.53,5.0,0.55,5.0,0.09,0.09,616.604075,1776223590000
1776223592.096,92.096,0.47,5.0,0.45,5.0,0.56,10.0,0.61,60.0,0.44,10.0,0.39,60.0,0.53,5.0,0.55,5.0,0.09,0.09,616.610269,1776223591000
1776223593.156,93.156,0.47,5.0,0.45,5.0,0.56,10.0,0.61,60.0,0.44,10.0,0.39,60.0,0.53,5.0,0.55,5.0,0.09,0.09,616.610014,1776223592000
1776223594.05,94.05,0.47,5.0,0.45,5.0,0.56,10.0,0.61,60.0,0.44,10.0,0.39,60.0,0.53,5.0,0.55,5.0,0.09,0.09,616.625,1776223593000
1776223594.997,94.997,0.47,5.0,0.45,5.0,0.56,10.0,0.61,60.0,0.44,10.0,0.39,60.0,0.53,5.0,0.55,5.0,0.09,0.09,616.610928,1776223594000
1776223596.053,96.053,0.47,5.0,0.45,5.0,0.56,10.0,0.61,60.0,0.44,10.0,0.39,60.0,0.53,5.0,0.55,5.0,0.09,0.09,616.62643,1776223595000
1776223597.03,97.03,0.47,5.0,0.45,5.0,0.56,10.0,0.61,60.0,0.44,10.0,0.39,60.0,0.53,5.0,0.55,5.0,0.09,0.09,616.62118,1776223596000
1776223597.988,97.988,0.47,5.0,0.45,5.0,0.56,10.0,0.61,60.0,0.44,10.0,0.39,60.0,0.53,5.0,0.55,5.0,0.09,0.09,616.625578,1776223597000
1776223600.852,100.852,0.47,5.0,0.45,5.0,0.56,10.0,0.61,60.0,0.44,10.0,0.39,60.0,0.53,5.0,0.55,5.0,0.09,0.09,616.621779,1776223598000
1776223601.481,101.481,0.65,5.0,0.64,15.0,0.75,5.0,0.77,5.0,0.25,5.0,0.23,5.0,0.35,5.0,0.36,15.0,0.1,0.1,616.719993,1776223600000
1776223602.054,102.054,0.65,5.0,0.64,15.0,0.75,5.0,0.77,5.0,0.25,5.0,0.23,5.0,0.35,5.0,0.36,15.0,0.1,0.1,616.722745,1776223601000
1776223603.321,103.321,0.65,5.0,0.64,15.0,0.75,5.0,0.77,5.0,0.25,5.0,0.23,5.0,0.35,5.0,0.36,15.0,0.1,0.1,616.740184,1776223602000
1776223603.884,103.884,0.65,5.0,0.64,15.0,0.75,5.0,0.77,5.0,0.25,5.0,0.23,5.0,0.35,5.0,0.36,15.0,0.1,0.1,616.760411,1776223603000
1776223604.984,104.984,0.65,5.0,0.64,15.0,0.75,5.0,0.77,5.0,0.25,5.0,0.23,5.0,0.35,5.0,0.36,15.0,0.1,0.1,616.75194,1776223604000
1776223606.133,106.133,0.65,5.0,0.64,15.0,0.75,5.0,0.77,5.0,0.25,5.0,0.23,5.0,0.35,5.0,0.36,15.0,0.1,0.1,616.776207,1776223605000
1776223607.35,107.35,0.65,5.0,0.64,15.0,0.75,5.0,0.77,5.0,0.25,5.0,0.23,5.0,0.35,5.0,0.36,15.0,0.1,0.1,616.774521,1776223606000
1776223607.896,107.896,0.65,5.0,0.64,15.0,0.75,5.0,0.77,5.0,0.25,5.0,0.23,5.0,0.35,5.0,0.36,15.0,0.1,0.1,616.778206,1776223607000
1776223608.97,108.97,0.65,5.0,0.64,15.0,0.75,5.0,0.77,5.0,0.25,5.0,0.23,5.0,0.35,5.0,0.36,15.0,0.1,0.1,616.766501,1776223608000
1776223610.149,110.149,0.65,5.0,0.64,15.0,0.75,5.0,0.77,5.0,0.25,5.0,0.23,5.0,0.35,5.0,0.36,15.0,0.1,0.1,616.765764,1776223609000
1776223611.179,111.179,0.65,5.0,0.64,15.0,0.75,5.0,0.77,5.0,0.25,5.0,0.23,5.0,0.35,5.0,0.36,15.0,0.1,0.1,616.764003,1776223610000
1776223612.388,112.388,0.65,5.0,0.64,15.0,0.75,5.0,0.77,5.0,0.25,5.0,0.23,5.0,0.35,5.0,0.36,15.0,0.1,0.1,616.765516,1776223611000
1776223612.979,112.979,0.65,5.0,0.64,15.0,0.75,5.0,0.77,5.0,0.25,5.0,0.23,5.0,0.35,5.0,0.36,15.0,0.1,0.1,616.76286,1776223612000
1776223614.186,114.186,0.65,5.0,0.64,15.0,0.75,5.0,0.77,5.0,0.25,5.0,0.23,5.0,0.35,5.0,0.36,15.0,0.1,0.1,616.764156,1776223613000
1776223615.226,115.226,0.65,5.0,0.64,15.0,0.75,5.0,0.77,5.0,0.25,5.0,0.23,5.0,0.35,5.0,0.36,15.0,0.1,0.1,616.776881,1776223614000
1776223616.201,116.201,0.65,5.0,0.64,15.0,0.75,5.0,0.77,5.0,0.25,5.0,0.23,5.0,0.35,5.0,0.36,15.0,0.1,0.1,616.750849,1776223615000
1776223617.194,117.194,0.65,5.0,0.64,15.0,0.75,5.0,0.77,5.0,0.25,5.0,0.23,5.0,0.35,5.0,0.36,15.0,0.1,0.1,616.752501,1776223616000
1776223618.167,118.167,0.65,5.0,0.64,15.0,0.75,5.0,0.77,5.0,0.25,5.0,0.23,5.0,0.35,5.0,0.36,15.0,0.1,0.1,616.795111,1776223617000
1776223619.119,119.119,0.65,5.0,0.64,15.0,0.75,5.0,0.77,5.0,0.25,5.0,0.23,5.0,0.35,5.0,0.36,15.0,0.1,0.1,616.797,1776223618000
1776223620.11,120.11,0.71,15.0,0.64,5.0,0.74,5.0,0.76,5.0,0.26,5.0,0.24,5.0,0.29,15.0,0.36,5.0,0.03,0.03,616.804,1776223619000
1776223621.058,121.058,0.71,15.0,0.64,5.0,0.74,5.0,0.76,5.0,0.26,5.0,0.24,5.0,0.29,15.0,0.36,5.0,0.03,0.03,616.726,1776223620000
1776223622.078,122.078,0.71,15.0,0.64,5.0,0.74,5.0,0.76,5.0,0.26,5.0,0.24,5.0,0.29,15.0,0.36,5.0,0.03,0.03,616.73,1776223621000
1776223623.054,123.054,0.71,15.0,0.64,5.0,0.74,5.0,0.76,5.0,0.26,5.0,0.24,5.0,0.29,15.0,0.36,5.0,0.03,0.03,616.73,1776223622000
1776223623.773,123.773,0.71,8.1,0.64,5.0,0.75,18.9,0.76,19.3,0.26,5.0,0.24,5.0,0.29,15.0,0.36,5.0,0.04,0.03,616.73,1776223622000
1776223624.104,124.104,0.71,8.1,0.64,5.0,0.75,18.9,0.76,19.3,0.25,18.9,0.24,19.3,0.29,8.1,0.36,5.0,0.04,0.04,616.72746,1776223623000
1776223624.539,124.539,0.71,8.1,0.64,5.0,0.75,13.79,0.76,19.3,0.25,18.9,0.24,19.3,0.29,8.1,0.36,5.0,0.04,0.04,616.72746,1776223623000
1776223625.096,125.096,0.71,8.1,0.64,5.0,0.75,13.79,0.76,19.3,0.25,13.79,0.24,19.3,0.29,8.1,0.36,5.0,0.04,0.04,616.73,1776223624000
1776223626.047,126.047,0.71,8.1,0.64,5.0,0.75,13.79,0.76,19.3,0.25,13.79,0.24,19.3,0.29,8.1,0.36,5.0,0.04,0.04,616.73889,1776223625000
1776223627.031,127.031,0.71,8.1,0.64,5.0,0.75,13.79,0.76,19.3,0.25,13.79,0.24,19.3,0.29,8.1,0.36,5.0,0.04,0.04,616.73894,1776223626000
1776223627.977,127.977,0.71,8.1,0.64,5.0,0.75,13.79,0.76,19.3,0.25,13.79,0.24,19.3,0.29,8.1,0.36,5.0,0.04,0.04,616.762516,1776223627000
1776223628.934,128.934,0.71,8.1,0.64,5.0,0.76,12.76,0.77,14.7,0.25,13.79,0.24,19.3,0.29,8.1,0.36,5.0,0.05,0.04,616.762516,1776223627000
1776223630.478,130.478,0.71,8.1,0.64,5.0,0.76,12.76,0.77,14.7,0.24,12.76,0.23,14.7,0.29,8.1,0.36,5.0,0.05,0.05,616.77108,1776223629000
1776223631.242,131.242,0.71,8.1,0.64,5.0,0.76,12.76,0.77,14.7,0.24,12.76,0.23,14.7,0.29,8.1,0.36,5.0,0.05,0.05,616.76421,1776223630000
1776223632.88,132.88,0.71,8.1,0.64,5.0,0.76,12.76,0.77,14.7,0.24,12.76,0.23,14.7,0.29,8.1,0.36,5.0,0.05,0.05,616.75099,1776223631000
1776223633.519,133.519,0.71,8.1,0.64,5.0,0.76,12.76,0.77,14.7,0.24,12.76,0.23,14.7,0.29,8.1,0.36,5.0,0.05,0.05,616.74951,1776223632000
1776223634.138,134.138,0.71,8.1,0.64,5.0,0.76,12.76,0.77,14.7,0.24,12.76,0.23,14.7,0.29,8.1,0.36,5.0,0.05,0.05,616.74366,1776223633000
1776223635.399,135.399,0.71,8.1,0.64,5.0,0.76,12.76,0.77,14.7,0.24,12.76,0.23,14.7,0.29,8.1,0.36,5.0,0.05,0.05,616.750266,1776223634000
1776223636.14,136.14,0.71,8.1,0.64,5.0,0.76,12.76,0.77,14.7,0.24,12.76,0.23,14.7,0.29,8.1,0.36,5.0,0.05,0.05,616.750266,1776223635000
1776223637.281,137.281,0.71,8.1,0.64,5.0,0.76,12.76,0.77,14.7,0.24,12.76,0.23,14.7,0.29,8.1,0.36,5.0,0.05,0.05,616.77309,1776223636000
1776223638.015,138.015,0.71,8.1,0.64,5.0,0.76,12.76,0.77,14.7,0.24,12.76,0.23,14.7,0.29,8.1,0.36,5.0,0.05,0.05,616.7794,1776223637000
1776223639.227,139.227,0.71,8.1,0.64,5.0,0.76,12.76,0.77,14.7,0.24,12.76,0.23,14.7,0.29,8.1,0.36,5.0,0.05,0.05,616.76834,1776223638000
1776223640.446,140.446,0.71,8.1,0.64,5.0,0.76,12.76,0.77,14.7,0.24,12.76,0.23,14.7,0.29,8.1,0.36,5.0,0.05,0.05,616.76242,1776223639000
1776223641.066,141.066,0.71,8.1,0.64,5.0,0.76,12.76,0.77,14.7,0.24,12.76,0.23,14.7,0.29,8.1,0.36,5.0,0.05,0.05,616.75288,1776223640000
1776223642.322,142.322,0.71,8.1,0.64,5.0,0.76,12.76,0.77,14.7,0.24,12.76,0.23,14.7,0.29,8.1,0.36,5.0,0.05,0.05,616.74329,1776223641000
1776223642.963,142.963,0.71,8.1,0.64,5.0,0.76,12.76,0.77,14.7,0.24,12.76,0.23,14.7,0.29,8.1,0.36,5.0,0.05,0.05,616.74376,1776223642000
1776223644.073,144.073,0.71,8.1,0.64,5.0,0.76,12.76,0.77,14.7,0.24,12.76,0.23,14.7,0.29,8.1,0.36,5.0,0.05,0.05,616.754519,1776223643000
1776223645.785,145.785,0.71,8.1,0.64,5.0,0.76,12.76,0.77,14.7,0.24,12.76,0.23,14.7,0.29,8.1,0.36,5.0,0.05,0.05,616.73421,1776223644000
1776223646.324,146.324,0.71,8.1,0.64,5.0,0.76,12.76,0.77,14.7,0.24,12.76,0.23,14.7,0.29,8.1,0.36,5.0,0.05,0.05,616.700773,1776223645000
1776223647.744,147.744,0.71,8.1,0.64,5.0,0.76,12.76,0.77,14.7,0.24,12.76,0.23,14.7,0.29,8.1,0.36,5.0,0.05,0.05,616.72964,1776223646000
1776223648.324,148.324,0.71,8.1,0.64,5.0,0.76,12.76,0.77,14.7,0.24,12.76,0.23,14.7,0.29,8.1,0.36,5.0,0.05,0.05,616.729328,1776223647000
1776223649.598,149.598,0.71,8.1,0.64,5.0,0.76,12.76,0.77,14.7,0.24,12.76,0.23,14.7,0.29,8.1,0.36,5.0,0.05,0.05,616.717276,1776223648000
1776223650.16,150.16,0.71,8.1,0.64,5.0,0.76,12.76,0.77,14.7,0.24,12.76,0.23,14.7,0.29,8.1,0.36,5.0,0.05,0.05,616.735074,1776223649000
1776223651.309,151.309,0.71,8.1,0.64,5.0,0.76,12.76,0.77,14.7,0.24,12.76,0.23,14.7,0.29,8.1,0.36,5.0,0.05,0.05,616.735343,1776223650000
1776223651.887,151.887,0.71,8.1,0.64,5.0,0.76,12.76,0.77,14.7,0.24,12.76,0.23,14.7,0.29,8.1,0.36,5.0,0.05,0.05,616.740865,1776223651000
1776223653.084,153.084,0.71,8.1,0.64,5.0,0.76,12.76,0.77,14.7,0.24,12.76,0.23,14.7,0.29,8.1,0.36,5.0,0.05,0.05,616.77884,1776223652000
1776223654.288,154.288,0.71,8.1,0.64,5.0,0.76,12.76,0.77,14.7,0.24,12.76,0.23,14.7,0.29,8.1,0.36,5.0,0.05,0.05,616.77916,1776223653000
1776223655.377,155.377,0.71,8.1,0.64,5.0,0.76,12.76,0.77,14.7,0.24,12.76,0.23,14.7,0.29,8.1,0.36,5.0,0.05,0.05,616.74127,1776223654000
1776223655.97,155.97,0.71,8.1,0.64,5.0,0.76,12.76,0.77,14.7,0.24,12.76,0.23,14.7,0.29,8.1,0.36,5.0,0.05,0.05,616.73155,1776223655000
1776223657.102,157.102,0.71,8.1,0.64,5.0,0.76,12.76,0.77,14.7,0.24,12.76,0.23,14.7,0.29,8.1,0.36,5.0,0.05,0.05,616.73394,1776223656000
1776223658.243,158.243,0.71,8.1,0.64,5.0,0.76,12.76,0.77,14.7,0.24,12.76,0.23,14.7,0.29,8.1,0.36,5.0,0.05,0.05,616.75579,1776223657000
1776223659.348,159.348,0.71,8.1,0.64,5.0,0.76,12.76,0.77,14.7,0.24,12.76,0.23,14.7,0.29,8.1,0.36,5.0,0.05,0.05,616.75747,1776223658000
1776223659.931,159.931,0.71,8.1,0.64,5.0,0.76,12.76,0.77,14.7,0.24,12.76,0.23,14.7,0.29,8.1,0.36,5.0,0.05,0.05,616.7479,1776223659000
1776223661.447,161.447,0.8,16.3,0.79,15.7,0.85,13.33,0.86,5.0,0.15,13.33,0.14,5.0,0.2,16.3,0.21,15.7,0.05,0.05,616.75655,1776223660000
1776223661.902,161.902,0.8,16.3,0.79,15.7,0.85,13.33,0.86,5.0,0.15,13.33,0.14,5.0,0.2,16.3,0.21,15.7,0.05,0.05,616.762617,1776223661000
1776223663.032,163.032,0.8,16.3,0.79,15.7,0.85,13.33,0.86,5.0,0.15,13.33,0.14,5.0,0.2,16.3,0.21,15.7,0.05,0.05,616.79392,1776223662000
1776223664.049,164.049,0.8,16.3,0.79,15.7,0.85,13.33,0.86,5.0,0.15,13.33,0.14,5.0,0.2,16.3,0.21,15.7,0.05,0.05,616.79031,1776223663000
1776223665.025,165.025,0.8,16.3,0.79,15.7,0.85,13.33,0.86,5.0,0.15,13.33,0.14,5.0,0.2,16.3,0.21,15.7,0.05,0.05,616.79199,1776223664000
1776223666.013,166.013,0.8,16.3,0.79,15.7,0.85,13.33,0.86,5.0,0.15,13.33,0.14,5.0,0.2,16.3,0.21,15.7,0.05,0.05,616.78974,1776223665000
1776223667.164,167.164,0.8,16.3,0.79,15.7,0.85,13.33,0.86,5.0,0.15,13.33,0.14,5.0,0.2,16.3,0.21,15.7,0.05,0.05,616.822302,1776223666000
1776223668.016,168.016,0.8,16.3,0.79,15.7,0.85,13.33,0.86,5.0,0.15,13.33,0.14,5.0,0.2,16.3,0.21,15.7,0.05,0.05,616.825,1776223667000
1776223668.758,168.758,0.8,11.3,0.79,15.7,0.85,13.33,0.88,29.6,0.15,13.33,0.14,5.0,0.2,16.3,0.21,15.7,0.05,0.05,616.825,1776223667000
1776223668.983,168.983,0.8,11.3,0.79,15.7,0.85,13.33,0.88,29.6,0.15,13.33,0.12,29.6,0.2,11.3,0.21,15.7,0.05,0.05,616.825,1776223668000
1776223670.047,170.047,0.8,11.3,0.79,15.7,0.85,13.33,0.88,29.6,0.15,13.33,0.12,29.6,0.2,11.3,0.21,15.7,0.05,0.05,616.80161,1776223669000
1776223671.071,171.071,0.8,11.3,0.79,15.7,0.85,13.33,0.88,29.6,0.15,13.33,0.12,29.6,0.2,11.3,0.21,15.7,0.05,0.05,616.804567,1776223670000
1776223672.182,172.182,0.8,11.3,0.79,15.7,0.85,13.33,0.88,29.6,0.15,13.33,0.12,29.6,0.2,11.3,0.21,15.7,0.05,0.05,616.815,1776223671000
1776223673.216,173.216,0.8,11.3,0.79,15.7,0.85,13.33,0.88,29.6,0.15,13.33,0.12,29.6,0.2,11.3,0.21,15.7,0.05,0.05,616.798944,1776223672000
1776223674.481,174.481,0.8,11.3,0.79,15.7,0.85,13.33,0.88,29.6,0.15,13.33,0.12,29.6,0.2,11.3,0.21,15.7,0.05,0.05,616.824,1776223673000
1776223675.222,175.222,0.8,11.3,0.79,15.7,0.85,13.33,0.88,29.6,0.15,13.33,0.12,29.6,0.2,11.3,0.21,15.7,0.05,0.05,616.78566,1776223674000
1776223676.767,176.767,0.8,11.3,0.79,15.7,0.85,13.33,0.88,29.6,0.15,13.33,0.12,29.6,0.2,11.3,0.21,15.7,0.05,0.05,616.78144,1776223675000
1776223677.508,177.508,0.8,11.3,0.79,15.7,0.85,13.33,0.88,29.6,0.15,13.33,0.12,29.6,0.2,11.3,0.21,15.7,0.05,0.05,616.78023,1776223676000
1776223678.235,178.235,0.8,11.3,0.79,15.7,0.85,13.33,0.88,29.6,0.15,13.33,0.12,29.6,0.2,11.3,0.21,15.7,0.05,0.05,616.7557,1776223677000
1776223679.687,179.687,0.8,11.3,0.79,15.7,0.85,13.33,0.88,29.6,0.15,13.33,0.12,29.6,0.2,11.3,0.21,15.7,0.05,0.05,616.75936,1776223678000
1776223680.445,180.445,0.8,11.3,0.79,15.7,0.85,13.33,0.88,29.6,0.15,13.33,0.12,29.6,0.2,11.3,0.21,15.7,0.05,0.05,616.75006,1776223679000
1776223681.18,181.18,0.8,11.3,0.79,15.7,0.85,13.33,0.88,29.6,0.15,13.33,0.12,29.6,0.2,11.3,0.21,15.7,0.05,0.05,616.72311,1776223680000
1776223682.694,182.694,0.8,11.3,0.79,15.7,0.85,13.33,0.88,29.6,0.15,13.33,0.12,29.6,0.2,11.3,0.21,15.7,0.05,0.05,616.75452,1776223681000
1776223683.428,183.428,0.8,11.3,0.79,15.7,0.85,13.33,0.88,29.6,0.15,13.33,0.12,29.6,0.2,11.3,0.21,15.7,0.05,0.05,616.75551,1776223682000
1776223684.265,184.265,0.8,11.3,0.79,15.7,0.85,13.33,0.88,29.6,0.15,13.33,0.12,29.6,0.2,11.3,0.21,15.7,0.05,0.05,616.7569,1776223683000
1776223685.906,185.906,0.8,11.3,0.79,15.7,0.85,13.33,0.88,29.6,0.15,13.33,0.12,29.6,0.2,11.3,0.21,15.7,0.05,0.05,616.7507,1776223684000
1776223686.65,186.65,0.8,11.3,0.79,15.7,0.85,13.33,0.88,29.6,0.15,13.33,0.12,29.6,0.2,11.3,0.21,15.7,0.05,0.05,616.75064,1776223685000
1776223687.49,187.49,0.8,11.3,0.79,15.7,0.85,13.33,0.88,29.6,0.15,13.33,0.12,29.6,0.2,11.3,0.21,15.7,0.05,0.05,616.75374,1776223686000
1776223687.792,187.792,0.56,4.55,0.55,10.5,0.81,50.0,0.85,13.33,0.15,13.33,0.12,29.6,0.2,11.3,0.21,15.7,0.25,0.05,616.75374,1776223686000
1776223688.309,188.309,0.55,8.34,0.54,10.5,0.81,50.0,0.85,13.33,0.19,50.0,0.15,13.33,0.45,8.34,0.46,10.5,0.26,0.26,616.76987,1776223687000
1776223688.584,188.584,0.5,12.06,0.46,5.0,0.6,5.0,0.65,5.0,0.19,50.0,0.15,13.33,0.45,8.34,0.46,10.5,0.1,0.26,616.76987,1776223687000
1776223689.785,189.785,0.5,6.12,0.46,5.0,0.6,5.0,0.65,5.0,0.4,5.0,0.35,5.0,0.5,6.12,0.54,5.0,0.1,0.1,616.643638,1776223688000
1776223690.585,190.585,0.5,6.12,0.46,5.0,0.6,5.0,0.65,5.0,0.4,5.0,0.35,5.0,0.5,6.12,0.54,5.0,0.1,0.1,616.607646,1776223689000
1776223691.337,191.337,0.5,6.12,0.46,5.0,0.6,5.0,0.65,5.0,0.4,5.0,0.35,5.0,0.5,6.12,0.54,5.0,0.1,0.1,616.59188,1776223690000
1776223692.02,192.02,0.5,6.12,0.46,5.0,0.6,5.0,0.65,5.0,0.4,5.0,0.35,5.0,0.5,6.12,0.54,5.0,0.1,0.1,616.59205,1776223691000
1776223694.007,194.007,0.5,6.12,0.46,5.0,0.6,5.0,0.65,5.0,0.4,5.0,0.35,5.0,0.5,6.12,0.54,5.0,0.1,0.1,616.55377,1776223692000
1776223694.427,194.427,0.5,6.12,0.46,5.0,0.6,5.0,0.65,5.0,0.4,5.0,0.35,5.0,0.5,6.12,0.54,5.0,0.1,0.1,616.53744,1776223693000
1776223695.033,195.033,0.43,5.0,0.4,5.0,0.61,45.0,0.71,50.0,0.39,45.0,0.29,50.0,0.57,5.0,0.6,5.0,0.18,0.18,616.53685,1776223694000
1776223696.114,196.114,0.43,5.0,0.4,5.0,0.61,45.0,0.71,50.0,0.39,45.0,0.29,50.0,0.57,5.0,0.6,5.0,0.18,0.18,616.52,1776223695000
1776223697.175,197.175,0.43,5.0,0.4,5.0,0.61,45.0,0.71,50.0,0.39,45.0,0.29,50.0,0.57,5.0,0.6,5.0,0.18,0.18,616.52,1776223696000
1776223698.288,198.288,0.43,5.0,0.4,5.0,0.61,45.0,0.71,50.0,0.39,45.0,0.29,50.0,0.57,5.0,0.6,5.0,0.18,0.18,616.496,1776223697000
1776223699.311,199.311,0.43,5.0,0.4,5.0,0.61,45.0,0.71,50.0,0.39,45.0,0.29,50.0,0.57,5.0,0.6,5.0,0.18,0.18,616.522,1776223698000
1776223699.85,199.85,0.43,5.0,0.4,5.0,0.61,45.0,0.71,50.0,0.39,45.0,0.29,50.0,0.57,5.0,0.6,5.0,0.18,0.18,616.522,1776223699000
1776223700.877,200.877,0.43,5.0,0.4,5.0,0.61,45.0,0.71,50.0,0.39,45.0,0.29,50.0,0.57,5.0,0.6,5.0,0.18,0.18,616.528,1776223700000
1776223702.014,202.014,0.43,5.0,0.4,5.0,0.61,45.0,0.71,50.0,0.39,45.0,0.29,50.0,0.57,5.0,0.6,5.0,0.18,0.18,616.528,1776223701000
1776223703.094,203.094,0.43,5.0,0.4,5.0,0.61,45.0,0.71,50.0,0.39,45.0,0.29,50.0,0.57,5.0,0.6,5.0,0.18,0.18,616.527,1776223702000
1776223704.096,204.096,0.43,5.0,0.4,5.0,0.61,45.0,0.71,50.0,0.39,45.0,0.29,50.0,0.57,5.0,0.6,5.0,0.18,0.18,616.52656,1776223703000
1776223705.111,205.111,0.43,5.0,0.4,5.0,0.61,45.0,0.71,50.0,0.39,45.0,0.29,50.0,0.57,5.0,0.6,5.0,0.18,0.18,616.49929,1776223704000
1776223706.288,206.288,0.43,5.0,0.4,5.0,0.61,45.0,0.71,50.0,0.39,45.0,0.29,50.0,0.57,5.0,0.6,5.0,0.18,0.18,616.51629,1776223705000
1776223707.867,207.867,0.43,5.0,0.4,5.0,0.61,45.0,0.71,50.0,0.39,45.0,0.29,50.0,0.57,5.0,0.6,5.0,0.18,0.18,616.51817,1776223706000
1776223708.53,208.53,0.43,5.0,0.4,5.0,0.61,45.0,0.71,50.0,0.39,45.0,0.29,50.0,0.57,5.0,0.6,5.0,0.18,0.18,616.49952,1776223707000
1776223709.117,209.117,0.43,5.0,0.4,5.0,0.61,45.0,0.71,50.0,0.39,45.0,0.29,50.0,0.57,5.0,0.6,5.0,0.18,0.18,616.49595,1776223708000
1776223710.542,210.542,0.43,5.0,0.4,5.0,0.61,45.0,0.71,50.0,0.39,45.0,0.29,50.0,0.57,5.0,0.6,5.0,0.18,0.18,616.49626,1776223709000
1776223711.082,211.082,0.43,5.0,0.4,5.0,0.61,45.0,0.71,50.0,0.39,45.0,0.29,50.0,0.57,5.0,0.6,5.0,0.18,0.18,616.50426,1776223710000
1776223712.28,212.28,0.43,5.0,0.4,5.0,0.61,45.0,0.71,50.0,0.39,45.0,0.29,50.0,0.57,5.0,0.6,5.0,0.18,0.18,616.49946,1776223711000
1776223713.462,213.462,0.43,5.0,0.4,5.0,0.61,45.0,0.71,50.0,0.39,45.0,0.29,50.0,0.57,5.0,0.6,5.0,0.18,0.18,616.4997,1776223712000
1776223714.288,214.288,0.43,5.0,0.4,5.0,0.61,45.0,0.71,50.0,0.39,45.0,0.29,50.0,0.57,5.0,0.6,5.0,0.18,0.18,616.50008,1776223713000
1776223714.91,214.91,0.43,5.0,0.4,5.0,0.61,45.0,0.71,50.0,0.39,45.0,0.29,50.0,0.57,5.0,0.6,5.0,0.18,0.18,616.50007,1776223714000
1776223716.072,216.072,0.43,5.0,0.4,5.0,0.61,45.0,0.71,50.0,0.39,45.0,0.29,50.0,0.57,5.0,0.6,5.0,0.18,0.18,616.50028,1776223715000
1776223717.293,217.293,0.43,5.0,0.4,5.0,0.61,45.0,0.71,50.0,0.39,45.0,0.29,50.0,0.57,5.0,0.6,5.0,0.18,0.18,616.50076,1776223716000
1776223718.413,218.413,0.43,5.0,0.4,5.0,0.61,45.0,0.71,50.0,0.39,45.0,0.29,50.0,0.57,5.0,0.6,5.0,0.18,0.18,616.50247,1776223717000
1776223718.982,218.982,0.43,5.0,0.4,5.0,0.61,45.0,0.71,50.0,0.39,45.0,0.29,50.0,0.57,5.0,0.6,5.0,0.18,0.18,616.50699,1776223718000
1776223720.148,220.148,0.43,5.0,0.4,5.0,0.61,45.0,0.71,50.0,0.39,45.0,0.29,50.0,0.57,5.0,0.6,5.0,0.18,0.18,616.52584,1776223719000
1776223721.274,221.274,0.43,5.0,0.4,5.0,0.61,45.0,0.71,50.0,0.39,45.0,0.29,50.0,0.57,5.0,0.6,5.0,0.18,0.18,616.52995,1776223720000
1776223722.762,222.762,0.43,5.0,0.4,5.0,0.61,45.0,0.71,50.0,0.39,45.0,0.29,50.0,0.57,5.0,0.6,5.0,0.18,0.18,616.551791,1776223721000
1776223723.265,223.265,0.43,5.0,0.4,5.0,0.61,45.0,0.71,50.0,0.39,45.0,0.29,50.0,0.57,5.0,0.6,5.0,0.18,0.18,616.540632,1776223722000
1776223724.236,224.236,0.43,5.0,0.4,5.0,0.61,45.0,0.71,50.0,0.39,45.0,0.29,50.0,0.57,5.0,0.6,5.0,0.18,0.18,616.559767,1776223723000
1776223725.334,225.334,0.31,50.0,0.28,7.14,0.4,10.8,0.41,10.7,0.6,10.8,0.59,10.7,0.69,50.0,0.72,7.14,0.09,0.09,616.54841,1776223724000
1776223725.881,225.881,0.31,50.0,0.28,7.14,0.4,10.8,0.41,10.7,0.6,10.8,0.59,10.7,0.69,50.0,0.72,7.14,0.09,0.09,616.54849,1776223725000
1776223726.988,226.988,0.31,50.0,0.28,7.14,0.4,10.8,0.41,10.7,0.6,10.8,0.59,10.7,0.69,50.0,0.72,7.14,0.09,0.09,616.53436,1776223726000
1776223728.046,228.046,0.31,50.0,0.28,7.14,0.4,10.8,0.41,10.7,0.6,10.8,0.59,10.7,0.69,50.0,0.72,7.14,0.09,0.09,616.537792,1776223727000
1776223729.124,229.124,0.31,50.0,0.28,7.14,0.4,10.8,0.41,10.7,0.6,10.8,0.59,10.7,0.69,50.0,0.72,7.14,0.09,0.09,616.539462,1776223728000
1776223730.241,230.241,0.31,50.0,0.28,7.14,0.4,10.8,0.41,10.7,0.6,10.8,0.59,10.7,0.69,50.0,0.72,7.14,0.09,0.09,616.543358,1776223729000
1776223731.31,231.31,0.31,50.0,0.28,7.14,0.4,10.8,0.41,10.7,0.6,10.8,0.59,10.7,0.69,50.0,0.72,7.14,0.09,0.09,616.549953,1776223730000
1776223731.911,231.911,0.31,50.0,0.28,7.14,0.4,10.8,0.41,10.7,0.6,10.8,0.59,10.7,0.69,50.0,0.72,7.14,0.09,0.09,616.549953,1776223731000
1776223732.931,232.931,0.31,50.0,0.28,7.14,0.4,10.8,0.41,10.7,0.6,10.8,0.59,10.7,0.69,50.0,0.72,7.14,0.09,0.09,616.56348,1776223732000
1776223734.098,234.098,0.31,50.0,0.28,7.14,0.4,10.8,0.41,10.7,0.6,10.8,0.59,10.7,0.69,50.0,0.72,7.14,0.09,0.09,616.543917,1776223733000
1776223735.293,235.293,0.31,50.0,0.28,7.14,0.4,10.8,0.41,10.7,0.6,10.8,0.59,10.7,0.69,50.0,0.72,7.14,0.09,0.09,616.550012,1776223734000
1776223736.265,236.265,0.31,50.0,0.28,7.14,0.4,10.8,0.41,10.7,0.6,10.8,0.59,10.7,0.69,50.0,0.72,7.14,0.09,0.09,616.523649,1776223735000
1776223737.32,237.32,0.31,50.0,0.28,7.14,0.4,10.8,0.41,10.7,0.6,10.8,0.59,10.7,0.69,50.0,0.72,7.14,0.09,0.09,616.533,1776223736000
1776223738.487,238.487,0.31,50.0,0.28,7.14,0.4,10.8,0.41,10.7,0.6,10.8,0.59,10.7,0.69,50.0,0.72,7.14,0.09,0.09,616.52,1776223737000
1776223739.114,239.114,0.31,50.0,0.28,7.14,0.4,10.8,0.41,10.7,0.6,10.8,0.59,10.7,0.69,50.0,0.72,7.14,0.09,0.09,616.518,1776223738000
1776223740.799,240.799,0.31,50.0,0.28,7.14,0.4,10.8,0.41,10.7,0.6,10.8,0.59,10.7,0.69,50.0,0.72,7.14,0.09,0.09,616.507675,1776223739000
1776223741.443,241.443,0.31,50.0,0.28,7.14,0.4,10.8,0.41,10.7,0.6,10.8,0.59,10.7,0.69,50.0,0.72,7.14,0.09,0.09,616.49914,1776223740000
1776223742.004,242.004,0.31,50.0,0.28,7.14,0.4,10.8,0.41,10.7,0.6,10.8,0.59,10.7,0.69,50.0,0.72,7.14,0.09,0.09,616.5006,1776223741000
1776223743.137,243.137,0.31,50.0,0.28,7.14,0.4,10.8,0.41,10.7,0.6,10.8,0.59,10.7,0.69,50.0,0.72,7.14,0.09,0.09,616.50098,1776223742000
1776223744.562,244.562,0.31,50.0,0.28,7.14,0.4,10.8,0.41,10.7,0.6,10.8,0.59,10.7,0.69,50.0,0.72,7.14,0.09,0.09,616.50073,1776223743000
1776223745.142,245.142,0.31,50.0,0.28,7.14,0.4,10.8,0.41,10.7,0.6,10.8,0.59,10.7,0.69,50.0,0.72,7.14,0.09,0.09,616.50864,1776223744000
1776223746.82,246.82,0.31,50.0,0.28,7.14,0.4,10.8,0.41,10.7,0.6,10.8,0.59,10.7,0.69,50.0,0.72,7.14,0.09,0.09,616.497808,1776223745000
1776223747.397,247.397,0.31,50.0,0.28,7.14,0.4,10.8,0.41,10.7,0.6,10.8,0.59,10.7,0.69,50.0,0.72,7.14,0.09,0.09,616.49602,1776223746000
1776223748.202,248.202,0.31,50.0,0.28,7.14,0.4,10.8,0.41,10.7,0.6,10.8,0.59,10.7,0.69,50.0,0.72,7.14,0.09,0.09,616.49119,1776223747000
1776223749.91,249.91,0.31,50.0,0.28,7.14,0.4,10.8,0.41,10.7,0.6,10.8,0.59,10.7,0.69,50.0,0.72,7.14,0.09,0.09,616.49132,1776223748000
1776223750.595,250.595,0.31,50.0,0.28,7.14,0.4,10.8,0.41,10.7,0.6,10.8,0.59,10.7,0.69,50.0,0.72,7.14,0.09,0.09,616.488849,1776223749000
1776223751.209,251.209,0.31,50.0,0.28,7.14,0.4,10.8,0.41,10.7,0.6,10.8,0.59,10.7,0.69,50.0,0.72,7.14,0.09,0.09,616.4526,1776223750000
1776223751.478,251.478,0.23,8.69,0.21,50.0,0.3,12.4,0.31,12.2,0.6,10.8,0.59,10.7,0.69,50.0,0.72,7.14,0.07,0.09,616.4526,1776223750000
1776223752.427,252.427,0.23,8.69,0.21,50.0,0.3,12.4,0.31,12.2,0.7,12.4,0.69,12.2,0.77,8.69,0.79,50.0,0.07,0.07,616.446717,1776223751000
1776223753.061,253.061,0.23,8.69,0.21,50.0,0.3,12.4,0.31,12.2,0.7,12.4,0.69,12.2,0.77,8.69,0.79,50.0,0.07,0.07,616.451905,1776223752000
1776223754.181,254.181,0.23,8.69,0.21,50.0,0.3,12.4,0.31,12.2,0.7,12.4,0.69,12.2,0.77,8.69,0.79,50.0,0.07,0.07,616.479582,1776223753000
1776223755.886,255.886,0.23,8.69,0.21,50.0,0.3,12.4,0.31,12.2,0.7,12.4,0.69,12.2,0.77,8.69,0.79,50.0,0.07,0.07,616.479582,1776223754000
1776223756.333,256.333,0.23,8.69,0.21,50.0,0.3,12.4,0.31,12.2,0.7,12.4,0.69,12.2,0.77,8.69,0.79,50.0,0.07,0.07,616.446301,1776223755000
1776223756.578,256.578,0.21,50.0,0.13,23.0,0.24,14.3,0.25,13.9,0.7,12.4,0.69,12.2,0.77,8.69,0.79,50.0,0.03,0.07,616.446301,1776223755000
1776223756.852,256.852,0.21,50.0,0.13,23.0,0.24,14.3,0.25,13.9,0.76,14.3,0.75,13.9,0.79,50.0,0.87,23.0,0.03,0.03,616.49538,1776223756000
1776223757.881,257.881,0.21,44.68,0.13,23.0,0.24,14.3,0.25,13.9,0.76,14.3,0.75,13.9,0.79,44.68,0.87,23.0,0.03,0.03,616.48671,1776223757000
1776223758.918,258.918,0.21,44.68,0.13,23.0,0.24,14.3,0.25,13.9,0.76,14.3,0.75,13.9,0.79,44.68,0.87,23.0,0.03,0.03,616.489241,1776223758000
1776223759.922,259.922,0.11,43.32,0.05,54.7,0.22,15.2,0.23,14.7,0.78,15.2,0.77,14.7,0.89,43.32,0.95,54.7,0.11,0.11,616.50937,1776223759000
1776223760.959,260.959,0.11,43.32,0.05,54.7,0.22,15.2,0.23,14.7,0.78,15.2,0.77,14.7,0.89,43.32,0.95,54.7,0.11,0.11,616.44814,1776223760000
1776223761.924,261.924,0.11,43.32,0.05,54.7,0.22,15.2,0.23,14.7,0.78,15.2,0.77,14.7,0.89,43.32,0.95,54.7,0.11,0.11,616.431,1776223761000
1776223762.91,262.91,0.11,20.84,0.05,54.7,0.15,20.39,0.16,19.3,0.78,15.2,0.77,14.7,0.89,43.32,0.95,54.7,0.04,0.11,616.431,1776223761000
1776223764.019,264.019,0.11,20.84,0.05,54.7,0.15,20.39,0.16,19.3,0.85,20.39,0.84,19.3,0.89,20.84,0.95,54.7,0.04,0.04,616.431,1776223763000
1776223764.943,264.943,0.11,20.84,0.05,54.7,0.15,20.39,0.16,19.3,0.85,20.39,0.84,19.3,0.89,20.84,0.95,54.7,0.04,0.04,616.43,1776223764000
1776223765.993,265.993,0.11,20.84,0.05,54.7,0.15,20.39,0.16,19.3,0.85,20.39,0.84,19.3,0.89,20.84,0.95,54.7,0.04,0.04,616.414947,1776223765000
1776223766.397,266.397,0.11,10.42,0.09,22.22,0.12,24.6,0.13,23.0,0.85,20.39,0.84,19.3,0.89,20.84,0.95,54.7,0.01,0.04,616.414947,1776223765000
1776223766.974,266.974,0.11,10.42,0.09,22.22,0.12,24.6,0.13,23.0,0.88,24.6,0.87,23.0,0.89,10.42,0.91,22.22,0.01,0.01,616.429,1776223766000
1776223767.969,267.969,0.11,10.42,0.09,22.22,0.12,24.6,0.13,23.0,0.88,24.6,0.87,23.0,0.89,10.42,0.91,22.22,0.01,0.01,616.428,1776223767000
1776223769.015,269.015,0.11,10.42,0.09,22.22,0.12,24.6,0.13,23.0,0.88,24.6,0.87,23.0,0.89,10.42,0.91,22.22,0.01,0.01,616.42259,1776223768000
1776223769.955,269.955,0.11,10.42,0.09,22.22,0.12,24.6,0.13,23.0,0.88,24.6,0.87,23.0,0.89,10.42,0.91,22.22,0.01,0.01,616.41621,1776223769000
1776223770.959,270.959,0.11,5.41,0.09,22.22,0.12,24.6,0.13,23.0,0.88,24.6,0.87,23.0,0.89,5.41,0.91,22.22,0.01,0.01,616.41445,1776223770000
1776223772.192,272.192,0.11,5.41,0.09,22.22,0.12,24.6,0.13,23.0,0.88,24.6,0.87,23.0,0.89,5.41,0.91,22.22,0.01,0.01,616.41433,1776223771000
1776223772.418,272.418,0.11,0.35,0.04,72.7,0.12,24.6,0.13,23.0,0.88,24.6,0.87,23.0,0.89,5.41,0.91,22.22,0.01,0.01,616.41433,1776223771000
1776223773.241,273.241,0.11,0.35,0.04,72.7,0.12,24.6,0.13,23.0,0.88,24.6,0.87,23.0,0.89,0.35,0.96,72.7,0.01,0.01,616.41718,1776223772000
1776223774.315,274.315,0.11,0.35,0.04,72.7,0.12,24.6,0.13,23.0,0.88,24.6,0.87,23.0,0.89,0.35,0.96,72.7,0.01,0.01,616.41714,1776223773000
1776223774.885,274.885,0.11,0.35,0.04,72.7,0.12,24.6,0.13,23.0,0.88,24.6,0.87,23.0,0.89,0.35,0.96,72.7,0.01,0.01,616.41718,1776223774000
1776223775.911,275.911,0.11,0.35,0.04,72.7,0.12,24.6,0.13,23.0,0.88,24.6,0.87,23.0,0.89,0.35,0.96,72.7,0.01,0.01,616.41743,1776223775000
1776223776.932,276.932,0.11,0.35,0.04,72.7,0.12,24.6,0.13,23.0,0.88,24.6,0.87,23.0,0.89,0.35,0.96,72.7,0.01,0.01,616.39664,1776223776000
1776223777.922,277.922,0.11,0.35,0.04,72.7,0.12,24.6,0.13,23.0,0.88,24.6,0.87,23.0,0.89,0.35,0.96,72.7,0.01,0.01,616.37577,1776223777000
1776223778.563,278.563,0.01,5445.35,,,0.21,86.0,0.31,50.0,0.88,24.6,0.87,23.0,0.89,0.35,0.96,72.7,0.2,0.01,616.37577,1776223777000
1776223778.968,278.968,0.01,5445.35,,,0.21,86.0,0.31,50.0,0.79,86.0,0.69,50.0,0.99,5445.35,,,0.2,0.2,616.361545,1776223778000
1776223780.0,280.0,0.01,5445.35,,,0.21,86.0,0.31,50.0,0.79,86.0,0.69,50.0,0.99,5445.35,,,0.2,0.2,616.31835,1776223779000
1776223781.106,281.106,0.01,5445.35,,,0.21,86.0,0.31,50.0,0.79,86.0,0.69,50.0,0.99,5445.35,,,0.2,0.2,616.31743,1776223780000
1776223782.789,282.789,0.01,5445.35,,,0.21,86.0,0.31,50.0,0.79,86.0,0.69,50.0,0.99,5445.35,,,0.2,0.2,616.32002,1776223781000
1776223783.988,283.988,0.01,5445.35,,,0.21,86.0,0.31,50.0,0.79,86.0,0.69,50.0,0.99,5445.35,,,0.2,0.2,616.31759,1776223782000
1776223784.684,284.684,0.01,5445.35,,,0.21,86.0,0.31,50.0,0.79,86.0,0.69,50.0,0.99,5445.35,,,0.2,0.2,616.31335,1776223783000
1776223785.601,285.601,0.01,5445.35,,,0.21,86.0,0.31,50.0,0.79,86.0,0.69,50.0,0.99,5445.35,,,0.2,0.2,616.31348,1776223784000
1776223786.271,286.271,0.01,5445.35,,,0.21,86.0,0.31,50.0,0.79,86.0,0.69,50.0,0.99,5445.35,,,0.2,0.2,616.329023,1776223785000
1776223787.012,287.012,0.01,5445.35,,,0.21,86.0,0.31,50.0,0.79,86.0,0.69,50.0,0.99,5445.35,,,0.2,0.2,616.338743,1776223786000
1776223788.436,288.436,0.01,5445.35,,,0.21,86.0,0.31,50.0,0.79,86.0,0.69,50.0,0.99,5445.35,,,0.2,0.2,616.36951,1776223787000
1776223789.067,289.067,0.01,5445.35,,,0.21,86.0,0.31,50.0,0.79,86.0,0.69,50.0,0.99,5445.35,,,0.2,0.2,616.37031,1776223788000
1776223790.593,290.593,0.01,5445.35,,,0.21,86.0,0.31,50.0,0.79,86.0,0.69,50.0,0.99,5445.35,,,0.2,0.2,616.351373,1776223789000
1776223791.376,291.376,0.01,5445.35,,,0.21,86.0,0.31,50.0,0.79,86.0,0.69,50.0,0.99,5445.35,,,0.2,0.2,616.352878,1776223790000
1776223792.13,292.13,0.01,5445.35,,,0.21,86.0,0.31,50.0,0.79,86.0,0.69,50.0,0.99,5445.35,,,0.2,0.2,616.37475,1776223791000
1776223793.592,293.592,0.01,5445.35,,,0.21,86.0,0.31,50.0,0.79,86.0,0.69,50.0,0.99,5445.35,,,0.2,0.2,616.37275,1776223792000
1776223794.313,294.313,0.01,5445.35,,,0.21,86.0,0.31,50.0,0.79,86.0,0.69,50.0,0.99,5445.35,,,0.2,0.2,616.37275,1776223793000
1776223795.064,295.064,0.01,70.35,,,0.11,50.0,0.12,5.0,0.89,50.0,0.88,5.0,0.99,70.35,,,0.1,0.1,616.37129,1776223794000
1776223796.55,296.55,0.01,70.35,,,0.11,50.0,0.12,5.0,0.89,50.0,0.88,5.0,0.99,70.35,,,0.1,0.1,616.37131,1776223795000
1776223797.293,297.293,0.01,70.35,,,0.11,50.0,0.12,5.0,0.89,50.0,0.88,5.0,0.99,70.35,,,0.1,0.1,616.37117,1776223796000
1776223797.655,297.655,0.01,39.01,,,0.11,50.0,0.21,65.0,0.89,50.0,0.79,65.0,0.99,45.09,,,0.1,0.1,616.37117,1776223796000
1776223797.931,297.931,0.01,17.7,,,0.11,50.0,0.21,65.0,0.89,50.0,0.79,65.0,0.99,37.9,,,0.1,0.1,616.37117,1776223796000
1776223798.139,298.139,0.01,17.7,,,0.11,50.0,0.21,65.0,0.89,50.0,0.79,65.0,0.99,17.7,,,0.1,0.1,616.327955,1776223797000
1776223799.093,299.093,,,,,0.01,5.21,0.21,15.0,0.89,50.0,0.79,65.0,0.99,12.65,,,,0.1,616.327955,1776223797000
1776223799.69,299.69,,,,,0.01,5.21,0.21,15.0,0.99,5.21,0.79,15.0,,,,,,,616.329898,1776223798000
1776223800.332,300.332,,,,,0.01,5.21,0.21,15.0,0.99,5.21,0.79,15.0,,,,,,,616.338939,1776223799000
1776223801.018,301.018,,,,,0.01,5.21,0.21,15.0,0.99,5.21,0.79,15.0,,,,,,,616.34511,1776223800000
1776223802.222,302.222,,,,,0.01,5.21,0.21,15.0,0.99,5.21,0.79,15.0,,,,,,,616.35245,1776223801000
1776223802.87,302.87,,,,,0.01,5.21,0.21,15.0,0.99,5.21,0.79,15.0,,,,,,,616.37189,1776223802000

# RESULT,winner=Down,slug=bnb-updown-5m-1776223500,ticks=305
