timestamp,elapsed_sec,up_bid_p1,up_bid_s1,up_bid_p2,up_bid_s2,up_ask_p1,up_ask_s1,up_ask_p2,up_ask_s2,down_bid_p1,down_bid_s1,down_bid_p2,down_bid_s2,down_ask_p1,down_ask_s1,down_ask_p2,down_ask_s2,up_spread,down_spread,bnb_price,bnb_oracle_ts
1776252300.545,0.545,0.41,37.0,0.4,33.0,0.49,5.0,0.59,37.0,0.51,5.0,0.41,37.0,0.59,37.0,0.6,33.0,0.08,0.08,618.34185,1776252299000
1776252301.07,1.07,0.41,37.0,0.4,33.0,0.49,5.0,0.59,37.0,0.51,5.0,0.41,37.0,0.59,37.0,0.6,33.0,0.08,0.08,618.35487,1776252300000
1776252302.066,2.066,0.41,37.0,0.4,33.0,0.49,5.0,0.59,37.0,0.51,5.0,0.41,37.0,0.59,37.0,0.6,33.0,0.08,0.08,618.36137,1776252301000
1776252303.09,3.09,0.41,37.0,0.4,33.0,0.49,5.0,0.59,37.0,0.51,5.0,0.41,37.0,0.59,37.0,0.6,33.0,0.08,0.08,618.3598,1776252302000
1776252304.133,4.133,0.41,37.0,0.4,33.0,0.49,5.0,0.59,37.0,0.51,5.0,0.41,37.0,0.59,37.0,0.6,33.0,0.08,0.08,618.299901,1776252303000
1776252305.114,5.114,0.41,37.0,0.4,33.0,0.49,5.0,0.59,37.0,0.51,5.0,0.41,37.0,0.59,37.0,0.6,33.0,0.08,0.08,618.305321,1776252304000
1776252306.207,6.207,0.41,37.0,0.4,33.0,0.49,5.0,0.59,37.0,0.51,5.0,0.41,37.0,0.59,37.0,0.6,33.0,0.08,0.08,618.36094,1776252305000
1776252307.742,7.742,0.41,37.0,0.4,33.0,0.49,5.0,0.59,37.0,0.51,5.0,0.41,37.0,0.59,37.0,0.6,33.0,0.08,0.08,618.35733,1776252306000
1776252308.294,8.294,0.41,37.0,0.4,33.0,0.49,5.0,0.59,37.0,0.51,5.0,0.41,37.0,0.59,37.0,0.6,33.0,0.08,0.08,618.344864,1776252307000
1776252309.384,9.384,0.41,37.0,0.4,33.0,0.49,5.0,0.59,37.0,0.51,5.0,0.41,37.0,0.59,37.0,0.6,33.0,0.08,0.08,618.349387,1776252308000
1776252310.272,10.272,0.41,37.0,0.4,33.0,0.49,5.0,0.59,37.0,0.51,5.0,0.41,37.0,0.59,37.0,0.6,33.0,0.08,0.08,618.35572,1776252309000
1776252311.35,11.35,0.41,37.0,0.4,33.0,0.49,5.0,0.59,37.0,0.51,5.0,0.41,37.0,0.59,37.0,0.6,33.0,0.08,0.08,618.336424,1776252310000
1776252312.294,12.294,0.41,37.0,0.4,33.0,0.49,5.0,0.59,37.0,0.51,5.0,0.41,37.0,0.59,37.0,0.6,33.0,0.08,0.08,618.333326,1776252311000
1776252312.777,12.777,0.46,15.0,0.43,5.0,0.48,5.0,0.49,5.0,0.51,5.0,0.41,37.0,0.59,37.0,0.6,33.0,0.02,0.08,618.333326,1776252311000
1776252313.372,13.372,0.46,15.0,0.43,5.0,0.48,5.0,0.49,5.0,0.52,5.0,0.51,5.0,0.54,15.0,0.57,5.0,0.02,0.02,618.32792,1776252312000
1776252314.427,14.427,0.46,15.0,0.43,5.0,0.48,5.0,0.49,5.0,0.52,5.0,0.51,5.0,0.54,15.0,0.57,5.0,0.02,0.02,618.33759,1776252313000
1776252314.847,14.847,0.46,15.0,0.43,5.0,0.48,5.0,0.49,5.0,0.52,5.0,0.51,5.0,0.54,15.0,0.57,5.0,0.02,0.02,618.33066,1776252314000
1776252315.866,15.866,0.46,15.0,0.43,5.0,0.48,5.0,0.49,5.0,0.52,5.0,0.51,5.0,0.54,15.0,0.57,5.0,0.02,0.02,618.33066,1776252315000
1776252316.835,16.835,0.46,15.0,0.43,5.0,0.48,5.0,0.49,5.0,0.52,5.0,0.51,5.0,0.54,15.0,0.57,5.0,0.02,0.02,618.33816,1776252316000
1776252317.829,17.829,0.46,15.0,0.43,5.0,0.48,5.0,0.49,5.0,0.52,5.0,0.51,5.0,0.54,15.0,0.57,5.0,0.02,0.02,618.33819,1776252317000
1776252318.882,18.882,0.46,15.0,0.43,5.0,0.48,5.0,0.49,5.0,0.52,5.0,0.51,5.0,0.54,15.0,0.57,5.0,0.02,0.02,618.33339,1776252318000
1776252319.812,19.812,0.46,15.0,0.43,5.0,0.48,5.0,0.49,5.0,0.52,5.0,0.51,5.0,0.54,15.0,0.57,5.0,0.02,0.02,618.34132,1776252319000
1776252321.126,21.126,0.46,1.48,0.45,5.0,0.47,5.0,0.48,5.0,0.52,5.0,0.51,5.0,0.54,15.0,0.57,5.0,0.01,0.02,618.34132,1776252319000
1776252321.386,21.386,0.46,1.48,0.45,5.0,0.47,5.0,0.48,5.0,0.53,5.0,0.52,5.0,0.54,1.48,0.55,5.0,0.01,0.01,618.34136,1776252320000
1776252321.848,21.848,0.46,1.48,0.45,5.0,0.47,5.0,0.48,5.0,0.53,5.0,0.52,5.0,0.54,1.48,0.55,5.0,0.01,0.01,618.34112,1776252321000
1776252322.913,22.913,0.46,1.48,0.45,5.0,0.47,5.0,0.48,5.0,0.53,5.0,0.52,5.0,0.54,1.48,0.55,5.0,0.01,0.01,618.34433,1776252322000
1776252324.0,24.0,0.46,1.48,0.45,5.0,0.47,5.0,0.48,5.0,0.53,5.0,0.52,5.0,0.54,1.48,0.55,5.0,0.01,0.01,618.35597,1776252323000
1776252324.985,24.985,0.46,1.48,0.45,5.0,0.47,5.0,0.48,5.0,0.53,5.0,0.52,5.0,0.54,1.48,0.55,5.0,0.01,0.01,618.35223,1776252324000
1776252326.116,26.116,0.46,1.48,0.45,5.0,0.47,5.0,0.48,5.0,0.53,5.0,0.52,5.0,0.54,1.48,0.55,5.0,0.01,0.01,618.35204,1776252325000
1776252327.119,27.119,0.46,1.48,0.45,5.0,0.47,5.0,0.48,5.0,0.53,5.0,0.52,5.0,0.54,1.48,0.55,5.0,0.01,0.01,618.3524,1776252326000
1776252328.217,28.217,0.46,1.48,0.45,5.0,0.47,5.0,0.48,5.0,0.53,5.0,0.52,5.0,0.54,1.48,0.55,5.0,0.01,0.01,618.347469,1776252327000
1776252329.396,29.396,0.46,1.48,0.45,5.0,0.47,5.0,0.48,5.0,0.53,5.0,0.52,5.0,0.54,1.48,0.55,5.0,0.01,0.01,618.35498,1776252328000
1776252330.358,30.358,0.46,1.48,0.45,5.0,0.47,5.0,0.48,5.0,0.53,5.0,0.52,5.0,0.54,1.48,0.55,5.0,0.01,0.01,618.35871,1776252329000
1776252330.864,30.864,0.46,1.48,0.45,5.0,0.47,5.0,0.48,5.0,0.53,5.0,0.52,5.0,0.54,1.48,0.55,5.0,0.01,0.01,618.35871,1776252330000
1776252331.943,31.943,0.46,1.48,0.45,5.0,0.47,5.0,0.48,5.0,0.53,5.0,0.52,5.0,0.54,1.48,0.55,5.0,0.01,0.01,618.340929,1776252331000
1776252332.818,32.818,0.44,3.21,0.41,5.0,0.45,5.0,0.46,5.0,0.53,5.0,0.52,5.0,0.54,1.48,0.55,5.0,0.01,0.01,618.340929,1776252331000
1776252333.119,33.119,0.44,3.21,0.41,5.0,0.45,5.0,0.46,5.0,0.55,5.0,0.54,5.0,0.56,3.21,0.59,5.0,0.01,0.01,618.35767,1776252332000
1776252334.557,34.557,0.39,10.0,0.38,10.0,0.41,5.0,0.42,5.0,0.59,5.0,0.58,5.0,0.61,10.0,0.62,10.0,0.02,0.02,618.32506,1776252333000
1776252335.096,35.096,0.39,10.0,0.38,10.0,0.41,5.0,0.42,5.0,0.59,5.0,0.58,5.0,0.61,10.0,0.62,10.0,0.02,0.02,618.277117,1776252334000
1776252336.194,36.194,0.39,10.0,0.38,10.0,0.41,5.0,0.42,5.0,0.59,5.0,0.58,5.0,0.61,10.0,0.62,10.0,0.02,0.02,618.289097,1776252335000
1776252337.557,37.557,0.39,10.0,0.38,10.0,0.41,5.0,0.42,5.0,0.59,5.0,0.58,5.0,0.61,10.0,0.62,10.0,0.02,0.02,618.242,1776252336000
1776252338.047,38.047,0.39,10.0,0.38,10.0,0.41,5.0,0.42,5.0,0.59,5.0,0.58,5.0,0.61,10.0,0.62,10.0,0.02,0.02,618.285,1776252337000
1776252339.169,39.169,0.39,10.0,0.38,10.0,0.41,5.0,0.42,5.0,0.59,5.0,0.58,5.0,0.61,10.0,0.62,10.0,0.02,0.02,618.285,1776252338000
1776252340.562,40.562,0.39,10.0,0.38,10.0,0.41,5.0,0.42,5.0,0.59,5.0,0.58,5.0,0.61,10.0,0.62,10.0,0.02,0.02,618.291,1776252339000
1776252341.164,41.164,0.39,10.0,0.38,10.0,0.41,5.0,0.42,5.0,0.59,5.0,0.58,5.0,0.61,10.0,0.62,10.0,0.02,0.02,618.291,1776252340000
1776252342.173,42.173,0.39,10.0,0.38,10.0,0.41,5.0,0.42,5.0,0.59,5.0,0.58,5.0,0.61,10.0,0.62,10.0,0.02,0.02,618.302,1776252341000
1776252343.417,43.417,0.39,10.0,0.38,10.0,0.41,5.0,0.42,5.0,0.59,5.0,0.58,5.0,0.61,10.0,0.62,10.0,0.02,0.02,618.27322,1776252342000
1776252343.981,43.981,0.41,5.0,0.4,5.0,0.44,5.0,0.45,5.0,0.56,5.0,0.55,5.0,0.59,5.0,0.6,5.0,0.03,0.03,618.254363,1776252343000
1776252345.05,45.05,0.41,5.0,0.4,5.0,0.44,5.0,0.45,5.0,0.56,5.0,0.55,5.0,0.59,5.0,0.6,5.0,0.03,0.03,618.265629,1776252344000
1776252346.135,46.135,0.41,5.0,0.4,5.0,0.44,5.0,0.45,5.0,0.56,5.0,0.55,5.0,0.59,5.0,0.6,5.0,0.03,0.03,618.294,1776252345000
1776252347.317,47.317,0.41,5.0,0.4,5.0,0.44,5.0,0.45,5.0,0.56,5.0,0.55,5.0,0.59,5.0,0.6,5.0,0.03,0.03,618.287131,1776252346000
1776252348.393,48.393,0.41,5.0,0.4,5.0,0.44,5.0,0.45,5.0,0.56,5.0,0.55,5.0,0.59,5.0,0.6,5.0,0.03,0.03,618.326,1776252347000
1776252349.376,49.376,0.41,5.0,0.4,5.0,0.44,5.0,0.45,5.0,0.56,5.0,0.55,5.0,0.59,5.0,0.6,5.0,0.03,0.03,618.3,1776252348000
1776252350.259,50.259,0.41,5.0,0.4,5.0,0.44,5.0,0.45,5.0,0.56,5.0,0.55,5.0,0.59,5.0,0.6,5.0,0.03,0.03,618.3,1776252349000
1776252351.973,51.973,0.41,5.0,0.4,5.0,0.44,5.0,0.45,5.0,0.56,5.0,0.55,5.0,0.59,5.0,0.6,5.0,0.03,0.03,618.283876,1776252350000
1776252352.543,52.543,0.41,5.0,0.4,5.0,0.44,5.0,0.45,5.0,0.56,5.0,0.55,5.0,0.59,5.0,0.6,5.0,0.03,0.03,618.291253,1776252351000
1776252353.519,53.519,0.41,5.0,0.4,5.0,0.44,5.0,0.45,5.0,0.56,5.0,0.55,5.0,0.59,5.0,0.6,5.0,0.03,0.03,618.299,1776252352000
1776252353.964,53.964,0.41,5.0,0.4,5.0,0.44,5.0,0.45,5.0,0.56,5.0,0.55,5.0,0.59,5.0,0.6,5.0,0.03,0.03,618.296,1776252353000
1776252355.426,55.426,0.41,5.0,0.4,5.0,0.44,5.0,0.45,5.0,0.56,5.0,0.55,5.0,0.59,5.0,0.6,5.0,0.03,0.03,618.292,1776252354000
1776252356.064,56.064,0.41,5.0,0.4,5.0,0.44,5.0,0.45,5.0,0.56,5.0,0.55,5.0,0.59,5.0,0.6,5.0,0.03,0.03,618.292,1776252355000
1776252357.509,57.509,0.41,5.0,0.4,5.0,0.44,5.0,0.45,5.0,0.56,5.0,0.55,5.0,0.59,5.0,0.6,5.0,0.03,0.03,618.264255,1776252356000
1776252358.27,58.27,0.41,5.0,0.4,5.0,0.44,5.0,0.45,5.0,0.56,5.0,0.55,5.0,0.59,5.0,0.6,5.0,0.03,0.03,618.239625,1776252357000
1776252359.508,59.508,0.41,5.0,0.4,5.0,0.44,5.0,0.45,5.0,0.56,5.0,0.55,5.0,0.59,5.0,0.6,5.0,0.03,0.03,618.282724,1776252358000
1776252360.146,60.146,0.41,5.0,0.4,5.0,0.44,5.0,0.45,5.0,0.56,5.0,0.55,5.0,0.59,5.0,0.6,5.0,0.03,0.03,618.285756,1776252359000
1776252361.604,61.604,0.41,5.0,0.4,5.0,0.44,5.0,0.45,5.0,0.56,5.0,0.55,5.0,0.59,5.0,0.6,5.0,0.03,0.03,618.250172,1776252360000
1776252362.209,62.209,0.41,5.0,0.4,5.0,0.44,5.0,0.45,5.0,0.56,5.0,0.55,5.0,0.59,5.0,0.6,5.0,0.03,0.03,618.249548,1776252361000
1776252363.591,63.591,0.41,5.0,0.4,5.0,0.44,5.0,0.45,5.0,0.56,5.0,0.55,5.0,0.59,5.0,0.6,5.0,0.03,0.03,618.2355,1776252362000
1776252363.847,63.847,0.37,5.0,0.36,5.0,0.39,5.0,0.4,5.0,0.56,5.0,0.55,5.0,0.59,5.0,0.6,5.0,0.02,0.03,618.2355,1776252362000
1776252364.245,64.245,0.37,5.0,0.36,5.0,0.39,5.0,0.4,5.0,0.61,5.0,0.6,5.0,0.63,5.0,0.64,5.0,0.02,0.02,618.234255,1776252363000
1776252364.447,64.447,0.37,5.0,0.36,5.0,0.4,5.0,0.41,5.0,0.61,5.0,0.6,5.0,0.63,5.0,0.64,5.0,0.03,0.02,618.234255,1776252363000
1776252365.714,65.714,0.37,5.0,0.36,5.0,0.4,5.0,0.41,5.0,0.6,5.0,0.59,5.0,0.63,5.0,0.64,5.0,0.03,0.03,618.239103,1776252364000
1776252366.475,66.475,0.37,5.0,0.36,5.0,0.4,5.0,0.41,5.0,0.6,5.0,0.59,5.0,0.63,5.0,0.64,5.0,0.03,0.03,618.234193,1776252365000
1776252367.059,67.059,0.33,10.0,0.32,10.0,0.36,5.0,0.37,5.0,0.6,5.0,0.59,5.0,0.63,5.0,0.64,5.0,0.03,0.03,618.234193,1776252365000
1776252367.651,67.651,0.33,10.0,0.32,10.0,0.36,5.0,0.37,5.0,0.64,5.0,0.63,5.0,0.67,10.0,0.68,10.0,0.03,0.03,618.227618,1776252366000
1776252368.368,68.368,0.33,10.0,0.32,10.0,0.36,5.0,0.37,5.0,0.64,5.0,0.63,5.0,0.67,10.0,0.68,10.0,0.03,0.03,618.266191,1776252367000
1776252369.215,69.215,0.33,10.0,0.32,10.0,0.36,5.0,0.37,5.0,0.64,5.0,0.63,5.0,0.67,10.0,0.68,10.0,0.03,0.03,618.231058,1776252368000
1776252369.488,69.488,0.39,5.0,0.38,5.0,0.42,5.0,0.43,5.0,0.64,5.0,0.63,5.0,0.67,10.0,0.68,10.0,0.03,0.03,618.231058,1776252368000
1776252370.26,70.26,0.39,5.0,0.38,5.0,0.42,5.0,0.43,5.0,0.58,5.0,0.57,5.0,0.61,5.0,0.62,5.0,0.03,0.03,618.256895,1776252369000
1776252371.245,71.245,0.39,5.0,0.38,5.0,0.42,5.0,0.43,5.0,0.58,5.0,0.57,5.0,0.61,5.0,0.62,5.0,0.03,0.03,618.296,1776252370000
1776252372.254,72.254,0.39,5.0,0.38,5.0,0.42,5.0,0.43,5.0,0.58,5.0,0.57,5.0,0.61,5.0,0.62,5.0,0.03,0.03,618.289464,1776252371000
1776252373.653,73.653,0.39,5.0,0.38,5.0,0.42,5.0,0.43,5.0,0.58,5.0,0.57,5.0,0.61,5.0,0.62,5.0,0.03,0.03,618.31573,1776252372000
1776252374.265,74.265,0.39,5.0,0.38,5.0,0.42,5.0,0.43,5.0,0.58,5.0,0.57,5.0,0.61,5.0,0.62,5.0,0.03,0.03,618.311553,1776252373000
1776252375.432,75.432,0.39,5.0,0.38,5.0,0.42,5.0,0.43,5.0,0.58,5.0,0.57,5.0,0.61,5.0,0.62,5.0,0.03,0.03,618.312225,1776252374000
1776252375.995,75.995,0.39,5.0,0.38,5.0,0.42,5.0,0.43,5.0,0.58,5.0,0.57,5.0,0.61,5.0,0.62,5.0,0.03,0.03,618.31671,1776252375000
1776252377.032,77.032,0.39,5.0,0.38,5.0,0.42,5.0,0.43,5.0,0.58,5.0,0.57,5.0,0.61,5.0,0.62,5.0,0.03,0.03,618.31567,1776252376000
1776252378.07,78.07,0.39,5.0,0.38,5.0,0.42,5.0,0.43,5.0,0.58,5.0,0.57,5.0,0.61,5.0,0.62,5.0,0.03,0.03,618.30776,1776252377000
1776252379.078,79.078,0.39,5.0,0.38,5.0,0.42,5.0,0.43,5.0,0.58,5.0,0.57,5.0,0.61,5.0,0.62,5.0,0.03,0.03,618.31672,1776252378000
1776252379.666,79.666,0.41,5.0,0.4,10.0,0.42,3.28,0.43,5.0,0.59,0.9,0.58,5.0,0.6,10.0,0.61,10.0,0.01,0.01,618.31672,1776252378000
1776252380.426,80.426,0.41,5.0,0.4,10.0,0.42,3.28,0.43,5.0,0.58,3.28,0.57,5.0,0.59,5.0,0.6,10.0,0.01,0.01,618.349,1776252379000
1776252380.982,80.982,0.41,5.0,0.4,10.0,0.42,3.28,0.43,5.0,0.58,3.28,0.57,5.0,0.59,5.0,0.6,10.0,0.01,0.01,618.36154,1776252380000
1776252382.052,82.052,0.42,5.0,0.41,5.0,0.45,0.18,0.46,5.0,0.58,3.28,0.57,5.0,0.59,5.0,0.6,10.0,0.03,0.01,618.36154,1776252380000
1776252383.454,83.454,0.42,5.0,0.41,5.0,0.45,0.18,0.46,5.0,0.55,0.18,0.54,5.0,0.58,5.0,0.59,5.0,0.03,0.03,618.359061,1776252382000
1776252383.958,83.958,0.42,5.0,0.41,5.0,0.45,0.18,0.46,5.0,0.55,0.18,0.54,5.0,0.58,5.0,0.59,5.0,0.03,0.03,618.35331,1776252383000
1776252385.069,85.069,0.42,5.0,0.41,5.0,0.45,0.18,0.46,5.0,0.55,0.18,0.54,5.0,0.58,5.0,0.59,5.0,0.03,0.03,618.35336,1776252384000
1776252386.296,86.296,0.42,5.0,0.41,5.0,0.45,0.18,0.46,5.0,0.55,0.18,0.54,5.0,0.58,5.0,0.59,5.0,0.03,0.03,618.34086,1776252385000
1776252386.901,86.901,0.42,5.0,0.41,5.0,0.45,0.18,0.46,5.0,0.55,0.18,0.54,5.0,0.58,5.0,0.59,5.0,0.03,0.03,618.34606,1776252386000
1776252388.084,88.084,0.42,5.0,0.41,5.0,0.45,0.18,0.46,5.0,0.55,0.18,0.54,5.0,0.58,5.0,0.59,5.0,0.03,0.03,618.346332,1776252387000
1776252389.176,89.176,0.42,5.0,0.41,5.0,0.45,0.18,0.46,5.0,0.55,0.18,0.54,5.0,0.58,5.0,0.59,5.0,0.03,0.03,618.325171,1776252388000
1776252390.38,90.38,0.42,5.0,0.41,5.0,0.45,0.18,0.46,5.0,0.55,0.18,0.54,5.0,0.58,5.0,0.59,5.0,0.03,0.03,618.340879,1776252389000
1776252390.964,90.964,0.42,5.0,0.41,5.0,0.45,0.18,0.46,5.0,0.55,0.18,0.54,5.0,0.58,5.0,0.59,5.0,0.03,0.03,618.340879,1776252390000
1776252392.119,92.119,0.42,5.0,0.41,5.0,0.45,0.18,0.46,5.0,0.55,0.18,0.54,5.0,0.58,5.0,0.59,5.0,0.03,0.03,618.40736,1776252391000
1776252393.439,93.439,0.42,5.0,0.41,5.0,0.45,0.18,0.46,5.0,0.55,0.18,0.54,5.0,0.58,5.0,0.59,5.0,0.03,0.03,618.40814,1776252392000
1776252393.66,93.66,0.51,5.0,0.5,5.0,0.54,15.0,0.55,5.0,0.47,5.0,0.46,15.0,0.49,5.0,0.5,5.0,0.03,0.02,618.40814,1776252392000
1776252393.989,93.989,0.51,5.0,0.5,5.0,0.54,15.0,0.55,5.0,0.46,15.0,0.45,5.0,0.49,5.0,0.5,5.0,0.03,0.03,618.40788,1776252393000
1776252395.056,95.056,0.51,5.0,0.5,5.0,0.54,15.0,0.55,5.0,0.46,15.0,0.45,5.0,0.49,5.0,0.5,5.0,0.03,0.03,618.409,1776252394000
1776252396.179,96.179,0.51,5.0,0.5,5.0,0.54,15.0,0.55,5.0,0.46,15.0,0.45,5.0,0.49,5.0,0.5,5.0,0.03,0.03,618.41029,1776252395000
1776252397.167,97.167,0.51,5.0,0.5,5.0,0.54,15.0,0.55,5.0,0.46,15.0,0.45,5.0,0.49,5.0,0.5,5.0,0.03,0.03,618.41502,1776252396000
1776252397.5,97.5,0.53,5.0,0.52,15.4,0.54,3.16,0.59,5.0,0.46,15.0,0.45,5.0,0.49,5.0,0.5,5.0,0.01,0.03,618.41502,1776252396000
1776252397.985,97.985,0.57,5.0,0.56,5.0,0.59,3.3,0.6,5.0,0.41,5.0,0.4,5.0,0.46,6.4,0.47,5.0,0.02,0.05,618.41502,1776252396000
1776252398.344,98.344,0.57,5.0,0.56,5.0,0.59,3.3,0.6,5.0,0.41,3.3,0.4,5.0,0.43,5.0,0.44,5.0,0.02,0.02,618.41881,1776252397000
1776252399.356,99.356,0.57,5.0,0.56,5.0,0.59,3.3,0.6,5.0,0.41,3.3,0.4,5.0,0.43,5.0,0.44,5.0,0.02,0.02,618.4036,1776252398000
1776252400.355,100.355,0.57,5.0,0.56,5.0,0.59,3.3,0.6,5.0,0.41,3.3,0.4,5.0,0.43,5.0,0.44,5.0,0.02,0.02,618.40226,1776252399000
1776252400.929,100.929,0.57,5.0,0.56,5.0,0.6,5.0,0.61,5.0,0.4,5.0,0.39,5.0,0.43,5.0,0.44,5.0,0.03,0.03,618.39717,1776252400000
1776252401.89,101.89,0.57,5.0,0.56,5.0,0.6,5.0,0.61,5.0,0.4,5.0,0.39,5.0,0.43,5.0,0.44,5.0,0.03,0.03,618.39539,1776252401000
1776252402.931,102.931,0.57,5.0,0.56,5.0,0.6,5.0,0.61,5.0,0.4,5.0,0.39,5.0,0.43,5.0,0.44,5.0,0.03,0.03,618.446883,1776252402000
1776252403.147,103.147,0.58,5.0,0.57,15.6,0.61,5.0,0.62,5.0,0.4,5.0,0.39,5.0,0.43,5.0,0.44,5.0,0.03,0.03,618.446883,1776252402000
1776252404.107,104.107,0.58,5.0,0.57,15.6,0.61,5.0,0.62,5.0,0.39,5.0,0.38,5.0,0.42,5.0,0.43,15.6,0.03,0.03,618.408657,1776252403000
1776252405.181,105.181,0.58,5.0,0.57,15.6,0.61,5.0,0.62,5.0,0.39,5.0,0.38,5.0,0.42,5.0,0.43,15.6,0.03,0.03,618.40608,1776252404000
1776252406.18,106.18,0.58,5.0,0.57,15.6,0.61,5.0,0.62,5.0,0.39,5.0,0.38,5.0,0.42,5.0,0.43,15.6,0.03,0.03,618.406171,1776252405000
1776252407.187,107.187,0.58,5.0,0.57,15.6,0.61,5.0,0.62,5.0,0.39,5.0,0.38,5.0,0.42,5.0,0.43,15.6,0.03,0.03,618.409524,1776252406000
1776252408.316,108.316,0.58,5.0,0.57,15.6,0.61,5.0,0.62,5.0,0.39,5.0,0.38,5.0,0.42,5.0,0.43,15.6,0.03,0.03,618.384587,1776252407000
1776252409.503,109.503,0.58,5.0,0.57,15.6,0.61,5.0,0.62,5.0,0.39,5.0,0.38,5.0,0.42,5.0,0.43,15.6,0.03,0.03,618.409406,1776252408000
1776252410.758,110.758,0.59,5.0,0.58,5.0,0.62,5.0,0.63,5.0,0.39,5.0,0.38,5.0,0.42,5.0,0.43,15.6,0.03,0.03,618.409406,1776252408000
1776252411.713,111.713,0.59,5.0,0.58,5.0,0.62,5.0,0.63,5.0,0.38,5.0,0.37,5.0,0.41,5.0,0.42,5.0,0.03,0.03,618.40912,1776252410000
1776252412.678,112.678,0.59,5.0,0.58,5.0,0.62,5.0,0.63,5.0,0.38,5.0,0.37,5.0,0.41,5.0,0.42,5.0,0.03,0.03,618.437379,1776252411000
1776252413.404,113.404,0.59,5.0,0.58,5.0,0.62,5.0,0.63,5.0,0.38,5.0,0.37,5.0,0.41,5.0,0.42,5.0,0.03,0.03,618.437379,1776252412000
1776252414.662,114.662,0.59,5.0,0.58,5.0,0.62,5.0,0.63,5.0,0.38,5.0,0.37,5.0,0.41,5.0,0.42,5.0,0.03,0.03,618.46614,1776252413000
1776252415.232,115.232,0.59,5.0,0.58,5.0,0.62,5.0,0.63,5.0,0.38,5.0,0.37,5.0,0.41,5.0,0.42,5.0,0.03,0.03,618.423433,1776252414000
1776252416.553,116.553,0.59,5.0,0.58,5.0,0.62,5.0,0.63,5.0,0.38,5.0,0.37,5.0,0.41,5.0,0.42,5.0,0.03,0.03,618.423024,1776252415000
1776252417.167,117.167,0.59,5.0,0.58,5.0,0.62,5.0,0.63,5.0,0.38,5.0,0.37,5.0,0.41,5.0,0.42,5.0,0.03,0.03,618.47422,1776252416000
1776252418.547,118.547,0.59,5.0,0.58,5.0,0.62,5.0,0.63,5.0,0.38,5.0,0.37,5.0,0.41,5.0,0.42,5.0,0.03,0.03,618.443429,1776252417000
1776252419.021,119.021,0.65,5.0,0.64,5.0,0.68,5.0,0.69,5.0,0.38,5.0,0.37,5.0,0.41,5.0,0.42,5.0,0.03,0.03,618.443429,1776252417000
1776252420.617,120.617,0.65,5.0,0.64,5.0,0.68,5.0,0.69,5.0,0.32,5.0,0.31,5.0,0.35,5.0,0.36,5.0,0.03,0.03,618.44359,1776252419000
1776252421.26,121.26,0.65,5.0,0.64,5.0,0.68,5.0,0.69,5.0,0.32,5.0,0.31,5.0,0.35,5.0,0.36,5.0,0.03,0.03,618.44371,1776252420000
1776252422.192,122.192,0.65,5.0,0.64,5.0,0.68,5.0,0.69,5.0,0.32,5.0,0.31,5.0,0.35,5.0,0.36,5.0,0.03,0.03,618.44278,1776252421000
1776252423.588,123.588,0.65,5.0,0.64,5.0,0.68,5.0,0.69,5.0,0.32,5.0,0.31,5.0,0.35,5.0,0.36,5.0,0.03,0.03,618.444235,1776252422000
1776252424.379,124.379,0.65,5.0,0.64,5.0,0.68,5.0,0.69,5.0,0.32,5.0,0.31,5.0,0.35,5.0,0.36,5.0,0.03,0.03,618.46086,1776252423000
1776252425.455,125.455,0.65,5.0,0.64,5.0,0.68,5.0,0.69,5.0,0.32,5.0,0.31,5.0,0.35,5.0,0.36,5.0,0.03,0.03,618.48051,1776252424000
1776252426.139,126.139,0.65,5.0,0.64,5.0,0.68,5.0,0.69,5.0,0.32,5.0,0.31,5.0,0.35,5.0,0.36,5.0,0.03,0.03,618.462011,1776252425000
1776252426.489,126.489,0.75,5.0,0.74,5.0,0.77,5.0,0.78,5.0,0.32,5.0,0.31,5.0,0.35,5.0,0.36,5.0,0.02,0.03,618.462011,1776252425000
1776252427.583,127.583,0.75,5.0,0.74,5.0,0.77,5.0,0.78,5.0,0.23,5.0,0.22,5.0,0.25,5.0,0.26,5.0,0.02,0.02,618.455037,1776252426000
1776252428.132,128.132,0.75,5.0,0.74,5.0,0.77,5.0,0.78,5.0,0.23,5.0,0.22,5.0,0.25,5.0,0.26,5.0,0.02,0.02,618.47361,1776252427000
1776252429.223,129.223,0.75,5.0,0.74,5.0,0.77,5.0,0.78,5.0,0.23,5.0,0.22,5.0,0.25,5.0,0.26,5.0,0.02,0.02,618.447988,1776252428000
1776252430.153,130.153,0.75,5.0,0.74,5.0,0.77,5.0,0.78,5.0,0.23,5.0,0.22,5.0,0.25,5.0,0.26,5.0,0.02,0.02,618.52858,1776252429000
1776252431.103,131.103,0.75,5.0,0.74,5.0,0.77,5.0,0.78,5.0,0.23,5.0,0.22,5.0,0.25,5.0,0.26,5.0,0.02,0.02,618.523,1776252430000
1776252432.152,132.152,0.75,5.0,0.74,5.0,0.77,5.0,0.78,5.0,0.23,5.0,0.22,5.0,0.25,5.0,0.26,5.0,0.02,0.02,618.59926,1776252431000
1776252433.137,133.137,0.75,5.0,0.74,5.0,0.77,5.0,0.78,5.0,0.23,5.0,0.22,5.0,0.25,5.0,0.26,5.0,0.02,0.02,618.60064,1776252432000
1776252434.227,134.227,0.75,5.0,0.74,5.0,0.77,5.0,0.78,5.0,0.23,5.0,0.22,5.0,0.25,5.0,0.26,5.0,0.02,0.02,618.617238,1776252433000
1776252434.544,134.544,0.85,5.0,0.84,5.0,0.87,5.0,0.88,5.0,0.23,5.0,0.22,5.0,0.25,5.0,0.26,5.0,0.02,0.02,618.617238,1776252433000
1776252435.131,135.131,0.85,5.0,0.84,5.0,0.87,5.0,0.88,5.0,0.13,5.0,0.12,5.0,0.15,5.0,0.16,5.0,0.02,0.02,618.613706,1776252434000
1776252436.232,136.232,0.85,5.0,0.84,5.0,0.87,5.0,0.88,5.0,0.13,5.0,0.12,5.0,0.15,5.0,0.16,5.0,0.02,0.02,618.602958,1776252435000
1776252437.297,137.297,0.85,5.0,0.84,5.0,0.87,5.0,0.88,5.0,0.13,5.0,0.12,5.0,0.15,5.0,0.16,5.0,0.02,0.02,618.603479,1776252436000
1776252438.171,138.171,0.83,5.0,0.82,5.0,0.86,5.0,0.87,5.0,0.14,5.0,0.13,5.0,0.17,5.0,0.18,5.0,0.03,0.03,618.604092,1776252437000
1776252439.119,139.119,0.83,5.0,0.82,5.0,0.86,5.0,0.87,5.0,0.14,5.0,0.13,5.0,0.17,5.0,0.18,5.0,0.03,0.03,618.596426,1776252438000
1776252440.012,140.012,0.83,5.0,0.82,5.0,0.86,5.0,0.87,5.0,0.14,5.0,0.13,5.0,0.17,5.0,0.18,5.0,0.03,0.03,618.601405,1776252439000
1776252441.061,141.061,0.83,5.0,0.82,5.0,0.86,5.0,0.87,5.0,0.14,5.0,0.13,5.0,0.17,5.0,0.18,5.0,0.03,0.03,618.60167,1776252440000
1776252442.042,142.042,0.83,5.0,0.82,5.0,0.86,5.0,0.87,5.0,0.14,5.0,0.13,5.0,0.17,5.0,0.18,5.0,0.03,0.03,618.601088,1776252441000
1776252443.353,143.353,0.83,5.0,0.82,5.0,0.86,5.0,0.87,5.0,0.14,5.0,0.13,5.0,0.17,5.0,0.18,5.0,0.03,0.03,618.607107,1776252442000
1776252444.103,144.103,0.83,5.0,0.82,5.0,0.86,5.0,0.87,5.0,0.14,5.0,0.13,5.0,0.17,5.0,0.18,5.0,0.03,0.03,618.62323,1776252443000
1776252445.504,145.504,0.83,5.0,0.82,5.0,0.86,5.0,0.87,5.0,0.14,5.0,0.13,5.0,0.17,5.0,0.18,5.0,0.03,0.03,618.62476,1776252444000
1776252446.105,146.105,0.83,5.0,0.82,5.0,0.86,5.0,0.87,5.0,0.14,5.0,0.13,5.0,0.17,5.0,0.18,5.0,0.03,0.03,618.620624,1776252445000
1776252447.36,147.36,0.83,5.0,0.82,5.0,0.86,5.0,0.87,5.0,0.14,5.0,0.13,5.0,0.17,5.0,0.18,5.0,0.03,0.03,618.6225,1776252446000
1776252448.046,148.046,0.83,5.0,0.82,5.0,0.86,5.0,0.87,5.0,0.14,5.0,0.13,5.0,0.17,5.0,0.18,5.0,0.03,0.03,618.62192,1776252447000
1776252449.234,149.234,0.83,5.0,0.82,5.0,0.86,5.0,0.87,5.0,0.14,5.0,0.13,5.0,0.17,5.0,0.18,5.0,0.03,0.03,618.619185,1776252448000
1776252450.45,150.45,0.83,5.0,0.82,5.0,0.86,5.0,0.87,5.0,0.14,5.0,0.13,5.0,0.17,5.0,0.18,5.0,0.03,0.03,618.618912,1776252449000
1776252451.014,151.014,0.83,5.0,0.82,5.0,0.86,5.0,0.87,5.0,0.14,5.0,0.13,5.0,0.17,5.0,0.18,5.0,0.03,0.03,618.618833,1776252450000
1776252452.223,152.223,0.83,5.0,0.82,5.0,0.86,5.0,0.87,5.0,0.14,5.0,0.13,5.0,0.17,5.0,0.18,5.0,0.03,0.03,618.637049,1776252451000
1776252453.45,153.45,0.83,5.0,0.82,5.0,0.86,5.0,0.87,5.0,0.14,5.0,0.13,5.0,0.17,5.0,0.18,5.0,0.03,0.03,618.649492,1776252452000
1776252454.031,154.031,0.83,5.0,0.82,5.0,0.86,5.0,0.87,5.0,0.14,5.0,0.13,5.0,0.17,5.0,0.18,5.0,0.03,0.03,618.643852,1776252453000
1776252455.105,155.105,0.83,5.0,0.82,5.0,0.86,5.0,0.87,5.0,0.14,5.0,0.13,5.0,0.17,5.0,0.18,5.0,0.03,0.03,618.647562,1776252454000
1776252456.314,156.314,0.83,5.0,0.82,5.0,0.86,5.0,0.87,5.0,0.14,5.0,0.13,5.0,0.17,5.0,0.18,5.0,0.03,0.03,618.658303,1776252455000
1776252457.813,157.813,0.83,5.0,0.82,5.0,0.86,5.0,0.87,5.0,0.14,5.0,0.13,5.0,0.17,5.0,0.18,5.0,0.03,0.03,618.660252,1776252456000
1776252458.49,158.49,0.83,5.0,0.82,5.0,0.86,5.0,0.87,5.0,0.14,5.0,0.13,5.0,0.17,5.0,0.18,5.0,0.03,0.03,618.660206,1776252457000
1776252458.972,158.972,0.83,5.0,0.82,5.0,0.86,5.0,0.87,5.0,0.14,5.0,0.13,5.0,0.17,5.0,0.18,5.0,0.03,0.03,618.657466,1776252458000
1776252460.031,160.031,0.83,5.0,0.82,5.0,0.86,5.0,0.87,5.0,0.14,5.0,0.13,5.0,0.17,5.0,0.18,5.0,0.03,0.03,618.657667,1776252459000
1776252461.042,161.042,0.83,5.0,0.82,5.0,0.86,5.0,0.87,5.0,0.14,5.0,0.13,5.0,0.17,5.0,0.18,5.0,0.03,0.03,618.659331,1776252460000
1776252462.217,162.217,0.83,5.0,0.82,5.0,0.86,5.0,0.87,5.0,0.14,5.0,0.13,5.0,0.17,5.0,0.18,5.0,0.03,0.03,618.658969,1776252461000
1776252463.309,163.309,0.83,5.0,0.82,5.0,0.86,5.0,0.87,5.0,0.14,5.0,0.13,5.0,0.17,5.0,0.18,5.0,0.03,0.03,618.650392,1776252462000
1776252464.41,164.41,0.83,5.0,0.82,5.0,0.86,5.0,0.87,5.0,0.14,5.0,0.13,5.0,0.17,5.0,0.18,5.0,0.03,0.03,618.647348,1776252463000
1776252464.882,164.882,0.83,5.0,0.82,5.0,0.86,5.0,0.87,5.0,0.14,5.0,0.13,5.0,0.17,5.0,0.18,5.0,0.03,0.03,618.658115,1776252464000
1776252465.914,165.914,0.83,5.0,0.82,5.0,0.86,5.0,0.87,5.0,0.14,5.0,0.13,5.0,0.17,5.0,0.18,5.0,0.03,0.03,618.660713,1776252465000
1776252466.982,166.982,0.83,5.0,0.82,5.0,0.86,5.0,0.87,5.0,0.14,5.0,0.13,5.0,0.17,5.0,0.18,5.0,0.03,0.03,618.658261,1776252466000
1776252468.047,168.047,0.83,5.0,0.82,5.0,0.86,5.0,0.87,5.0,0.14,5.0,0.13,5.0,0.17,5.0,0.18,5.0,0.03,0.03,618.6681,1776252467000
1776252469.133,169.133,0.83,5.0,0.82,5.0,0.86,5.0,0.87,5.0,0.14,5.0,0.13,5.0,0.17,5.0,0.18,5.0,0.03,0.03,618.66683,1776252468000
1776252470.201,170.201,0.83,5.0,0.82,5.0,0.86,5.0,0.87,5.0,0.14,5.0,0.13,5.0,0.17,5.0,0.18,5.0,0.03,0.03,618.67299,1776252469000
1776252471.636,171.636,0.83,5.0,0.82,5.0,0.86,5.0,0.87,5.0,0.14,5.0,0.13,5.0,0.17,5.0,0.18,5.0,0.03,0.03,618.699161,1776252470000
1776252472.226,172.226,0.83,5.0,0.82,5.0,0.86,5.0,0.87,5.0,0.14,5.0,0.13,5.0,0.17,5.0,0.18,5.0,0.03,0.03,618.702,1776252471000
1776252473.163,173.163,0.83,5.0,0.82,5.0,0.86,5.0,0.87,5.0,0.14,5.0,0.13,5.0,0.17,5.0,0.18,5.0,0.03,0.03,618.701766,1776252472000
1776252474.184,174.184,0.83,5.0,0.82,5.0,0.86,5.0,0.87,5.0,0.14,5.0,0.13,5.0,0.17,5.0,0.18,5.0,0.03,0.03,618.706,1776252473000
1776252475.206,175.206,0.83,5.0,0.82,5.0,0.86,5.0,0.87,5.0,0.14,5.0,0.13,5.0,0.17,5.0,0.18,5.0,0.03,0.03,618.681242,1776252474000
1776252476.345,176.345,0.83,5.0,0.82,5.0,0.86,5.0,0.87,5.0,0.14,5.0,0.13,5.0,0.17,5.0,0.18,5.0,0.03,0.03,618.681541,1776252475000
1776252476.78,176.78,0.95,3.36,0.94,5.0,0.96,72.7,0.97,99.3,0.14,5.0,0.13,5.0,0.17,5.0,0.18,5.0,0.01,0.03,618.681541,1776252475000
1776252477.863,177.863,0.95,3.36,0.94,5.0,0.96,72.7,0.97,99.3,0.04,72.7,0.03,99.3,0.05,3.36,0.06,5.0,0.01,0.01,618.704,1776252477000
1776252479.06,179.06,0.95,3.36,0.94,5.0,0.96,72.7,0.97,99.3,0.04,72.7,0.03,99.3,0.05,3.36,0.06,5.0,0.01,0.01,618.716759,1776252478000
1776252480.12,180.12,0.95,3.36,0.94,5.0,0.96,72.7,0.97,99.3,0.04,72.7,0.03,99.3,0.05,3.36,0.06,5.0,0.01,0.01,618.717377,1776252479000
1776252481.149,181.149,0.95,3.36,0.94,5.0,0.96,72.7,0.97,99.3,0.04,72.7,0.03,99.3,0.05,3.36,0.06,5.0,0.01,0.01,618.747835,1776252480000
1776252482.184,182.184,0.95,3.36,0.94,5.0,0.96,72.7,0.97,99.3,0.04,72.7,0.03,99.3,0.05,3.36,0.06,5.0,0.01,0.01,618.734541,1776252481000
1776252483.234,183.234,0.95,3.36,0.94,5.0,0.96,72.7,0.97,99.3,0.04,72.7,0.03,99.3,0.05,3.36,0.06,5.0,0.01,0.01,618.708719,1776252482000
1776252484.294,184.294,0.95,3.36,0.94,5.0,0.96,72.7,0.97,99.3,0.04,72.7,0.03,99.3,0.05,3.36,0.06,5.0,0.01,0.01,618.707522,1776252483000
1776252485.449,185.449,0.95,3.36,0.94,5.0,0.96,72.7,0.97,99.3,0.04,72.7,0.03,99.3,0.05,3.36,0.06,5.0,0.01,0.01,618.70731,1776252484000
1776252486.114,186.114,0.95,3.36,0.94,5.0,0.96,72.7,0.97,99.3,0.04,72.7,0.03,99.3,0.05,3.36,0.06,5.0,0.01,0.01,618.713215,1776252485000
1776252487.428,187.428,0.95,3.36,0.94,5.0,0.96,72.7,0.97,99.3,0.04,72.7,0.03,99.3,0.05,3.36,0.06,5.0,0.01,0.01,618.713308,1776252486000
1776252488.058,188.058,0.95,3.36,0.94,5.0,0.96,72.7,0.97,99.3,0.04,72.7,0.03,99.3,0.05,3.36,0.06,5.0,0.01,0.01,618.762538,1776252487000
1776252489.278,189.278,0.95,3.36,0.94,5.0,0.96,72.7,0.97,99.3,0.04,72.7,0.03,99.3,0.05,3.36,0.06,5.0,0.01,0.01,618.718635,1776252488000
1776252490.501,190.501,0.95,3.36,0.94,5.0,0.96,72.7,0.97,99.3,0.04,72.7,0.03,99.3,0.05,3.36,0.06,5.0,0.01,0.01,618.717376,1776252489000
1776252491.116,191.116,0.95,3.36,0.94,5.0,0.96,72.7,0.97,99.3,0.04,72.7,0.03,99.3,0.05,3.36,0.06,5.0,0.01,0.01,618.764655,1776252490000
1776252492.35,192.35,0.95,3.36,0.94,5.0,0.96,72.7,0.97,99.3,0.04,72.7,0.03,99.3,0.05,3.36,0.06,5.0,0.01,0.01,618.763087,1776252491000
1776252493.499,193.499,0.95,3.36,0.94,5.0,0.96,72.7,0.97,99.3,0.04,72.7,0.03,99.3,0.05,3.36,0.06,5.0,0.01,0.01,618.77192,1776252492000
1776252494.022,194.022,0.95,3.36,0.94,5.0,0.96,72.7,0.97,99.3,0.04,72.7,0.03,99.3,0.05,3.36,0.06,5.0,0.01,0.01,618.76783,1776252493000
1776252495.076,195.076,0.95,3.36,0.94,5.0,0.98,133.69,0.99,667.6,0.02,133.69,0.01,667.6,0.05,3.36,0.06,5.0,0.03,0.03,618.784,1776252494000
1776252496.283,196.283,0.95,3.36,0.94,5.0,0.98,133.69,0.99,667.6,0.02,133.69,0.01,667.6,0.05,3.36,0.06,5.0,0.03,0.03,618.871,1776252495000
1776252497.343,197.343,0.95,3.36,0.94,5.0,0.98,133.69,0.99,667.6,0.02,133.69,0.01,667.6,0.05,3.36,0.06,5.0,0.03,0.03,618.838,1776252496000
1776252497.988,197.988,0.95,3.36,0.94,5.0,0.98,133.69,0.99,667.6,0.02,133.69,0.01,667.6,0.05,3.36,0.06,5.0,0.03,0.03,618.838,1776252497000
1776252499.124,199.124,0.95,3.36,0.94,5.0,0.98,133.69,0.99,667.6,0.02,133.69,0.01,667.6,0.05,3.36,0.06,5.0,0.03,0.03,618.854,1776252498000
1776252500.66,200.66,0.95,3.36,0.94,5.0,0.98,133.69,0.99,667.6,0.02,133.69,0.01,667.6,0.05,3.36,0.06,5.0,0.03,0.03,618.795,1776252499000
1776252501.139,201.139,0.95,3.36,0.94,5.0,0.98,133.69,0.99,667.6,0.02,133.69,0.01,667.6,0.05,3.36,0.06,5.0,0.03,0.03,618.789,1776252500000
1776252502.197,202.197,0.95,3.36,0.94,5.0,0.98,133.69,0.99,667.6,0.02,133.69,0.01,667.6,0.05,3.36,0.06,5.0,0.03,0.03,618.785,1776252501000
1776252503.136,203.136,0.95,3.36,0.94,5.0,0.98,133.69,0.99,667.6,0.02,133.69,0.01,667.6,0.05,3.36,0.06,5.0,0.03,0.03,618.783,1776252502000
1776252504.199,204.199,0.95,3.36,0.94,5.0,0.98,133.69,0.99,667.6,0.02,133.69,0.01,667.6,0.05,3.36,0.06,5.0,0.03,0.03,618.785,1776252503000
1776252505.227,205.227,0.95,3.36,0.94,5.0,0.98,133.69,0.99,667.6,0.02,133.69,0.01,667.6,0.05,3.36,0.06,5.0,0.03,0.03,618.788,1776252504000
1776252506.212,206.212,0.95,3.36,0.94,5.0,0.98,133.69,0.99,667.6,0.02,133.69,0.01,667.6,0.05,3.36,0.06,5.0,0.03,0.03,618.779,1776252505000
1776252507.206,207.206,0.95,3.36,0.94,5.0,0.98,133.69,0.99,667.6,0.02,133.69,0.01,667.6,0.05,3.36,0.06,5.0,0.03,0.03,618.783,1776252506000
1776252508.176,208.176,0.95,3.36,0.94,5.0,0.98,133.69,0.99,667.6,0.02,133.69,0.01,667.6,0.05,3.36,0.06,5.0,0.03,0.03,618.781,1776252507000
1776252509.175,209.175,0.95,3.36,0.94,5.0,0.98,133.69,0.99,667.6,0.02,133.69,0.01,667.6,0.05,3.36,0.06,5.0,0.03,0.03,618.788,1776252508000
1776252510.186,210.186,0.95,3.36,0.94,5.0,0.98,133.69,0.99,667.6,0.02,133.69,0.01,667.6,0.05,3.36,0.06,5.0,0.03,0.03,618.786,1776252509000
1776252511.181,211.181,0.95,3.36,0.94,5.0,0.98,133.69,0.99,667.6,0.02,133.69,0.01,667.6,0.05,3.36,0.06,5.0,0.03,0.03,618.786,1776252510000
1776252512.184,212.184,0.95,3.36,0.94,5.0,0.98,133.69,0.99,667.6,0.02,133.69,0.01,667.6,0.05,3.36,0.06,5.0,0.03,0.03,618.788,1776252511000
1776252513.667,213.667,0.95,3.36,0.94,5.0,0.98,133.69,0.99,667.6,0.02,133.69,0.01,667.6,0.05,3.36,0.06,5.0,0.03,0.03,618.794,1776252512000
1776252514.273,214.273,0.95,3.36,0.94,5.0,0.98,133.69,0.99,667.6,0.02,133.69,0.01,667.6,0.05,3.36,0.06,5.0,0.03,0.03,618.791,1776252513000
1776252514.806,214.806,0.95,3.36,0.94,5.0,0.98,133.69,0.99,667.6,0.02,133.69,0.01,667.6,0.05,3.36,0.06,5.0,0.03,0.03,618.791,1776252514000
1776252516.053,216.053,0.95,3.36,0.94,5.0,0.98,133.69,0.99,667.6,0.02,133.69,0.01,667.6,0.05,3.36,0.06,5.0,0.03,0.03,618.791,1776252515000
1776252516.992,216.992,0.95,3.36,0.94,5.0,0.98,133.69,0.99,667.6,0.02,133.69,0.01,667.6,0.05,3.36,0.06,5.0,0.03,0.03,618.789,1776252516000
1776252517.566,217.566,0.96,5.0,0.95,5.0,0.97,71.0,0.98,137.69,0.02,133.69,0.01,667.6,0.05,3.36,0.06,5.0,0.01,0.03,618.789,1776252516000
1776252518.015,218.015,0.96,5.0,0.95,5.0,0.97,71.0,0.98,137.69,0.03,71.0,0.02,137.69,0.04,5.0,0.05,5.0,0.01,0.01,618.789,1776252517000
1776252518.325,218.325,0.96,5.0,0.95,5.0,0.97,68.93,0.98,137.69,0.03,71.0,0.02,137.69,0.04,5.0,0.05,5.0,0.01,0.01,618.789,1776252517000
1776252519.165,219.165,0.96,5.0,0.95,5.0,0.97,68.93,0.98,137.69,0.03,68.93,0.02,137.69,0.04,5.0,0.05,5.0,0.01,0.01,618.685,1776252518000
1776252520.205,220.205,0.96,5.0,0.95,5.0,0.97,68.93,0.98,137.69,0.03,68.93,0.02,137.69,0.04,5.0,0.05,5.0,0.01,0.01,618.683,1776252519000
1776252521.345,221.345,0.96,5.0,0.95,5.0,0.97,68.93,0.98,137.69,0.03,68.93,0.02,137.69,0.04,5.0,0.05,5.0,0.01,0.01,618.683,1776252520000
1776252522.254,222.254,0.96,5.0,0.95,5.0,0.97,68.93,0.98,137.69,0.03,68.93,0.02,137.69,0.04,5.0,0.05,5.0,0.01,0.01,618.668,1776252521000
1776252523.208,223.208,0.96,5.0,0.95,5.0,0.97,68.93,0.98,137.69,0.03,68.93,0.02,137.69,0.04,5.0,0.05,5.0,0.01,0.01,618.678,1776252522000
1776252524.198,224.198,0.96,5.0,0.95,5.0,0.97,68.93,0.98,137.69,0.03,68.93,0.02,137.69,0.04,5.0,0.05,5.0,0.01,0.01,618.733,1776252523000
1776252525.288,225.288,0.96,5.0,0.95,5.0,0.97,68.93,0.98,137.69,0.03,68.93,0.02,137.69,0.04,5.0,0.05,5.0,0.01,0.01,618.785,1776252524000
1776252526.164,226.164,0.96,5.0,0.95,5.0,0.97,68.93,0.98,137.69,0.03,68.93,0.02,137.69,0.04,5.0,0.05,5.0,0.01,0.01,618.786,1776252525000
1776252527.339,227.339,0.96,5.0,0.95,5.0,0.97,68.93,0.98,137.69,0.03,68.93,0.02,137.69,0.04,5.0,0.05,5.0,0.01,0.01,618.788,1776252526000
1776252528.188,228.188,0.96,5.0,0.95,5.0,0.97,68.93,0.98,137.69,0.03,68.93,0.02,137.69,0.04,5.0,0.05,5.0,0.01,0.01,618.788,1776252527000
1776252529.481,229.481,0.97,10.0,0.96,5.0,0.98,140.28,0.99,572.6,0.03,68.93,0.02,137.69,0.04,5.0,0.05,5.0,0.01,0.01,618.788,1776252527000
1776252530.022,230.022,0.97,10.0,0.96,5.0,0.98,140.28,0.99,572.6,0.02,140.28,0.01,572.6,0.03,10.0,0.04,5.0,0.01,0.01,618.731,1776252529000
1776252531.522,231.522,0.97,10.0,0.96,5.0,0.98,140.28,0.99,572.6,0.02,140.28,0.01,572.6,0.03,10.0,0.04,5.0,0.01,0.01,618.709,1776252530000
1776252532.258,232.258,0.97,10.0,0.96,5.0,0.98,140.28,0.99,572.6,0.02,140.28,0.01,572.6,0.03,10.0,0.04,5.0,0.01,0.01,618.709,1776252531000
1776252533.68,233.68,0.97,10.0,0.96,5.0,0.98,140.28,0.99,572.6,0.02,140.28,0.01,572.6,0.03,10.0,0.04,5.0,0.01,0.01,618.70129,1776252532000
1776252534.306,234.306,0.97,10.0,0.96,5.0,0.98,140.28,0.99,572.6,0.02,140.28,0.01,572.6,0.03,10.0,0.04,5.0,0.01,0.01,618.70241,1776252533000
1776252535.578,235.578,0.97,10.0,0.96,5.0,0.98,140.28,0.99,572.6,0.02,140.28,0.01,572.6,0.03,10.0,0.04,5.0,0.01,0.01,618.69726,1776252534000
1776252536.046,236.046,0.97,10.0,0.96,5.0,0.98,140.28,0.99,572.6,0.02,140.28,0.01,572.6,0.03,10.0,0.04,5.0,0.01,0.01,618.69726,1776252535000
1776252537.367,237.367,0.97,10.0,0.96,5.0,0.98,140.28,0.99,572.6,0.02,140.28,0.01,572.6,0.03,10.0,0.04,5.0,0.01,0.01,618.6965,1776252536000
1776252538.007,238.007,0.97,10.0,0.96,5.0,0.98,140.28,0.99,572.6,0.02,140.28,0.01,572.6,0.03,10.0,0.04,5.0,0.01,0.01,618.628155,1776252537000
1776252538.371,238.371,0.96,5.0,0.95,5.0,0.98,140.28,0.99,672.6,0.02,140.28,0.01,572.6,0.03,10.0,0.04,5.0,0.02,0.01,618.628155,1776252537000
1776252539.171,239.171,0.96,5.0,0.95,5.0,0.98,140.28,0.99,672.6,0.02,140.28,0.01,672.6,0.04,5.0,0.05,5.0,0.02,0.02,618.69692,1776252538000
1776252540.306,240.306,0.96,5.0,0.95,5.0,0.98,140.28,0.99,672.6,0.02,140.28,0.01,672.6,0.04,5.0,0.05,5.0,0.02,0.02,618.69878,1776252539000
1776252540.858,240.858,0.96,5.0,0.95,5.0,0.98,140.28,0.99,672.6,0.02,140.28,0.01,672.6,0.04,5.0,0.05,5.0,0.02,0.02,618.69956,1776252540000
1776252542.059,242.059,0.96,5.0,0.95,5.0,0.98,140.28,0.99,672.6,0.02,140.28,0.01,672.6,0.04,5.0,0.05,5.0,0.02,0.02,618.69128,1776252541000
1776252543.729,243.729,0.96,5.0,0.95,5.0,0.98,140.28,0.99,672.6,0.02,140.28,0.01,672.6,0.04,5.0,0.05,5.0,0.02,0.02,618.69307,1776252542000
1776252544.477,244.477,0.96,5.0,0.95,5.0,0.98,140.28,0.99,672.6,0.02,140.28,0.01,672.6,0.04,5.0,0.05,5.0,0.02,0.02,618.69275,1776252543000
1776252545.52,245.52,0.96,5.0,0.95,5.0,0.98,140.28,0.99,672.6,0.02,140.28,0.01,672.6,0.04,5.0,0.05,5.0,0.02,0.02,618.69247,1776252544000
1776252545.96,245.96,0.97,5.0,0.96,5.0,0.98,136.16,0.99,677.6,0.02,140.28,0.01,672.6,0.04,5.0,0.05,5.0,0.01,0.02,618.69247,1776252544000
1776252547.385,247.385,0.97,5.0,0.96,5.0,0.98,136.16,0.99,677.6,0.02,136.16,0.01,677.6,0.03,5.0,0.04,5.0,0.01,0.01,618.69238,1776252546000
1776252548.454,248.454,0.97,5.0,0.96,5.0,0.98,136.16,0.99,677.6,0.02,136.16,0.01,677.6,0.03,5.0,0.04,5.0,0.01,0.01,618.69238,1776252547000
1776252549.099,249.099,0.97,5.0,0.96,5.0,0.98,136.16,0.99,677.6,0.02,136.16,0.01,677.6,0.03,5.0,0.04,5.0,0.01,0.01,618.69276,1776252548000
1776252550.628,250.628,0.97,5.0,0.96,5.0,0.98,136.16,0.99,677.6,0.02,136.16,0.01,677.6,0.03,5.0,0.04,5.0,0.01,0.01,618.646426,1776252549000
1776252551.295,251.295,0.97,5.0,0.96,5.0,0.98,136.16,0.99,677.6,0.02,136.16,0.01,677.6,0.03,5.0,0.04,5.0,0.01,0.01,618.69573,1776252550000
1776252552.71,252.71,0.97,5.0,0.96,5.0,0.98,136.16,0.99,677.6,0.02,136.16,0.01,677.6,0.03,5.0,0.04,5.0,0.01,0.01,618.69587,1776252551000
1776252553.585,253.585,0.97,5.0,0.96,5.0,0.98,136.16,0.99,677.6,0.02,136.16,0.01,677.6,0.03,5.0,0.04,5.0,0.01,0.01,618.657,1776252552000
1776252554.191,254.191,0.97,5.0,0.96,5.0,0.98,136.16,0.99,677.6,0.02,136.16,0.01,677.6,0.03,5.0,0.04,5.0,0.01,0.01,618.655,1776252553000
1776252555.63,255.63,0.97,5.0,0.96,5.0,0.98,136.16,0.99,677.6,0.02,136.16,0.01,677.6,0.03,5.0,0.04,5.0,0.01,0.01,618.658,1776252554000
1776252556.302,256.302,0.97,5.0,0.96,5.0,0.98,136.16,0.99,677.6,0.02,136.16,0.01,677.6,0.03,5.0,0.04,5.0,0.01,0.01,618.654,1776252555000
1776252557.089,257.089,0.97,5.0,0.96,5.0,0.98,136.16,0.99,677.6,0.02,136.16,0.01,677.6,0.03,5.0,0.04,5.0,0.01,0.01,618.654,1776252556000
1776252557.29,257.29,0.96,5.0,0.95,5.0,0.97,79.57,0.98,141.16,0.02,136.16,0.01,677.6,0.03,5.0,0.04,5.0,0.01,0.01,618.654,1776252556000
1776252558.697,258.697,0.96,5.0,0.95,5.0,0.97,79.57,0.98,141.16,0.03,79.57,0.02,141.16,0.04,5.0,0.05,5.0,0.01,0.01,618.654,1776252557000
1776252559.6,259.6,0.96,5.0,0.95,5.0,0.97,79.57,0.98,141.16,0.03,79.57,0.02,141.16,0.04,5.0,0.05,5.0,0.01,0.01,618.659,1776252558000
1776252560.242,260.242,0.96,5.0,0.95,5.0,0.97,79.57,0.98,141.16,0.03,79.57,0.02,141.16,0.04,5.0,0.05,5.0,0.01,0.01,618.663,1776252559000
1776252560.93,260.93,0.97,5.0,0.96,72.7,0.98,4.64,0.99,677.6,0.03,79.57,0.02,141.16,0.04,5.0,0.05,5.0,0.01,0.01,618.663,1776252559000
1776252561.745,261.745,0.97,5.0,0.96,72.7,0.98,4.64,0.99,677.6,0.02,4.64,0.01,677.6,0.03,5.0,0.04,72.7,0.01,0.01,618.658,1776252560000
1776252562.526,262.526,0.97,5.0,0.96,72.7,0.98,4.64,0.99,677.6,0.02,4.64,0.01,677.6,0.03,5.0,0.04,72.7,0.01,0.01,618.664,1776252561000
1776252563.256,263.256,0.97,5.0,0.96,72.7,0.98,4.64,0.99,677.6,0.02,4.64,0.01,677.6,0.03,5.0,0.04,72.7,0.01,0.01,618.66,1776252562000
1776252564.204,264.204,0.97,5.0,0.96,72.7,0.98,4.64,0.99,677.6,0.02,4.64,0.01,677.6,0.03,5.0,0.04,72.7,0.01,0.01,618.643,1776252563000
1776252565.452,265.452,0.97,5.0,0.96,72.7,0.98,4.64,0.99,677.6,0.02,4.64,0.01,677.6,0.03,5.0,0.04,72.7,0.01,0.01,618.646,1776252564000
1776252566.388,266.388,0.97,5.0,0.96,72.7,0.98,4.64,0.99,677.6,0.02,4.64,0.01,677.6,0.03,5.0,0.04,72.7,0.01,0.01,618.645,1776252565000
1776252566.908,266.908,0.97,5.0,0.96,72.7,0.98,4.64,0.99,677.6,0.02,4.64,0.01,677.6,0.03,5.0,0.04,72.7,0.01,0.01,618.645,1776252566000
1776252567.982,267.982,0.97,5.0,0.96,72.7,0.98,4.64,0.99,677.6,0.02,4.64,0.01,677.6,0.03,5.0,0.04,72.7,0.01,0.01,618.658,1776252567000
1776252569.118,269.118,0.97,5.0,0.96,72.7,0.98,4.64,0.99,677.6,0.02,4.64,0.01,677.6,0.03,5.0,0.04,72.7,0.01,0.01,618.667,1776252568000
1776252570.249,270.249,0.97,5.0,0.96,72.7,0.98,4.64,0.99,677.6,0.02,4.64,0.01,677.6,0.03,5.0,0.04,72.7,0.01,0.01,618.653,1776252569000
1776252571.4,271.4,0.97,5.0,0.96,72.7,0.98,4.64,0.99,677.6,0.02,4.64,0.01,677.6,0.03,5.0,0.04,72.7,0.01,0.01,618.68,1776252570000
1776252572.046,272.046,0.97,5.0,0.96,72.7,0.98,4.64,0.99,677.6,0.02,4.64,0.01,677.6,0.03,5.0,0.04,72.7,0.01,0.01,618.68,1776252571000
1776252572.869,272.869,0.97,99.3,0.96,72.7,0.99,351.24,0.999,200.0,0.02,4.64,0.01,677.6,0.03,5.0,0.04,72.7,0.02,0.01,618.68,1776252571000
1776252573.375,273.375,0.98,5.0,0.97,99.3,0.99,343.24,0.999,200.0,0.01,343.24,0.001,200.0,0.02,5.0,0.03,99.3,0.01,0.01,618.69,1776252572000
1776252574.219,274.219,0.98,5.0,0.97,99.3,0.99,343.24,0.999,200.0,0.01,343.24,0.001,200.0,0.02,5.0,0.03,99.3,0.01,0.01,618.503425,1776252573000
1776252574.429,274.429,0.98,118.28,0.97,99.3,0.99,280.64,0.999,200.0,0.01,343.24,0.001,200.0,0.02,5.0,0.03,99.3,0.01,0.01,618.503425,1776252573000
1776252575.33,275.33,0.98,118.28,0.97,99.3,0.99,280.64,0.999,200.0,0.01,280.64,0.001,200.0,0.02,118.28,0.03,99.3,0.01,0.01,618.639068,1776252574000
1776252576.55,276.55,0.98,5.0,0.97,10.0,0.99,75.64,0.999,200.0,0.01,280.64,0.001,200.0,0.02,118.28,0.03,99.3,0.01,0.01,618.639068,1776252574000
1776252576.925,276.925,0.98,5.0,0.97,10.0,0.99,75.64,0.999,200.0,0.01,75.64,0.001,200.0,0.02,5.0,0.03,10.0,0.01,0.01,618.686,1776252575000
1776252577.451,277.451,0.98,5.0,0.97,10.0,0.99,75.64,0.999,200.0,0.01,75.64,0.001,200.0,0.02,5.0,0.03,10.0,0.01,0.01,618.686,1776252576000
1776252578.068,278.068,0.98,5.0,0.97,10.0,0.99,75.64,0.999,200.0,0.01,75.64,0.001,200.0,0.02,5.0,0.03,10.0,0.01,0.01,618.686,1776252577000
1776252578.992,278.992,0.98,5.0,0.97,10.0,0.99,75.64,0.999,200.0,0.01,75.64,0.001,200.0,0.02,5.0,0.03,10.0,0.01,0.01,618.678,1776252578000
1776252579.689,279.689,0.98,5.0,0.97,10.0,0.99,55.64,0.999,200.0,0.01,75.64,0.001,200.0,0.02,5.0,0.03,10.0,0.01,0.01,618.678,1776252578000
1776252579.965,279.965,0.98,5.0,0.97,10.0,0.99,55.64,0.999,200.0,0.01,55.64,0.001,200.0,0.02,5.0,0.03,10.0,0.01,0.01,618.68,1776252579000
1776252580.982,280.982,0.98,5.0,0.97,10.0,0.99,55.64,0.999,200.0,0.01,55.64,0.001,200.0,0.02,5.0,0.03,10.0,0.01,0.01,618.678,1776252580000
1776252581.892,281.892,0.98,5.0,0.97,10.0,0.99,55.64,0.999,200.0,0.01,55.64,0.001,200.0,0.02,5.0,0.03,10.0,0.01,0.01,618.68813,1776252581000
1776252582.868,282.868,0.98,5.0,0.97,10.0,0.99,55.64,0.999,200.0,0.01,55.64,0.001,200.0,0.02,5.0,0.03,10.0,0.01,0.01,618.68905,1776252582000
1776252583.526,283.526,0.98,5.0,0.97,10.0,0.99,54.62,0.999,200.0,0.01,55.64,0.001,200.0,0.02,5.0,0.03,10.0,0.01,0.01,618.68905,1776252582000
1776252584.234,284.234,0.98,5.0,0.97,10.0,0.99,54.62,0.999,200.0,0.01,54.62,0.001,200.0,0.02,5.0,0.03,10.0,0.01,0.01,618.70082,1776252583000
1776252585.268,285.268,0.98,5.0,0.97,10.0,0.99,54.62,0.999,200.0,0.01,54.62,0.001,200.0,0.02,5.0,0.03,10.0,0.01,0.01,618.706,1776252584000
1776252586.096,286.096,0.98,5.0,0.97,10.0,0.99,53.6,0.999,200.0,0.01,53.6,0.001,200.0,0.02,5.0,0.03,10.0,0.01,0.01,618.706,1776252585000
1776252587.082,287.082,0.98,5.0,0.97,10.0,0.99,53.6,0.999,200.0,0.01,53.6,0.001,200.0,0.02,5.0,0.03,10.0,0.01,0.01,618.704,1776252586000
1776252587.697,287.697,0.8,5.0,0.79,5.0,0.98,5.0,0.99,58.6,0.01,53.6,0.001,200.0,0.02,5.0,0.03,10.0,0.18,0.01,618.704,1776252586000
1776252588.042,288.042,0.72,3.2,0.71,55.0,0.84,5.0,0.98,5.0,0.16,5.0,0.02,5.0,0.28,3.2,0.29,55.0,0.12,0.12,618.635,1776252587000
1776252588.317,288.317,0.91,28.0,0.9,5.0,0.92,2.82,0.93,5.0,0.16,5.0,0.02,5.0,0.28,3.2,0.29,55.0,0.01,0.12,618.635,1776252587000
1776252589.631,289.631,0.91,28.0,0.9,5.0,0.92,2.82,0.93,5.0,0.08,2.82,0.07,5.0,0.09,28.0,0.1,5.0,0.01,0.01,618.495037,1776252588000
1776252590.322,290.322,0.92,5.0,0.91,5.0,0.94,4.41,0.95,5.0,0.07,1.56,0.06,5.0,0.09,28.0,0.1,5.0,0.02,0.02,618.495037,1776252588000
1776252593.976,293.976,0.92,5.0,0.91,5.0,0.98,3.51,0.99,58.6,0.06,4.41,0.05,5.0,0.08,5.0,0.09,5.0,0.06,0.02,618.603,1776252592000
1776252594.354,294.354,0.97,5.0,0.96,5.0,0.99,57.11,0.999,200.0,0.02,3.51,0.01,58.6,0.08,5.0,0.09,5.0,0.02,0.06,618.603,1776252592000
1776252594.946,294.946,0.97,5.0,0.96,5.0,0.99,56.09,0.999,200.0,0.01,57.11,0.001,200.0,0.03,5.0,0.04,5.0,0.02,0.02,618.605004,1776252593000
1776252595.642,295.642,0.97,5.0,0.96,5.0,0.99,51.09,0.999,200.0,0.01,56.09,0.001,200.0,0.03,5.0,0.04,5.0,0.02,0.02,618.6098,1776252594000
1776252596.428,296.428,0.97,5.0,0.96,5.0,0.999,200.0,,,0.01,12.09,0.001,200.0,0.03,5.0,0.04,5.0,0.029,0.02,618.60043,1776252595000
1776252597.522,297.522,0.99,1000.0,0.98,5.0,0.999,198.89,,,0.001,200.0,,,0.03,5.0,0.04,5.0,0.009,0.029,618.60043,1776252595000
1776252598.122,298.122,0.99,1005.0,0.98,5.0,0.999,188.89,,,0.001,198.89,,,0.01,1000.0,0.02,5.0,0.009,0.009,618.599951,1776252596000
1776252598.354,298.354,0.99,1005.0,0.98,5.0,0.999,168.89,,,0.001,178.89,,,0.01,1005.0,0.02,5.0,0.009,0.009,618.60026,1776252597000
1776252600.055,300.055,0.999,88.12,0.99,6124.78,,,,,0.001,168.89,,,0.01,1005.0,0.02,5.0,,0.009,618.607639,1776252598000

# RESULT,winner=Up,slug=bnb-updown-5m-1776252300,ticks=326
