timestamp,elapsed_sec,up_bid_p1,up_bid_s1,up_bid_p2,up_bid_s2,up_bid_p3,up_bid_s3,up_bid_p4,up_bid_s4,up_bid_p5,up_bid_s5,up_ask_p1,up_ask_s1,up_ask_p2,up_ask_s2,up_ask_p3,up_ask_s3,up_ask_p4,up_ask_s4,up_ask_p5,up_ask_s5,down_bid_p1,down_bid_s1,down_bid_p2,down_bid_s2,down_bid_p3,down_bid_s3,down_bid_p4,down_bid_s4,down_bid_p5,down_bid_s5,down_ask_p1,down_ask_s1,down_ask_p2,down_ask_s2,down_ask_p3,down_ask_s3,down_ask_p4,down_ask_s4,down_ask_p5,down_ask_s5,up_spread,down_spread,bnb_price,bnb_oracle_ts
1776165301.102,1.102,0.41,13.0,0.4,8.0,0.39,8.0,0.38,8.0,0.37,189.0,0.59,13.0,0.6,8.0,0.61,8.0,0.62,8.0,0.63,189.0,0.41,13.0,0.4,8.0,0.39,8.0,0.38,8.0,0.37,189.0,0.59,13.0,0.6,8.0,0.61,8.0,0.62,8.0,0.63,189.0,0.18,0.18,617.127827,1776165300000
1776165302.136,2.136,0.41,13.0,0.4,8.0,0.39,8.0,0.38,8.0,0.37,189.0,0.59,13.0,0.6,8.0,0.61,8.0,0.62,8.0,0.63,189.0,0.41,13.0,0.4,8.0,0.39,8.0,0.38,8.0,0.37,189.0,0.59,13.0,0.6,8.0,0.61,8.0,0.62,8.0,0.63,189.0,0.18,0.18,617.12905,1776165301000
1776165303.635,3.635,0.41,13.0,0.4,8.0,0.39,8.0,0.38,8.0,0.37,189.0,0.59,13.0,0.6,8.0,0.61,8.0,0.62,8.0,0.63,189.0,0.41,13.0,0.4,8.0,0.39,8.0,0.38,8.0,0.37,189.0,0.59,13.0,0.6,8.0,0.61,8.0,0.62,8.0,0.63,189.0,0.18,0.18,617.133031,1776165302000
1776165304.337,4.337,0.41,13.0,0.4,8.0,0.39,8.0,0.38,8.0,0.37,189.0,0.59,13.0,0.6,8.0,0.61,8.0,0.62,8.0,0.63,189.0,0.41,13.0,0.4,8.0,0.39,8.0,0.38,8.0,0.37,189.0,0.59,13.0,0.6,8.0,0.61,8.0,0.62,8.0,0.63,189.0,0.18,0.18,617.152971,1776165303000
1776165304.99,4.99,0.41,13.0,0.4,8.0,0.39,8.0,0.38,8.0,0.37,189.0,0.59,13.0,0.6,8.0,0.61,8.0,0.62,8.0,0.63,189.0,0.41,13.0,0.4,8.0,0.39,8.0,0.38,8.0,0.37,189.0,0.59,13.0,0.6,8.0,0.61,8.0,0.62,8.0,0.63,189.0,0.18,0.18,617.129414,1776165304000
1776165306.229,6.229,0.41,13.0,0.4,8.0,0.39,8.0,0.38,8.0,0.37,189.0,0.59,13.0,0.6,8.0,0.61,8.0,0.62,8.0,0.63,189.0,0.41,13.0,0.4,8.0,0.39,8.0,0.38,8.0,0.37,189.0,0.59,13.0,0.6,8.0,0.61,8.0,0.62,8.0,0.63,189.0,0.18,0.18,617.142722,1776165305000
1776165306.891,6.891,0.5,5.0,0.42,10.0,0.39,12.0,0.31,50.0,0.27,450.0,0.53,5.0,0.54,5.0,0.6,12.0,0.61,50.0,0.71,50.0,0.41,13.0,0.4,8.0,0.39,8.0,0.38,8.0,0.37,189.0,0.59,13.0,0.6,8.0,0.61,8.0,0.62,8.0,0.63,189.0,0.03,0.18,617.142722,1776165305000
1776165307.54,7.54,0.5,5.0,0.42,10.0,0.39,12.0,0.31,50.0,0.27,450.0,0.53,5.0,0.54,5.0,0.6,12.0,0.61,50.0,0.71,50.0,0.47,5.0,0.46,5.0,0.4,12.0,0.39,50.0,0.29,50.0,0.5,5.0,0.58,10.0,0.61,12.0,0.69,50.0,0.73,450.0,0.03,0.03,617.15411,1776165306000
1776165308.09,8.09,0.5,5.0,0.42,10.0,0.39,12.0,0.31,50.0,0.27,450.0,0.53,5.0,0.54,5.0,0.6,12.0,0.61,50.0,0.71,50.0,0.47,5.0,0.46,5.0,0.4,12.0,0.39,50.0,0.29,50.0,0.5,5.0,0.58,10.0,0.61,12.0,0.69,50.0,0.73,450.0,0.03,0.03,617.129512,1776165307000
1776165309.086,9.086,0.5,5.0,0.42,10.0,0.39,12.0,0.31,50.0,0.27,450.0,0.53,5.0,0.54,5.0,0.6,12.0,0.61,50.0,0.71,50.0,0.47,5.0,0.46,5.0,0.4,12.0,0.39,50.0,0.29,50.0,0.5,5.0,0.58,10.0,0.61,12.0,0.69,50.0,0.73,450.0,0.03,0.03,617.134484,1776165308000
1776165310.29,10.29,0.5,5.0,0.42,10.0,0.39,12.0,0.31,50.0,0.27,450.0,0.53,5.0,0.54,5.0,0.6,12.0,0.61,50.0,0.71,50.0,0.47,5.0,0.46,5.0,0.4,12.0,0.39,50.0,0.29,50.0,0.5,5.0,0.58,10.0,0.61,12.0,0.69,50.0,0.73,450.0,0.03,0.03,617.07881,1776165309000
1776165311.305,11.305,0.5,5.0,0.42,10.0,0.39,12.0,0.31,50.0,0.27,450.0,0.53,5.0,0.54,5.0,0.6,12.0,0.61,50.0,0.71,50.0,0.47,5.0,0.46,5.0,0.4,12.0,0.39,50.0,0.29,50.0,0.5,5.0,0.58,10.0,0.61,12.0,0.69,50.0,0.73,450.0,0.03,0.03,617.07651,1776165310000
1776165311.984,11.984,0.5,5.0,0.42,10.0,0.39,12.0,0.31,50.0,0.27,450.0,0.53,5.0,0.54,5.0,0.6,12.0,0.61,50.0,0.71,50.0,0.47,5.0,0.46,5.0,0.4,12.0,0.39,50.0,0.29,50.0,0.5,5.0,0.58,10.0,0.61,12.0,0.69,50.0,0.73,450.0,0.03,0.03,617.08989,1776165311000
1776165313.124,13.124,0.5,5.0,0.42,10.0,0.39,12.0,0.31,50.0,0.27,450.0,0.53,5.0,0.54,5.0,0.6,12.0,0.61,50.0,0.71,50.0,0.47,5.0,0.46,5.0,0.4,12.0,0.39,50.0,0.29,50.0,0.5,5.0,0.58,10.0,0.61,12.0,0.69,50.0,0.73,450.0,0.03,0.03,617.056259,1776165312000
1776165314.058,14.058,0.5,5.0,0.42,10.0,0.39,12.0,0.31,50.0,0.27,450.0,0.53,5.0,0.54,5.0,0.6,12.0,0.61,50.0,0.71,50.0,0.47,5.0,0.46,5.0,0.4,12.0,0.39,50.0,0.29,50.0,0.5,5.0,0.58,10.0,0.61,12.0,0.69,50.0,0.73,450.0,0.03,0.03,617.055013,1776165313000
1776165315.35,15.35,0.5,5.0,0.42,10.0,0.39,12.0,0.31,50.0,0.27,450.0,0.53,5.0,0.54,5.0,0.6,12.0,0.61,50.0,0.71,50.0,0.47,5.0,0.46,5.0,0.4,12.0,0.39,50.0,0.29,50.0,0.5,5.0,0.58,10.0,0.61,12.0,0.69,50.0,0.73,450.0,0.03,0.03,617.10046,1776165314000
1776165316.12,16.12,0.5,5.0,0.42,10.0,0.39,12.0,0.31,50.0,0.27,450.0,0.53,5.0,0.54,5.0,0.6,12.0,0.61,50.0,0.71,50.0,0.47,5.0,0.46,5.0,0.4,12.0,0.39,50.0,0.29,50.0,0.5,5.0,0.58,10.0,0.61,12.0,0.69,50.0,0.73,450.0,0.03,0.03,617.04133,1776165315000
1776165317.324,17.324,0.5,5.0,0.42,10.0,0.39,12.0,0.31,50.0,0.27,450.0,0.53,5.0,0.54,5.0,0.6,12.0,0.61,50.0,0.71,50.0,0.47,5.0,0.46,5.0,0.4,12.0,0.39,50.0,0.29,50.0,0.5,5.0,0.58,10.0,0.61,12.0,0.69,50.0,0.73,450.0,0.03,0.03,617.03902,1776165316000
1776165317.92,17.92,0.5,5.0,0.42,10.0,0.39,12.0,0.31,50.0,0.27,450.0,0.53,5.0,0.54,5.0,0.6,12.0,0.61,50.0,0.71,50.0,0.47,5.0,0.46,5.0,0.4,12.0,0.39,50.0,0.29,50.0,0.5,5.0,0.58,10.0,0.61,12.0,0.69,50.0,0.73,450.0,0.03,0.03,617.01766,1776165317000
1776165318.185,18.185,0.27,18.0,0.23,5.0,0.21,55.0,0.16,5.0,0.15,5.0,0.51,96.15,0.55,10.0,0.61,50.0,0.71,50.0,0.81,50.0,0.47,5.0,0.46,5.0,0.4,12.0,0.39,50.0,0.29,50.0,0.5,5.0,0.58,10.0,0.61,12.0,0.69,50.0,0.73,450.0,0.24,0.03,617.01766,1776165317000
1776165318.662,18.662,0.33,5.0,0.27,18.0,0.23,5.0,0.21,55.0,0.16,5.0,0.34,5.0,0.4,5.0,0.41,5.0,0.42,5.0,0.43,5.0,0.49,96.15,0.45,10.0,0.39,50.0,0.29,50.0,0.19,50.0,0.73,18.0,0.77,5.0,0.79,55.0,0.84,5.0,0.85,5.0,0.01,0.24,617.01766,1776165317000
1776165318.946,18.946,0.33,5.0,0.27,18.0,0.23,5.0,0.21,55.0,0.16,5.0,0.34,5.0,0.4,5.0,0.41,5.0,0.42,5.0,0.43,5.0,0.66,5.0,0.6,5.0,0.59,5.0,0.58,5.0,0.57,5.0,0.67,5.0,0.73,18.0,0.77,5.0,0.79,55.0,0.84,5.0,0.01,0.01,617.01615,1776165318000
1776165320.005,20.005,0.3,2.85,0.28,10.0,0.27,18.0,0.23,5.0,0.21,55.0,0.33,5.0,0.34,5.0,0.4,5.0,0.41,5.0,0.42,5.0,0.66,5.0,0.6,5.0,0.59,5.0,0.58,5.0,0.57,5.0,0.67,5.0,0.73,18.0,0.77,5.0,0.79,55.0,0.84,5.0,0.03,0.01,617.01615,1776165318000
1776165320.448,20.448,0.28,2.7,0.27,23.0,0.21,50.0,0.16,5.0,0.15,5.0,0.29,15.0,0.42,5.0,0.43,5.0,0.44,19.0,0.46,5.0,0.67,5.0,0.66,5.0,0.6,5.0,0.59,5.0,0.58,5.0,0.7,2.85,0.72,10.0,0.73,18.0,0.77,5.0,0.79,55.0,0.01,0.03,616.92357,1776165319000
1776165321.189,21.189,0.28,2.7,0.27,23.0,0.21,50.0,0.16,5.0,0.15,5.0,0.29,15.0,0.42,5.0,0.43,5.0,0.44,19.0,0.46,5.0,0.71,15.0,0.58,5.0,0.57,5.0,0.56,19.0,0.54,5.0,0.72,2.7,0.73,23.0,0.79,50.0,0.84,5.0,0.85,5.0,0.01,0.01,616.9154,1776165320000
1776165322.031,22.031,0.28,18.5,0.27,10.0,0.26,5.0,0.21,55.0,0.2,5.0,0.29,15.0,0.39,10.0,0.44,14.0,0.45,5.0,0.46,5.0,0.71,15.0,0.58,5.0,0.57,5.0,0.56,19.0,0.54,5.0,0.72,2.7,0.73,23.0,0.79,50.0,0.84,5.0,0.85,5.0,0.01,0.01,616.9154,1776165320000
1776165322.545,22.545,0.28,18.5,0.27,10.0,0.26,5.0,0.21,55.0,0.2,5.0,0.29,15.0,0.39,10.0,0.44,14.0,0.45,5.0,0.46,5.0,0.71,15.0,0.61,10.0,0.56,14.0,0.55,5.0,0.54,5.0,0.72,18.5,0.73,10.0,0.74,5.0,0.79,55.0,0.8,5.0,0.01,0.01,616.95359,1776165321000
1776165323.026,23.026,0.31,35.0,0.28,27.0,0.21,55.0,0.2,5.0,0.11,150.0,0.44,14.0,0.46,5.0,0.48,10.0,0.49,5.0,0.61,50.0,0.56,14.0,0.54,5.0,0.52,10.0,0.51,5.0,0.39,50.0,0.69,35.0,0.72,27.0,0.79,55.0,0.8,5.0,0.89,150.0,0.13,0.13,616.96425,1776165322000
1776165324.193,24.193,0.33,4.26,0.31,35.0,0.28,27.0,0.21,55.0,0.2,5.0,0.43,10.0,0.44,14.0,0.46,5.0,0.48,10.0,0.49,17.14,0.57,10.0,0.56,14.0,0.54,5.0,0.52,10.0,0.51,17.14,0.67,4.26,0.69,35.0,0.72,27.0,0.79,55.0,0.8,5.0,0.1,0.1,617.02467,1776165323000
1776165325.182,25.182,0.33,0.91,0.32,5.0,0.31,35.0,0.28,27.0,0.27,5.0,0.43,10.0,0.44,14.0,0.45,5.0,0.46,5.0,0.49,12.14,0.57,10.0,0.56,14.0,0.55,5.0,0.54,5.0,0.51,12.14,0.66,0.1,0.67,5.0,0.69,35.0,0.72,27.0,0.73,5.0,0.1,0.09,617.02467,1776165323000
1776165325.93,25.93,0.33,0.91,0.32,5.0,0.31,35.0,0.28,27.0,0.27,5.0,0.43,10.0,0.44,14.0,0.45,5.0,0.46,5.0,0.49,12.14,0.57,10.0,0.56,14.0,0.55,5.0,0.54,5.0,0.51,12.14,0.67,0.91,0.68,5.0,0.69,35.0,0.72,27.0,0.73,5.0,0.1,0.1,617.042622,1776165325000
1776165326.453,26.453,0.32,1.57,0.31,35.0,0.28,27.0,0.27,5.0,0.26,5.0,0.43,10.0,0.44,14.0,0.45,5.0,0.46,5.0,0.49,12.14,0.57,10.0,0.56,14.0,0.55,5.0,0.54,5.0,0.51,12.14,0.67,0.91,0.68,5.0,0.69,35.0,0.72,27.0,0.73,5.0,0.11,0.1,617.042622,1776165325000
1776165327.008,27.008,0.32,1.57,0.31,35.0,0.28,27.0,0.27,5.0,0.26,5.0,0.43,10.0,0.44,14.0,0.45,5.0,0.46,5.0,0.49,12.14,0.57,10.0,0.56,14.0,0.55,5.0,0.54,5.0,0.51,12.14,0.68,1.57,0.69,35.0,0.72,27.0,0.73,5.0,0.74,5.0,0.11,0.11,617.059514,1776165326000
1776165328.169,28.169,0.32,1.57,0.31,35.0,0.28,27.0,0.27,5.0,0.26,5.0,0.43,10.0,0.44,14.0,0.45,5.0,0.46,5.0,0.49,12.14,0.57,10.0,0.56,14.0,0.55,5.0,0.54,5.0,0.51,12.14,0.68,1.57,0.69,35.0,0.72,27.0,0.73,5.0,0.74,5.0,0.11,0.11,617.062263,1776165327000
1776165329.243,29.243,0.32,1.57,0.31,35.0,0.28,27.0,0.27,5.0,0.26,5.0,0.43,10.0,0.44,14.0,0.45,5.0,0.46,5.0,0.49,12.14,0.57,10.0,0.56,14.0,0.55,5.0,0.54,5.0,0.51,12.14,0.68,1.57,0.69,35.0,0.72,27.0,0.73,5.0,0.74,5.0,0.11,0.11,617.0682,1776165328000
1776165330.332,30.332,0.32,1.57,0.31,35.0,0.28,27.0,0.27,5.0,0.26,5.0,0.43,10.0,0.44,14.0,0.45,5.0,0.46,5.0,0.49,12.14,0.57,10.0,0.56,14.0,0.55,5.0,0.54,5.0,0.51,12.14,0.68,1.57,0.69,35.0,0.72,27.0,0.73,5.0,0.74,5.0,0.11,0.11,617.04855,1776165329000
1776165330.926,30.926,0.32,1.57,0.31,35.0,0.28,27.0,0.27,5.0,0.26,5.0,0.43,10.0,0.44,14.0,0.45,5.0,0.46,5.0,0.49,12.14,0.57,10.0,0.56,14.0,0.55,5.0,0.54,5.0,0.51,12.14,0.68,1.57,0.69,35.0,0.72,27.0,0.73,5.0,0.74,5.0,0.11,0.11,617.035608,1776165330000
1776165332.019,32.019,0.32,1.57,0.31,35.0,0.28,27.0,0.27,5.0,0.26,5.0,0.43,10.0,0.44,14.0,0.45,5.0,0.46,5.0,0.49,12.14,0.57,10.0,0.56,14.0,0.55,5.0,0.54,5.0,0.51,12.14,0.68,1.57,0.69,35.0,0.72,27.0,0.73,5.0,0.74,5.0,0.11,0.11,617.030166,1776165331000
1776165333.155,33.155,0.32,1.57,0.31,35.0,0.28,27.0,0.27,5.0,0.26,5.0,0.43,10.0,0.44,14.0,0.45,5.0,0.46,5.0,0.49,12.14,0.57,10.0,0.56,14.0,0.55,5.0,0.54,5.0,0.51,12.14,0.68,1.57,0.69,35.0,0.72,27.0,0.73,5.0,0.74,5.0,0.11,0.11,617.06402,1776165332000
1776165334.712,34.712,0.32,1.57,0.31,35.0,0.28,27.0,0.27,5.0,0.26,5.0,0.43,10.0,0.44,14.0,0.45,5.0,0.46,5.0,0.49,12.14,0.57,10.0,0.56,14.0,0.55,5.0,0.54,5.0,0.51,12.14,0.68,1.57,0.69,35.0,0.72,27.0,0.73,5.0,0.74,5.0,0.11,0.11,617.040468,1776165333000
1776165335.215,35.215,0.32,1.57,0.31,35.0,0.28,27.0,0.27,5.0,0.26,5.0,0.43,10.0,0.44,14.0,0.45,5.0,0.46,5.0,0.49,12.14,0.57,10.0,0.56,14.0,0.55,5.0,0.54,5.0,0.51,12.14,0.68,1.57,0.69,35.0,0.72,27.0,0.73,5.0,0.74,5.0,0.11,0.11,617.027423,1776165334000
1776165336.132,36.132,0.32,1.57,0.31,35.0,0.28,27.0,0.27,5.0,0.26,5.0,0.43,10.0,0.44,14.0,0.45,5.0,0.46,5.0,0.49,12.14,0.57,10.0,0.56,14.0,0.55,5.0,0.54,5.0,0.51,12.14,0.68,1.57,0.69,35.0,0.72,27.0,0.73,5.0,0.74,5.0,0.11,0.11,617.04556,1776165335000
1776165337.08,37.08,0.32,1.57,0.31,35.0,0.28,27.0,0.27,5.0,0.26,5.0,0.43,10.0,0.44,14.0,0.45,5.0,0.46,5.0,0.49,12.14,0.57,10.0,0.56,14.0,0.55,5.0,0.54,5.0,0.51,12.14,0.68,1.57,0.69,35.0,0.72,27.0,0.73,5.0,0.74,5.0,0.11,0.11,617.04957,1776165336000
1776165338.07,38.07,0.32,1.57,0.31,35.0,0.28,27.0,0.27,5.0,0.26,5.0,0.43,10.0,0.44,14.0,0.45,5.0,0.46,5.0,0.49,12.14,0.57,10.0,0.56,14.0,0.55,5.0,0.54,5.0,0.51,12.14,0.68,1.57,0.69,35.0,0.72,27.0,0.73,5.0,0.74,5.0,0.11,0.11,617.05325,1776165337000
1776165339.068,39.068,0.32,1.57,0.31,35.0,0.28,27.0,0.27,5.0,0.26,5.0,0.43,10.0,0.44,14.0,0.45,5.0,0.46,5.0,0.49,12.14,0.57,10.0,0.56,14.0,0.55,5.0,0.54,5.0,0.51,12.14,0.68,1.57,0.69,35.0,0.72,27.0,0.73,5.0,0.74,5.0,0.11,0.11,617.05616,1776165338000
1776165339.955,39.955,0.32,1.57,0.31,35.0,0.28,27.0,0.27,5.0,0.26,5.0,0.43,10.0,0.44,14.0,0.45,5.0,0.46,5.0,0.49,12.14,0.57,10.0,0.56,14.0,0.55,5.0,0.54,5.0,0.51,12.14,0.68,1.57,0.69,35.0,0.72,27.0,0.73,5.0,0.74,5.0,0.11,0.11,617.06773,1776165339000
1776165340.877,40.877,0.32,1.57,0.31,35.0,0.28,27.0,0.27,5.0,0.26,5.0,0.43,10.0,0.44,14.0,0.45,5.0,0.46,5.0,0.49,12.14,0.57,10.0,0.56,14.0,0.55,5.0,0.54,5.0,0.51,12.14,0.68,1.57,0.69,35.0,0.72,27.0,0.73,5.0,0.74,5.0,0.11,0.11,617.06927,1776165340000
1776165341.853,41.853,0.32,1.57,0.31,35.0,0.28,27.0,0.27,5.0,0.26,5.0,0.43,10.0,0.44,14.0,0.45,5.0,0.46,5.0,0.49,12.14,0.57,10.0,0.56,14.0,0.55,5.0,0.54,5.0,0.51,12.14,0.68,1.57,0.69,35.0,0.72,27.0,0.73,5.0,0.74,5.0,0.11,0.11,617.009047,1776165341000
1776165343.24,43.24,0.32,1.57,0.31,35.0,0.28,27.0,0.27,5.0,0.26,5.0,0.43,10.0,0.44,14.0,0.45,5.0,0.46,5.0,0.49,12.14,0.57,10.0,0.56,14.0,0.55,5.0,0.54,5.0,0.51,12.14,0.68,1.57,0.69,35.0,0.72,27.0,0.73,5.0,0.74,5.0,0.11,0.11,616.967442,1776165342000
1776165344.239,44.239,0.32,1.57,0.31,35.0,0.28,27.0,0.27,5.0,0.26,5.0,0.43,10.0,0.44,14.0,0.45,5.0,0.46,5.0,0.49,12.14,0.57,10.0,0.56,14.0,0.55,5.0,0.54,5.0,0.51,12.14,0.68,1.57,0.69,35.0,0.72,27.0,0.73,5.0,0.74,5.0,0.11,0.11,616.998704,1776165343000
1776165345.166,45.166,0.32,1.57,0.31,35.0,0.28,27.0,0.27,5.0,0.26,5.0,0.43,10.0,0.44,14.0,0.45,5.0,0.46,5.0,0.49,12.14,0.57,10.0,0.56,14.0,0.55,5.0,0.54,5.0,0.51,12.14,0.68,1.57,0.69,35.0,0.72,27.0,0.73,5.0,0.74,5.0,0.11,0.11,617.015613,1776165344000
1776165346.218,46.218,0.32,1.57,0.31,35.0,0.28,27.0,0.27,5.0,0.26,5.0,0.43,10.0,0.44,14.0,0.45,5.0,0.46,5.0,0.49,12.14,0.57,10.0,0.56,14.0,0.55,5.0,0.54,5.0,0.51,12.14,0.68,1.57,0.69,35.0,0.72,27.0,0.73,5.0,0.74,5.0,0.11,0.11,617.062385,1776165345000
1776165347.053,47.053,0.32,1.57,0.31,35.0,0.28,27.0,0.27,5.0,0.26,5.0,0.43,10.0,0.44,14.0,0.45,5.0,0.46,5.0,0.49,12.14,0.57,10.0,0.56,14.0,0.55,5.0,0.54,5.0,0.51,12.14,0.68,1.57,0.69,35.0,0.72,27.0,0.73,5.0,0.74,5.0,0.11,0.11,617.059249,1776165346000
1776165348.147,48.147,0.32,1.57,0.31,35.0,0.28,27.0,0.27,5.0,0.26,5.0,0.43,10.0,0.44,14.0,0.45,5.0,0.46,5.0,0.49,12.14,0.57,10.0,0.56,14.0,0.55,5.0,0.54,5.0,0.51,12.14,0.68,1.57,0.69,35.0,0.72,27.0,0.73,5.0,0.74,5.0,0.11,0.11,617.059199,1776165347000
1776165349.074,49.074,0.32,1.57,0.31,35.0,0.28,27.0,0.27,5.0,0.26,5.0,0.43,10.0,0.44,14.0,0.45,5.0,0.46,5.0,0.49,12.14,0.57,10.0,0.56,14.0,0.55,5.0,0.54,5.0,0.51,12.14,0.68,1.57,0.69,35.0,0.72,27.0,0.73,5.0,0.74,5.0,0.11,0.11,617.059479,1776165348000
1776165350.082,50.082,0.32,1.57,0.31,35.0,0.28,27.0,0.27,5.0,0.26,5.0,0.43,10.0,0.44,14.0,0.45,5.0,0.46,5.0,0.49,12.14,0.57,10.0,0.56,14.0,0.55,5.0,0.54,5.0,0.51,12.14,0.68,1.57,0.69,35.0,0.72,27.0,0.73,5.0,0.74,5.0,0.11,0.11,617.038516,1776165349000
1776165351.091,51.091,0.32,1.57,0.31,35.0,0.28,27.0,0.27,5.0,0.26,5.0,0.43,10.0,0.44,14.0,0.45,5.0,0.46,5.0,0.49,12.14,0.57,10.0,0.56,14.0,0.55,5.0,0.54,5.0,0.51,12.14,0.68,1.57,0.69,35.0,0.72,27.0,0.73,5.0,0.74,5.0,0.11,0.11,617.041406,1776165350000
1776165352.124,52.124,0.32,1.57,0.31,35.0,0.28,27.0,0.27,5.0,0.26,5.0,0.43,10.0,0.44,14.0,0.45,5.0,0.46,5.0,0.49,12.14,0.57,10.0,0.56,14.0,0.55,5.0,0.54,5.0,0.51,12.14,0.68,1.57,0.69,35.0,0.72,27.0,0.73,5.0,0.74,5.0,0.11,0.11,617.084232,1776165351000
1776165353.127,53.127,0.32,1.57,0.31,35.0,0.28,27.0,0.27,5.0,0.26,5.0,0.43,10.0,0.44,14.0,0.45,5.0,0.46,5.0,0.49,12.14,0.57,10.0,0.56,14.0,0.55,5.0,0.54,5.0,0.51,12.14,0.68,1.57,0.69,35.0,0.72,27.0,0.73,5.0,0.74,5.0,0.11,0.11,617.097681,1776165352000
1776165354.06,54.06,0.32,1.57,0.31,35.0,0.28,27.0,0.27,5.0,0.26,5.0,0.43,10.0,0.44,14.0,0.45,5.0,0.46,5.0,0.49,12.14,0.57,10.0,0.56,14.0,0.55,5.0,0.54,5.0,0.51,12.14,0.68,1.57,0.69,35.0,0.72,27.0,0.73,5.0,0.74,5.0,0.11,0.11,617.076643,1776165353000
1776165355.038,55.038,0.32,1.57,0.31,35.0,0.28,27.0,0.27,5.0,0.26,5.0,0.43,10.0,0.44,14.0,0.45,5.0,0.46,5.0,0.49,12.14,0.57,10.0,0.56,14.0,0.55,5.0,0.54,5.0,0.51,12.14,0.68,1.57,0.69,35.0,0.72,27.0,0.73,5.0,0.74,5.0,0.11,0.11,617.100676,1776165354000
1776165356.088,56.088,0.32,1.57,0.31,35.0,0.28,27.0,0.27,5.0,0.26,5.0,0.43,10.0,0.44,14.0,0.45,5.0,0.46,5.0,0.49,12.14,0.57,10.0,0.56,14.0,0.55,5.0,0.54,5.0,0.51,12.14,0.68,1.57,0.69,35.0,0.72,27.0,0.73,5.0,0.74,5.0,0.11,0.11,617.095566,1776165355000
1776165357.057,57.057,0.32,1.57,0.31,35.0,0.28,27.0,0.27,5.0,0.26,5.0,0.43,10.0,0.44,14.0,0.45,5.0,0.46,5.0,0.49,12.14,0.57,10.0,0.56,14.0,0.55,5.0,0.54,5.0,0.51,12.14,0.68,1.57,0.69,35.0,0.72,27.0,0.73,5.0,0.74,5.0,0.11,0.11,617.095041,1776165356000
1776165357.571,57.571,0.37,13.0,0.34,11.6,0.33,11.8,0.32,11.9,0.31,67.2,0.44,3.0,0.54,10.0,0.58,11.0,0.59,5.0,0.61,50.0,0.57,10.0,0.56,14.0,0.55,5.0,0.54,5.0,0.51,12.14,0.68,1.57,0.69,35.0,0.72,27.0,0.73,5.0,0.74,5.0,0.07,0.11,617.095041,1776165356000
1776165358.092,58.092,0.37,13.0,0.34,11.6,0.33,11.8,0.32,11.9,0.31,67.2,0.44,3.0,0.54,10.0,0.58,11.0,0.59,5.0,0.61,50.0,0.56,3.0,0.46,10.0,0.42,11.0,0.41,5.0,0.39,50.0,0.63,13.0,0.66,11.6,0.67,11.8,0.68,11.9,0.69,67.2,0.07,0.07,617.092217,1776165357000
1776165359.046,59.046,0.37,13.0,0.34,11.6,0.33,11.8,0.32,11.9,0.31,67.2,0.44,3.0,0.54,10.0,0.58,11.0,0.59,5.0,0.61,50.0,0.56,3.0,0.46,10.0,0.42,11.0,0.41,5.0,0.39,50.0,0.63,13.0,0.66,11.6,0.67,11.8,0.68,11.9,0.69,67.2,0.07,0.07,617.101922,1776165358000
1776165359.912,59.912,0.37,13.0,0.34,11.6,0.33,11.8,0.32,11.9,0.31,67.2,0.44,3.0,0.54,10.0,0.58,11.0,0.59,5.0,0.61,50.0,0.56,3.0,0.46,10.0,0.42,11.0,0.41,5.0,0.39,50.0,0.63,13.0,0.66,11.6,0.67,11.8,0.68,11.9,0.69,67.2,0.07,0.07,617.129034,1776165359000
1776165361.515,61.515,0.37,13.0,0.34,11.6,0.33,11.8,0.32,11.9,0.31,67.2,0.44,3.0,0.54,10.0,0.58,11.0,0.59,5.0,0.61,50.0,0.56,3.0,0.46,10.0,0.42,11.0,0.41,5.0,0.39,50.0,0.63,13.0,0.66,11.6,0.67,11.8,0.68,11.9,0.69,67.2,0.07,0.07,617.122827,1776165360000
1776165362.07,62.07,0.37,13.0,0.34,11.6,0.33,11.8,0.32,11.9,0.31,67.2,0.44,3.0,0.54,10.0,0.58,11.0,0.59,5.0,0.61,50.0,0.56,3.0,0.46,10.0,0.42,11.0,0.41,5.0,0.39,50.0,0.63,13.0,0.66,11.6,0.67,11.8,0.68,11.9,0.69,67.2,0.07,0.07,617.131868,1776165361000
1776165363.213,63.213,0.37,13.0,0.34,11.6,0.33,11.8,0.32,11.9,0.31,67.2,0.44,3.0,0.54,10.0,0.58,11.0,0.59,5.0,0.61,50.0,0.56,3.0,0.46,10.0,0.42,11.0,0.41,5.0,0.39,50.0,0.63,13.0,0.66,11.6,0.67,11.8,0.68,11.9,0.69,67.2,0.07,0.07,617.133009,1776165362000
1776165364.366,64.366,0.37,13.0,0.34,11.6,0.33,11.8,0.32,11.9,0.31,67.2,0.44,3.0,0.54,10.0,0.58,11.0,0.59,5.0,0.61,50.0,0.56,3.0,0.46,10.0,0.42,11.0,0.41,5.0,0.39,50.0,0.63,13.0,0.66,11.6,0.67,11.8,0.68,11.9,0.69,67.2,0.07,0.07,617.136,1776165363000
1776165365.335,65.335,0.41,6.09,0.4,10.8,0.39,10.9,0.38,11.0,0.37,11.2,0.44,3.0,0.53,12.14,0.54,10.0,0.56,11.0,0.58,5.0,0.56,3.0,0.46,10.0,0.42,11.0,0.41,5.0,0.39,50.0,0.63,13.0,0.66,11.6,0.67,11.8,0.68,11.9,0.69,67.2,0.03,0.07,617.136,1776165363000
1776165365.662,65.662,0.41,6.09,0.4,10.8,0.39,10.9,0.38,11.0,0.37,11.2,0.44,3.0,0.53,12.14,0.54,10.0,0.56,11.0,0.58,5.0,0.56,3.0,0.47,12.14,0.46,10.0,0.44,11.0,0.42,5.0,0.59,6.09,0.6,10.8,0.61,10.9,0.62,11.0,0.63,11.2,0.03,0.03,617.137551,1776165364000
1776165366.217,66.217,0.42,10.7,0.41,6.09,0.4,10.8,0.39,10.9,0.38,11.0,0.53,12.14,0.54,10.0,0.56,11.0,0.58,5.0,0.59,5.0,0.47,12.14,0.46,10.0,0.44,11.0,0.42,5.0,0.41,5.0,0.58,10.7,0.59,6.09,0.6,10.8,0.61,10.9,0.62,11.0,0.11,0.11,617.137341,1776165365000
1776165367.276,67.276,0.42,10.7,0.41,6.09,0.4,10.8,0.39,10.9,0.38,11.0,0.53,12.14,0.54,10.0,0.56,11.0,0.58,5.0,0.59,5.0,0.47,12.14,0.46,10.0,0.44,11.0,0.42,5.0,0.41,5.0,0.58,10.7,0.59,6.09,0.6,10.8,0.61,10.9,0.62,11.0,0.11,0.11,617.13597,1776165366000
1776165368.605,68.605,0.42,10.7,0.41,6.09,0.4,10.8,0.39,10.9,0.38,11.0,0.53,12.14,0.54,10.0,0.56,11.0,0.58,5.0,0.59,5.0,0.47,12.14,0.46,10.0,0.44,11.0,0.42,5.0,0.41,5.0,0.58,10.7,0.59,6.09,0.6,10.8,0.61,10.9,0.62,11.0,0.11,0.11,617.099208,1776165367000
1776165369.151,69.151,0.42,10.7,0.41,6.09,0.4,10.8,0.39,10.9,0.38,11.0,0.53,12.14,0.54,10.0,0.56,11.0,0.58,5.0,0.59,5.0,0.47,12.14,0.46,10.0,0.44,11.0,0.42,5.0,0.41,5.0,0.58,10.7,0.59,6.09,0.6,10.8,0.61,10.9,0.62,11.0,0.11,0.11,617.07818,1776165368000
1776165370.319,70.319,0.42,10.7,0.41,6.09,0.4,10.8,0.39,10.9,0.38,11.0,0.53,12.14,0.54,10.0,0.56,11.0,0.58,5.0,0.59,5.0,0.47,12.14,0.46,10.0,0.44,11.0,0.42,5.0,0.41,5.0,0.58,10.7,0.59,6.09,0.6,10.8,0.61,10.9,0.62,11.0,0.11,0.11,617.056463,1776165369000
1776165371.534,71.534,0.42,10.7,0.41,6.09,0.4,10.8,0.39,10.9,0.38,11.0,0.53,12.14,0.54,10.0,0.56,11.0,0.58,5.0,0.59,5.0,0.47,12.14,0.46,10.0,0.44,11.0,0.42,5.0,0.41,5.0,0.58,10.7,0.59,6.09,0.6,10.8,0.61,10.9,0.62,11.0,0.11,0.11,617.058638,1776165370000
1776165372.143,72.143,0.42,10.7,0.41,6.09,0.4,10.8,0.39,10.9,0.38,11.0,0.53,12.14,0.54,10.0,0.56,11.0,0.58,5.0,0.59,5.0,0.47,12.14,0.46,10.0,0.44,11.0,0.42,5.0,0.41,5.0,0.58,10.7,0.59,6.09,0.6,10.8,0.61,10.9,0.62,11.0,0.11,0.11,617.078627,1776165371000
1776165373.458,73.458,0.42,10.7,0.41,6.09,0.4,10.8,0.39,10.9,0.38,11.0,0.53,12.14,0.54,10.0,0.56,11.0,0.58,5.0,0.59,5.0,0.47,12.14,0.46,10.0,0.44,11.0,0.42,5.0,0.41,5.0,0.58,10.7,0.59,6.09,0.6,10.8,0.61,10.9,0.62,11.0,0.11,0.11,617.075383,1776165372000
1776165374.377,74.377,0.42,10.7,0.41,6.09,0.4,10.8,0.39,10.9,0.38,11.0,0.53,12.14,0.54,10.0,0.56,11.0,0.58,5.0,0.59,5.0,0.47,12.14,0.46,10.0,0.44,11.0,0.42,5.0,0.41,5.0,0.58,10.7,0.59,6.09,0.6,10.8,0.61,10.9,0.62,11.0,0.11,0.11,617.063045,1776165373000
1776165375.442,75.442,0.42,10.7,0.41,6.09,0.4,10.8,0.39,10.9,0.38,11.0,0.53,12.14,0.54,10.0,0.56,11.0,0.58,5.0,0.59,5.0,0.47,12.14,0.46,10.0,0.44,11.0,0.42,5.0,0.41,5.0,0.58,10.7,0.59,6.09,0.6,10.8,0.61,10.9,0.62,11.0,0.11,0.11,617.061685,1776165374000
1776165376.026,76.026,0.42,10.7,0.41,6.09,0.4,10.8,0.39,10.9,0.38,11.0,0.53,12.14,0.54,10.0,0.56,11.0,0.58,5.0,0.59,5.0,0.47,12.14,0.46,10.0,0.44,11.0,0.42,5.0,0.41,5.0,0.58,10.7,0.59,6.09,0.6,10.8,0.61,10.9,0.62,11.0,0.11,0.11,617.075732,1776165375000
1776165377.073,77.073,0.42,10.7,0.41,6.09,0.4,10.8,0.39,10.9,0.38,11.0,0.53,12.14,0.54,10.0,0.56,11.0,0.58,5.0,0.59,5.0,0.47,12.14,0.46,10.0,0.44,11.0,0.42,5.0,0.41,5.0,0.58,10.7,0.59,6.09,0.6,10.8,0.61,10.9,0.62,11.0,0.11,0.11,617.080994,1776165376000
1776165377.737,77.737,0.28,12.9,0.27,13.2,0.26,13.5,0.25,33.9,0.24,14.3,0.36,30.0,0.37,12.14,0.46,19.0,0.5,10.4,0.51,60.4,0.47,12.14,0.46,10.0,0.44,11.0,0.42,5.0,0.41,5.0,0.58,10.7,0.59,6.09,0.6,10.8,0.61,10.9,0.62,11.0,0.08,0.11,617.080994,1776165376000
1776165378.16,78.16,0.28,12.9,0.27,13.2,0.26,13.5,0.25,33.9,0.24,14.3,0.36,30.0,0.37,12.14,0.46,19.0,0.5,10.4,0.51,60.4,0.64,30.0,0.63,12.14,0.54,19.0,0.5,10.4,0.49,60.4,0.72,12.9,0.73,13.2,0.74,13.5,0.75,33.9,0.76,14.3,0.08,0.08,617.079473,1776165377000
1776165379.214,79.214,0.28,12.9,0.27,13.2,0.26,13.5,0.25,33.9,0.24,14.3,0.36,30.0,0.37,12.14,0.46,19.0,0.5,10.4,0.51,60.4,0.64,30.0,0.63,12.14,0.54,19.0,0.5,10.4,0.49,60.4,0.72,12.9,0.73,13.2,0.74,13.5,0.75,33.9,0.76,14.3,0.08,0.08,616.94654,1776165378000
1776165380.214,80.214,0.28,12.9,0.27,13.2,0.26,13.5,0.25,33.9,0.24,14.3,0.36,30.0,0.37,12.14,0.46,19.0,0.5,10.4,0.51,60.4,0.64,30.0,0.63,12.14,0.54,19.0,0.5,10.4,0.49,60.4,0.72,12.9,0.73,13.2,0.74,13.5,0.75,33.9,0.76,14.3,0.08,0.08,616.93788,1776165379000
1776165381.497,81.497,0.28,12.9,0.27,13.2,0.26,13.5,0.25,33.9,0.24,14.3,0.36,30.0,0.37,12.14,0.46,19.0,0.5,10.4,0.51,60.4,0.64,30.0,0.63,12.14,0.54,19.0,0.5,10.4,0.49,60.4,0.72,12.9,0.73,13.2,0.74,13.5,0.75,33.9,0.76,14.3,0.08,0.08,616.94129,1776165380000
1776165381.969,81.969,0.28,12.9,0.27,13.2,0.26,13.5,0.25,33.9,0.24,14.3,0.36,30.0,0.37,12.14,0.46,19.0,0.5,10.4,0.51,60.4,0.64,30.0,0.63,12.14,0.54,19.0,0.5,10.4,0.49,60.4,0.72,12.9,0.73,13.2,0.74,13.5,0.75,33.9,0.76,14.3,0.08,0.08,616.92517,1776165381000
1776165382.934,82.934,0.28,12.9,0.27,13.2,0.26,13.5,0.25,33.9,0.24,14.3,0.36,30.0,0.37,12.14,0.46,19.0,0.5,10.4,0.51,60.4,0.64,30.0,0.63,12.14,0.54,19.0,0.5,10.4,0.49,60.4,0.72,12.9,0.73,13.2,0.74,13.5,0.75,33.9,0.76,14.3,0.08,0.08,616.93544,1776165382000
1776165383.922,83.922,0.28,12.9,0.27,13.2,0.26,13.5,0.25,33.9,0.24,14.3,0.36,30.0,0.37,12.14,0.46,19.0,0.5,10.4,0.51,60.4,0.64,30.0,0.63,12.14,0.54,19.0,0.5,10.4,0.49,60.4,0.72,12.9,0.73,13.2,0.74,13.5,0.75,33.9,0.76,14.3,0.08,0.08,616.94868,1776165383000
1776165385.043,85.043,0.28,12.9,0.27,13.2,0.26,13.5,0.25,33.9,0.24,14.3,0.36,30.0,0.37,12.14,0.46,19.0,0.5,10.4,0.51,60.4,0.64,30.0,0.63,12.14,0.54,19.0,0.5,10.4,0.49,60.4,0.72,12.9,0.73,13.2,0.74,13.5,0.75,33.9,0.76,14.3,0.08,0.08,616.942907,1776165384000
1776165386.042,86.042,0.28,12.9,0.27,13.2,0.26,13.5,0.25,33.9,0.24,14.3,0.36,30.0,0.37,12.14,0.46,19.0,0.5,10.4,0.51,60.4,0.64,30.0,0.63,12.14,0.54,19.0,0.5,10.4,0.49,60.4,0.72,12.9,0.73,13.2,0.74,13.5,0.75,33.9,0.76,14.3,0.08,0.08,616.96766,1776165385000
1776165387.173,87.173,0.28,12.9,0.27,13.2,0.26,13.5,0.25,33.9,0.24,14.3,0.36,30.0,0.37,12.14,0.46,19.0,0.5,10.4,0.51,60.4,0.64,30.0,0.63,12.14,0.54,19.0,0.5,10.4,0.49,60.4,0.72,12.9,0.73,13.2,0.74,13.5,0.75,33.9,0.76,14.3,0.08,0.08,616.95245,1776165386000
1776165388.291,88.291,0.28,12.9,0.27,13.2,0.26,13.5,0.25,33.9,0.24,14.3,0.36,30.0,0.37,12.14,0.46,19.0,0.5,10.4,0.51,60.4,0.64,30.0,0.63,12.14,0.54,19.0,0.5,10.4,0.49,60.4,0.72,12.9,0.73,13.2,0.74,13.5,0.75,33.9,0.76,14.3,0.08,0.08,616.95392,1776165387000
1776165389.236,89.236,0.28,12.9,0.27,13.2,0.26,13.5,0.25,33.9,0.24,14.3,0.36,30.0,0.37,12.14,0.46,19.0,0.5,10.4,0.51,60.4,0.64,30.0,0.63,12.14,0.54,19.0,0.5,10.4,0.49,60.4,0.72,12.9,0.73,13.2,0.74,13.5,0.75,33.9,0.76,14.3,0.08,0.08,616.96778,1776165388000
1776165389.982,89.982,0.29,0.6,0.28,12.9,0.27,13.2,0.26,32.5,0.25,13.9,0.31,5.0,0.34,5.0,0.37,12.14,0.4,5.0,0.41,5.0,0.64,30.0,0.63,12.14,0.54,19.0,0.5,10.4,0.49,60.4,0.72,12.9,0.73,13.2,0.74,13.5,0.75,33.9,0.76,14.3,0.02,0.08,616.96778,1776165388000
1776165390.276,90.276,0.29,0.6,0.28,12.9,0.27,13.2,0.26,32.5,0.25,13.9,0.31,5.0,0.34,5.0,0.37,12.14,0.4,5.0,0.41,5.0,0.69,5.0,0.66,5.0,0.63,12.14,0.6,5.0,0.59,5.0,0.71,0.6,0.72,12.9,0.73,13.2,0.74,32.5,0.75,13.9,0.02,0.02,616.96846,1776165389000
1776165391.398,91.398,0.29,0.6,0.28,12.9,0.27,13.2,0.26,32.5,0.25,13.9,0.31,5.0,0.34,5.0,0.37,12.14,0.4,5.0,0.41,5.0,0.69,5.0,0.66,5.0,0.63,12.14,0.6,5.0,0.59,5.0,0.71,0.6,0.72,12.9,0.73,13.2,0.74,32.5,0.75,13.9,0.02,0.02,616.96668,1776165390000
1776165392.183,92.183,0.28,0.5,0.27,13.2,0.26,13.5,0.25,13.9,0.24,34.3,0.31,5.0,0.34,5.0,0.37,12.14,0.39,5.0,0.4,5.0,0.69,5.0,0.66,5.0,0.63,12.14,0.6,5.0,0.59,5.0,0.71,0.6,0.72,12.9,0.73,13.2,0.74,32.5,0.75,13.9,0.03,0.02,616.96668,1776165390000
1776165392.953,92.953,0.28,0.5,0.27,13.2,0.26,13.5,0.25,13.9,0.24,34.3,0.31,5.0,0.34,5.0,0.37,12.14,0.39,5.0,0.4,5.0,0.69,5.0,0.66,5.0,0.63,12.14,0.61,5.0,0.6,5.0,0.72,0.5,0.73,13.2,0.74,13.5,0.75,13.9,0.76,34.3,0.03,0.03,616.99807,1776165392000
1776165394.037,94.037,0.28,0.5,0.27,13.2,0.26,13.5,0.25,13.9,0.24,34.3,0.31,5.0,0.34,5.0,0.37,12.14,0.39,5.0,0.4,5.0,0.69,5.0,0.66,5.0,0.63,12.14,0.61,5.0,0.6,5.0,0.72,0.5,0.73,13.2,0.74,13.5,0.75,13.9,0.76,34.3,0.03,0.03,616.96294,1776165393000
1776165395.089,95.089,0.28,0.5,0.27,13.2,0.26,13.5,0.25,13.9,0.24,34.3,0.31,5.0,0.34,5.0,0.37,12.14,0.39,5.0,0.4,5.0,0.69,5.0,0.66,5.0,0.63,12.14,0.61,5.0,0.6,5.0,0.72,0.5,0.73,13.2,0.74,13.5,0.75,13.9,0.76,34.3,0.03,0.03,616.96336,1776165394000
1776165396.267,96.267,0.28,0.5,0.27,13.2,0.26,13.5,0.25,13.9,0.24,34.3,0.31,5.0,0.34,5.0,0.37,12.14,0.39,5.0,0.4,5.0,0.69,5.0,0.66,5.0,0.63,12.14,0.61,5.0,0.6,5.0,0.72,0.5,0.73,13.2,0.74,13.5,0.75,13.9,0.76,34.3,0.03,0.03,616.96949,1776165395000
1776165397.343,97.343,0.28,0.5,0.27,13.2,0.26,13.5,0.25,13.9,0.24,34.3,0.31,5.0,0.34,5.0,0.37,12.14,0.39,5.0,0.4,5.0,0.69,5.0,0.66,5.0,0.63,12.14,0.61,5.0,0.6,5.0,0.72,0.5,0.73,13.2,0.74,13.5,0.75,13.9,0.76,34.3,0.03,0.03,616.97598,1776165396000
1776165398.451,98.451,0.28,0.5,0.27,13.2,0.26,13.5,0.25,13.9,0.24,34.3,0.31,5.0,0.34,5.0,0.37,12.14,0.39,5.0,0.4,5.0,0.69,5.0,0.66,5.0,0.63,12.14,0.61,5.0,0.6,5.0,0.72,0.5,0.73,13.2,0.74,13.5,0.75,13.9,0.76,34.3,0.03,0.03,616.929765,1776165397000
1776165399.002,99.002,0.28,0.5,0.27,13.2,0.26,13.5,0.25,13.9,0.24,34.3,0.31,5.0,0.34,5.0,0.37,12.14,0.39,5.0,0.4,5.0,0.69,5.0,0.66,5.0,0.63,12.14,0.61,5.0,0.6,5.0,0.72,0.5,0.73,13.2,0.74,13.5,0.75,13.9,0.76,34.3,0.03,0.03,616.929765,1776165398000
1776165400.097,100.097,0.28,0.5,0.27,13.2,0.26,13.5,0.25,13.9,0.24,34.3,0.31,5.0,0.34,5.0,0.37,12.14,0.39,5.0,0.4,5.0,0.69,5.0,0.66,5.0,0.63,12.14,0.61,5.0,0.6,5.0,0.72,0.5,0.73,13.2,0.74,13.5,0.75,13.9,0.76,34.3,0.03,0.03,616.983546,1776165399000
1776165401.211,101.211,0.28,0.5,0.27,13.2,0.26,13.5,0.25,13.9,0.24,34.3,0.31,5.0,0.34,5.0,0.37,12.14,0.39,5.0,0.4,5.0,0.69,5.0,0.66,5.0,0.63,12.14,0.61,5.0,0.6,5.0,0.72,0.5,0.73,13.2,0.74,13.5,0.75,13.9,0.76,34.3,0.03,0.03,616.959723,1776165400000
1776165402.278,102.278,0.28,0.5,0.27,13.2,0.26,13.5,0.25,13.9,0.24,34.3,0.31,5.0,0.34,5.0,0.37,12.14,0.39,5.0,0.4,5.0,0.69,5.0,0.66,5.0,0.63,12.14,0.61,5.0,0.6,5.0,0.72,0.5,0.73,13.2,0.74,13.5,0.75,13.9,0.76,34.3,0.03,0.03,616.938623,1776165401000
1776165403.437,103.437,0.28,0.5,0.27,13.2,0.26,13.5,0.25,13.9,0.24,34.3,0.31,5.0,0.34,5.0,0.37,12.14,0.39,5.0,0.4,5.0,0.69,5.0,0.66,5.0,0.63,12.14,0.61,5.0,0.6,5.0,0.72,0.5,0.73,13.2,0.74,13.5,0.75,13.9,0.76,34.3,0.03,0.03,616.940608,1776165402000
1776165404.76,104.76,0.28,0.5,0.27,13.2,0.26,13.5,0.25,13.9,0.24,34.3,0.31,5.0,0.34,5.0,0.37,12.14,0.39,5.0,0.4,5.0,0.69,5.0,0.66,5.0,0.63,12.14,0.61,5.0,0.6,5.0,0.72,0.5,0.73,13.2,0.74,13.5,0.75,13.9,0.76,34.3,0.03,0.03,616.940761,1776165403000
1776165405.688,105.688,0.28,0.5,0.27,13.2,0.26,13.5,0.25,13.9,0.24,34.3,0.31,5.0,0.34,5.0,0.37,12.14,0.39,5.0,0.4,5.0,0.69,5.0,0.66,5.0,0.63,12.14,0.61,5.0,0.6,5.0,0.72,0.5,0.73,13.2,0.74,13.5,0.75,13.9,0.76,34.3,0.03,0.03,616.940517,1776165404000
1776165406.602,106.602,0.28,0.5,0.27,13.2,0.26,13.5,0.25,13.9,0.24,34.3,0.31,5.0,0.34,5.0,0.37,12.14,0.39,5.0,0.4,5.0,0.69,5.0,0.66,5.0,0.63,12.14,0.61,5.0,0.6,5.0,0.72,0.5,0.73,13.2,0.74,13.5,0.75,13.9,0.76,34.3,0.03,0.03,616.941021,1776165405000
1776165407.273,107.273,0.28,0.5,0.27,13.2,0.26,13.5,0.25,13.9,0.24,34.3,0.31,5.0,0.34,5.0,0.37,12.14,0.39,5.0,0.4,5.0,0.69,5.0,0.66,5.0,0.63,12.14,0.61,5.0,0.6,5.0,0.72,0.5,0.73,13.2,0.74,13.5,0.75,13.9,0.76,34.3,0.03,0.03,616.940616,1776165406000
1776165408.847,108.847,0.28,0.5,0.27,13.2,0.26,13.5,0.25,13.9,0.24,34.3,0.31,5.0,0.34,5.0,0.37,12.14,0.39,5.0,0.4,5.0,0.69,5.0,0.66,5.0,0.63,12.14,0.61,5.0,0.6,5.0,0.72,0.5,0.73,13.2,0.74,13.5,0.75,13.9,0.76,34.3,0.03,0.03,616.9421,1776165407000
1776165409.653,109.653,0.28,0.5,0.27,13.2,0.26,13.5,0.25,13.9,0.24,34.3,0.31,5.0,0.34,5.0,0.37,12.14,0.39,5.0,0.4,5.0,0.69,5.0,0.66,5.0,0.63,12.14,0.61,5.0,0.6,5.0,0.72,0.5,0.73,13.2,0.74,13.5,0.75,13.9,0.76,34.3,0.03,0.03,616.979955,1776165408000
1776165410.526,110.526,0.28,0.5,0.27,13.2,0.26,13.5,0.25,13.9,0.24,34.3,0.31,5.0,0.34,5.0,0.37,12.14,0.39,5.0,0.4,5.0,0.69,5.0,0.66,5.0,0.63,12.14,0.61,5.0,0.6,5.0,0.72,0.5,0.73,13.2,0.74,13.5,0.75,13.9,0.76,34.3,0.03,0.03,616.986178,1776165409000
1776165411.101,111.101,0.28,0.5,0.27,13.2,0.26,13.5,0.25,13.9,0.24,34.3,0.31,5.0,0.34,5.0,0.37,12.14,0.39,5.0,0.4,5.0,0.69,5.0,0.66,5.0,0.63,12.14,0.61,5.0,0.6,5.0,0.72,0.5,0.73,13.2,0.74,13.5,0.75,13.9,0.76,34.3,0.03,0.03,616.985787,1776165410000
1776165412.733,112.733,0.28,0.5,0.27,13.2,0.26,13.5,0.25,13.9,0.24,34.3,0.31,5.0,0.34,5.0,0.37,12.14,0.39,5.0,0.4,5.0,0.69,5.0,0.66,5.0,0.63,12.14,0.61,5.0,0.6,5.0,0.72,0.5,0.73,13.2,0.74,13.5,0.75,13.9,0.76,34.3,0.03,0.03,616.983978,1776165411000
1776165413.467,113.467,0.28,0.5,0.27,13.2,0.26,13.5,0.25,13.9,0.24,34.3,0.31,5.0,0.34,5.0,0.37,12.14,0.39,5.0,0.4,5.0,0.69,5.0,0.66,5.0,0.63,12.14,0.61,5.0,0.6,5.0,0.72,0.5,0.73,13.2,0.74,13.5,0.75,13.9,0.76,34.3,0.03,0.03,616.94803,1776165412000
1776165414.277,114.277,0.28,0.5,0.27,13.2,0.26,13.5,0.25,13.9,0.24,34.3,0.31,5.0,0.34,5.0,0.37,12.14,0.39,5.0,0.4,5.0,0.69,5.0,0.66,5.0,0.63,12.14,0.61,5.0,0.6,5.0,0.72,0.5,0.73,13.2,0.74,13.5,0.75,13.9,0.76,34.3,0.03,0.03,616.944781,1776165413000
1776165415.158,115.158,0.27,13.2,0.26,13.5,0.25,13.9,0.24,14.3,0.23,14.7,0.33,5.0,0.35,12.14,0.38,5.0,0.39,5.0,0.4,5.0,0.69,5.0,0.66,5.0,0.63,12.14,0.61,5.0,0.6,5.0,0.72,0.5,0.73,13.2,0.74,13.5,0.75,13.9,0.76,34.3,0.06,0.03,616.944781,1776165413000
1776165415.81,115.81,0.27,13.2,0.26,13.5,0.25,13.9,0.24,14.3,0.23,14.7,0.33,5.0,0.35,12.14,0.38,5.0,0.39,5.0,0.4,5.0,0.67,5.0,0.65,12.14,0.62,5.0,0.61,5.0,0.6,5.0,0.73,13.2,0.74,13.5,0.75,13.9,0.76,14.3,0.77,14.7,0.06,0.06,616.944395,1776165414000
1776165416.556,116.556,0.27,13.2,0.26,13.5,0.25,13.9,0.24,14.3,0.23,14.7,0.33,5.0,0.35,12.14,0.38,5.0,0.39,5.0,0.4,5.0,0.67,5.0,0.65,12.14,0.62,5.0,0.61,5.0,0.6,5.0,0.73,13.2,0.74,13.5,0.75,13.9,0.76,14.3,0.77,14.7,0.06,0.06,616.92717,1776165415000
1776165417.3,117.3,0.27,13.2,0.26,13.5,0.25,13.9,0.24,14.3,0.23,14.7,0.33,5.0,0.35,12.14,0.38,5.0,0.39,5.0,0.4,5.0,0.67,5.0,0.65,12.14,0.62,5.0,0.61,5.0,0.6,5.0,0.73,13.2,0.74,13.5,0.75,13.9,0.76,14.3,0.77,14.7,0.06,0.06,616.92717,1776165416000
1776165418.933,118.933,0.27,13.2,0.26,13.5,0.25,13.9,0.24,14.3,0.23,14.7,0.33,5.0,0.35,12.14,0.38,5.0,0.39,5.0,0.4,5.0,0.67,5.0,0.65,12.14,0.62,5.0,0.61,5.0,0.6,5.0,0.73,13.2,0.74,13.5,0.75,13.9,0.76,14.3,0.77,14.7,0.06,0.06,616.936426,1776165417000
1776165419.694,119.694,0.27,13.2,0.26,13.5,0.25,13.9,0.24,14.3,0.23,14.7,0.33,5.0,0.35,12.14,0.38,5.0,0.39,5.0,0.4,5.0,0.67,5.0,0.65,12.14,0.62,5.0,0.61,5.0,0.6,5.0,0.73,13.2,0.74,13.5,0.75,13.9,0.76,14.3,0.77,14.7,0.06,0.06,616.93411,1776165418000
1776165420.414,120.414,0.27,13.2,0.26,13.5,0.25,13.9,0.24,14.3,0.23,14.7,0.33,5.0,0.35,12.14,0.4,8.0,0.43,20.6,0.44,10.6,0.67,5.0,0.65,12.14,0.62,5.0,0.61,5.0,0.6,5.0,0.73,13.2,0.74,13.5,0.75,13.9,0.76,14.3,0.77,14.7,0.06,0.06,616.93411,1776165418000
1776165421.274,121.274,0.27,13.2,0.26,13.5,0.25,13.9,0.24,14.3,0.23,14.7,0.33,5.0,0.35,12.14,0.4,8.0,0.43,20.6,0.44,10.6,0.67,5.0,0.65,12.14,0.6,8.0,0.57,20.6,0.56,10.6,0.73,13.2,0.74,13.5,0.75,13.9,0.76,14.3,0.77,14.7,0.06,0.06,616.95243,1776165420000
1776165422.745,122.745,0.27,13.2,0.26,13.5,0.25,13.9,0.24,14.3,0.23,14.7,0.33,5.0,0.35,12.14,0.4,8.0,0.43,20.6,0.44,10.6,0.67,5.0,0.65,12.14,0.6,8.0,0.57,20.6,0.56,10.6,0.73,13.2,0.74,13.5,0.75,13.9,0.76,14.3,0.77,14.7,0.06,0.06,616.946305,1776165421000
1776165423.81,123.81,0.27,13.2,0.26,13.5,0.25,13.9,0.24,14.3,0.23,14.7,0.33,5.0,0.35,12.14,0.4,8.0,0.43,20.6,0.44,10.6,0.67,5.0,0.65,12.14,0.6,8.0,0.57,20.6,0.56,10.6,0.73,13.2,0.74,13.5,0.75,13.9,0.76,14.3,0.77,14.7,0.06,0.06,616.92843,1776165422000
1776165424.335,124.335,0.27,13.2,0.26,13.5,0.25,13.9,0.24,14.3,0.23,14.7,0.33,5.0,0.35,12.14,0.4,8.0,0.43,20.6,0.44,10.6,0.67,5.0,0.65,12.14,0.6,8.0,0.57,20.6,0.56,10.6,0.73,13.2,0.74,13.5,0.75,13.9,0.76,14.3,0.77,14.7,0.06,0.06,616.929636,1776165423000
1776165424.947,124.947,0.27,13.2,0.26,13.5,0.25,13.9,0.24,14.3,0.23,14.7,0.33,5.0,0.35,12.14,0.4,8.0,0.43,20.6,0.44,10.6,0.67,5.0,0.65,12.14,0.6,8.0,0.57,20.6,0.56,10.6,0.73,13.2,0.74,13.5,0.75,13.9,0.76,14.3,0.77,14.7,0.06,0.06,616.929923,1776165424000
1776165425.905,125.905,0.27,13.2,0.26,13.5,0.25,13.9,0.24,14.3,0.23,14.7,0.33,5.0,0.35,12.14,0.4,8.0,0.43,20.6,0.44,10.6,0.67,5.0,0.65,12.14,0.6,8.0,0.57,20.6,0.56,10.6,0.73,13.2,0.74,13.5,0.75,13.9,0.76,14.3,0.77,14.7,0.06,0.06,616.93208,1776165425000
1776165426.911,126.911,0.27,13.2,0.26,13.5,0.25,13.9,0.24,14.3,0.23,14.7,0.33,5.0,0.35,12.14,0.4,8.0,0.43,20.6,0.44,10.6,0.67,5.0,0.65,12.14,0.6,8.0,0.57,20.6,0.56,10.6,0.73,13.2,0.74,13.5,0.75,13.9,0.76,14.3,0.77,14.7,0.06,0.06,616.932443,1776165426000
1776165427.969,127.969,0.27,13.2,0.26,13.5,0.25,13.9,0.24,14.3,0.23,14.7,0.33,5.0,0.35,12.14,0.4,8.0,0.43,20.6,0.44,10.6,0.67,5.0,0.65,12.14,0.6,8.0,0.57,20.6,0.56,10.6,0.73,13.2,0.74,13.5,0.75,13.9,0.76,14.3,0.77,14.7,0.06,0.06,616.9329,1776165427000
1776165428.965,128.965,0.27,13.2,0.26,13.5,0.25,13.9,0.24,14.3,0.23,14.7,0.33,5.0,0.35,12.14,0.4,8.0,0.43,20.6,0.44,10.6,0.67,5.0,0.65,12.14,0.6,8.0,0.57,20.6,0.56,10.6,0.73,13.2,0.74,13.5,0.75,13.9,0.76,14.3,0.77,14.7,0.06,0.06,616.94038,1776165428000
1776165430.015,130.015,0.27,13.2,0.26,13.5,0.25,13.9,0.24,14.3,0.23,14.7,0.33,5.0,0.35,12.14,0.4,8.0,0.43,20.6,0.44,10.6,0.67,5.0,0.65,12.14,0.6,8.0,0.57,20.6,0.56,10.6,0.73,13.2,0.74,13.5,0.75,13.9,0.76,14.3,0.77,14.7,0.06,0.06,616.918926,1776165429000
1776165430.923,130.923,0.27,13.2,0.26,13.5,0.25,13.9,0.24,14.3,0.23,14.7,0.33,5.0,0.35,12.14,0.4,8.0,0.43,20.6,0.44,10.6,0.67,5.0,0.65,12.14,0.6,8.0,0.57,20.6,0.56,10.6,0.73,13.2,0.74,13.5,0.75,13.9,0.76,14.3,0.77,14.7,0.06,0.06,616.9097,1776165430000
1776165431.917,131.917,0.27,13.2,0.26,13.5,0.25,13.9,0.24,14.3,0.23,14.7,0.33,5.0,0.35,12.14,0.4,8.0,0.43,20.6,0.44,10.6,0.67,5.0,0.65,12.14,0.6,8.0,0.57,20.6,0.56,10.6,0.73,13.2,0.74,13.5,0.75,13.9,0.76,14.3,0.77,14.7,0.06,0.06,616.909898,1776165431000
1776165432.886,132.886,0.27,13.2,0.26,13.5,0.25,13.9,0.24,14.3,0.23,14.7,0.33,5.0,0.35,12.14,0.4,8.0,0.43,20.6,0.44,10.6,0.67,5.0,0.65,12.14,0.6,8.0,0.57,20.6,0.56,10.6,0.73,13.2,0.74,13.5,0.75,13.9,0.76,14.3,0.77,14.7,0.06,0.06,616.88384,1776165432000
1776165433.892,133.892,0.27,13.2,0.26,13.5,0.25,13.9,0.24,14.3,0.23,14.7,0.33,5.0,0.35,12.14,0.4,8.0,0.43,20.6,0.44,10.6,0.67,5.0,0.65,12.14,0.6,8.0,0.57,20.6,0.56,10.6,0.73,13.2,0.74,13.5,0.75,13.9,0.76,14.3,0.77,14.7,0.06,0.06,616.89429,1776165433000
1776165434.889,134.889,0.27,13.2,0.26,13.5,0.25,13.9,0.24,14.3,0.23,14.7,0.33,5.0,0.35,12.14,0.4,8.0,0.43,20.6,0.44,10.6,0.67,5.0,0.65,12.14,0.6,8.0,0.57,20.6,0.56,10.6,0.73,13.2,0.74,13.5,0.75,13.9,0.76,14.3,0.77,14.7,0.06,0.06,616.89432,1776165434000
1776165435.861,135.861,0.27,13.2,0.26,13.5,0.25,13.9,0.24,14.3,0.23,14.7,0.33,5.0,0.35,12.14,0.4,8.0,0.43,20.6,0.44,10.6,0.67,5.0,0.65,12.14,0.6,8.0,0.57,20.6,0.56,10.6,0.73,13.2,0.74,13.5,0.75,13.9,0.76,14.3,0.77,14.7,0.06,0.06,616.89487,1776165435000
1776165437.39,137.39,0.27,13.2,0.26,13.5,0.25,13.9,0.24,14.3,0.23,14.7,0.33,5.0,0.35,12.14,0.4,8.0,0.43,20.6,0.44,10.6,0.67,5.0,0.65,12.14,0.6,8.0,0.57,20.6,0.56,10.6,0.73,13.2,0.74,13.5,0.75,13.9,0.76,14.3,0.77,14.7,0.06,0.06,616.89951,1776165436000
1776165438.352,138.352,0.27,13.2,0.26,13.5,0.25,13.9,0.24,14.3,0.23,14.7,0.33,5.0,0.35,12.14,0.4,8.0,0.43,20.6,0.44,10.6,0.67,5.0,0.65,12.14,0.6,8.0,0.57,20.6,0.56,10.6,0.73,13.2,0.74,13.5,0.75,13.9,0.76,14.3,0.77,14.7,0.06,0.06,616.91496,1776165437000
1776165439.293,139.293,0.27,13.2,0.26,13.5,0.25,13.9,0.24,14.3,0.23,14.7,0.33,5.0,0.35,12.14,0.4,8.0,0.43,20.6,0.44,10.6,0.67,5.0,0.65,12.14,0.6,8.0,0.57,20.6,0.56,10.6,0.73,13.2,0.74,13.5,0.75,13.9,0.76,14.3,0.77,14.7,0.06,0.06,616.927931,1776165438000
1776165440.287,140.287,0.27,13.2,0.26,13.5,0.25,13.9,0.24,14.3,0.23,14.7,0.33,5.0,0.35,12.14,0.4,8.0,0.43,20.6,0.44,10.6,0.67,5.0,0.65,12.14,0.6,8.0,0.57,20.6,0.56,10.6,0.73,13.2,0.74,13.5,0.75,13.9,0.76,14.3,0.77,14.7,0.06,0.06,616.9298,1776165439000
1776165441.346,141.346,0.27,13.2,0.26,13.5,0.25,13.9,0.24,14.3,0.23,14.7,0.33,5.0,0.35,12.14,0.4,8.0,0.43,20.6,0.44,10.6,0.67,5.0,0.65,12.14,0.6,8.0,0.57,20.6,0.56,10.6,0.73,13.2,0.74,13.5,0.75,13.9,0.76,14.3,0.77,14.7,0.06,0.06,616.937605,1776165440000
1776165442.273,142.273,0.27,13.2,0.26,13.5,0.25,13.9,0.24,14.3,0.23,14.7,0.33,5.0,0.35,12.14,0.4,8.0,0.43,20.6,0.44,10.6,0.67,5.0,0.65,12.14,0.6,8.0,0.57,20.6,0.56,10.6,0.73,13.2,0.74,13.5,0.75,13.9,0.76,14.3,0.77,14.7,0.06,0.06,616.943457,1776165441000
1776165443.309,143.309,0.27,13.2,0.26,13.5,0.25,13.9,0.24,14.3,0.23,14.7,0.33,5.0,0.35,12.14,0.4,8.0,0.43,20.6,0.44,10.6,0.67,5.0,0.65,12.14,0.6,8.0,0.57,20.6,0.56,10.6,0.73,13.2,0.74,13.5,0.75,13.9,0.76,14.3,0.77,14.7,0.06,0.06,616.922365,1776165442000
1776165444.285,144.285,0.27,13.2,0.26,13.5,0.25,13.9,0.24,14.3,0.23,14.7,0.33,5.0,0.35,12.14,0.4,8.0,0.43,20.6,0.44,10.6,0.67,5.0,0.65,12.14,0.6,8.0,0.57,20.6,0.56,10.6,0.73,13.2,0.74,13.5,0.75,13.9,0.76,14.3,0.77,14.7,0.06,0.06,616.98091,1776165443000
1776165445.308,145.308,0.27,13.2,0.26,13.5,0.25,13.9,0.24,14.3,0.23,14.7,0.33,5.0,0.35,12.14,0.4,8.0,0.43,20.6,0.44,10.6,0.67,5.0,0.65,12.14,0.6,8.0,0.57,20.6,0.56,10.6,0.73,13.2,0.74,13.5,0.75,13.9,0.76,14.3,0.77,14.7,0.06,0.06,616.925572,1776165444000
1776165446.202,146.202,0.27,13.2,0.26,13.5,0.25,13.9,0.24,14.3,0.23,14.7,0.33,5.0,0.35,12.14,0.4,8.0,0.43,20.6,0.44,10.6,0.67,5.0,0.65,12.14,0.6,8.0,0.57,20.6,0.56,10.6,0.73,13.2,0.74,13.5,0.75,13.9,0.76,14.3,0.77,14.7,0.06,0.06,616.95212,1776165445000
1776165447.2,147.2,0.27,13.2,0.26,13.5,0.25,13.9,0.24,14.3,0.23,14.7,0.33,5.0,0.35,12.14,0.4,8.0,0.43,20.6,0.44,10.6,0.67,5.0,0.65,12.14,0.6,8.0,0.57,20.6,0.56,10.6,0.73,13.2,0.74,13.5,0.75,13.9,0.76,14.3,0.77,14.7,0.06,0.06,616.95272,1776165446000
1776165448.218,148.218,0.27,13.2,0.26,13.5,0.25,13.9,0.24,14.3,0.23,14.7,0.33,5.0,0.35,12.14,0.4,8.0,0.43,20.6,0.44,10.6,0.67,5.0,0.65,12.14,0.6,8.0,0.57,20.6,0.56,10.6,0.73,13.2,0.74,13.5,0.75,13.9,0.76,14.3,0.77,14.7,0.06,0.06,616.95258,1776165447000
1776165449.776,149.776,0.27,13.2,0.26,13.5,0.25,13.9,0.24,14.3,0.23,14.7,0.33,5.0,0.35,12.14,0.4,8.0,0.43,20.6,0.44,10.6,0.67,5.0,0.65,12.14,0.6,8.0,0.57,20.6,0.56,10.6,0.73,13.2,0.74,13.5,0.75,13.9,0.76,14.3,0.77,14.7,0.06,0.06,616.95649,1776165448000
1776165450.924,150.924,0.27,13.2,0.26,13.5,0.25,13.9,0.24,14.3,0.23,14.7,0.33,5.0,0.35,12.14,0.4,8.0,0.43,20.6,0.44,10.6,0.67,5.0,0.65,12.14,0.6,8.0,0.57,20.6,0.56,10.6,0.73,13.2,0.74,13.5,0.75,13.9,0.76,14.3,0.77,14.7,0.06,0.06,616.95913,1776165449000
1776165451.654,151.654,0.27,13.2,0.26,13.5,0.25,13.9,0.24,14.3,0.23,14.7,0.33,5.0,0.35,12.14,0.4,8.0,0.43,20.6,0.44,10.6,0.67,5.0,0.65,12.14,0.6,8.0,0.57,20.6,0.56,10.6,0.73,13.2,0.74,13.5,0.75,13.9,0.76,14.3,0.77,14.7,0.06,0.06,616.94169,1776165450000
1776165452.253,152.253,0.27,13.2,0.26,13.5,0.25,13.9,0.24,14.3,0.23,14.7,0.33,5.0,0.35,12.14,0.4,8.0,0.43,20.6,0.44,10.6,0.67,5.0,0.65,12.14,0.6,8.0,0.57,20.6,0.56,10.6,0.73,13.2,0.74,13.5,0.75,13.9,0.76,14.3,0.77,14.7,0.06,0.06,616.90275,1776165451000
1776165453.09,153.09,0.23,8.45,0.22,15.2,0.21,15.7,0.2,16.2,0.19,16.89,0.28,5.0,0.31,5.0,0.32,12.14,0.33,7.0,0.38,11.0,0.67,5.0,0.65,12.14,0.6,8.0,0.57,20.6,0.56,10.6,0.73,13.2,0.74,13.5,0.75,13.9,0.76,14.3,0.77,14.7,0.05,0.06,616.90275,1776165451000
1776165454.399,154.399,0.23,8.45,0.22,15.2,0.21,15.7,0.2,16.2,0.19,16.89,0.28,5.0,0.31,5.0,0.32,12.14,0.33,7.0,0.38,11.0,0.72,5.0,0.69,5.0,0.68,12.14,0.67,7.0,0.62,11.0,0.77,8.45,0.78,15.2,0.79,15.7,0.8,16.2,0.81,16.89,0.05,0.05,616.91489,1776165453000
1776165455.966,155.966,0.23,8.45,0.22,15.2,0.21,15.7,0.2,16.2,0.19,16.89,0.28,5.0,0.31,5.0,0.32,12.14,0.33,7.0,0.38,11.0,0.72,5.0,0.69,5.0,0.68,12.14,0.67,7.0,0.62,11.0,0.77,8.45,0.78,15.2,0.79,15.7,0.8,16.2,0.81,16.89,0.05,0.05,616.91893,1776165454000
1776165456.5,156.5,0.23,8.45,0.22,15.2,0.21,15.7,0.2,16.2,0.19,16.89,0.28,5.0,0.31,5.0,0.32,12.14,0.33,7.0,0.38,11.0,0.72,5.0,0.69,5.0,0.68,12.14,0.67,7.0,0.62,11.0,0.77,8.45,0.78,15.2,0.79,15.7,0.8,16.2,0.81,16.89,0.05,0.05,616.9196,1776165455000
1776165457.14,157.14,0.23,8.45,0.22,15.2,0.21,15.7,0.2,16.2,0.19,16.89,0.28,5.0,0.31,5.0,0.32,12.14,0.33,7.0,0.38,11.0,0.72,5.0,0.69,5.0,0.68,12.14,0.67,7.0,0.62,11.0,0.77,8.45,0.78,15.2,0.79,15.7,0.8,16.2,0.81,16.89,0.05,0.05,616.91978,1776165456000
1776165458.537,158.537,0.23,8.45,0.22,15.2,0.21,15.7,0.2,16.2,0.19,16.89,0.28,5.0,0.31,5.0,0.32,12.14,0.33,7.0,0.38,11.0,0.72,5.0,0.69,5.0,0.68,12.14,0.67,7.0,0.62,11.0,0.77,8.45,0.78,15.2,0.79,15.7,0.8,16.2,0.81,16.89,0.05,0.05,616.91974,1776165457000
1776165459.183,159.183,0.23,8.45,0.22,15.2,0.21,15.7,0.2,16.2,0.19,16.89,0.28,5.0,0.31,5.0,0.32,12.14,0.33,7.0,0.38,11.0,0.72,5.0,0.69,5.0,0.68,12.14,0.67,7.0,0.62,11.0,0.77,8.45,0.78,15.2,0.79,15.7,0.8,16.2,0.81,16.89,0.05,0.05,616.91883,1776165458000
1776165460.543,160.543,0.23,8.45,0.22,15.2,0.21,15.7,0.2,16.2,0.19,16.89,0.28,5.0,0.31,5.0,0.32,12.14,0.33,7.0,0.38,11.0,0.72,5.0,0.69,5.0,0.68,12.14,0.67,7.0,0.62,11.0,0.77,8.45,0.78,15.2,0.79,15.7,0.8,16.2,0.81,16.89,0.05,0.05,616.9259,1776165459000
1776165461.312,161.312,0.23,8.45,0.22,15.2,0.21,15.7,0.2,16.2,0.19,16.89,0.28,5.0,0.31,5.0,0.32,12.14,0.33,7.0,0.38,11.0,0.72,5.0,0.69,5.0,0.68,12.14,0.67,7.0,0.62,11.0,0.77,8.45,0.78,15.2,0.79,15.7,0.8,16.2,0.81,16.89,0.05,0.05,616.92908,1776165460000
1776165462.628,162.628,0.23,8.45,0.22,15.2,0.21,15.7,0.2,16.2,0.19,16.89,0.28,5.0,0.31,5.0,0.32,12.14,0.33,7.0,0.38,11.0,0.72,5.0,0.69,5.0,0.68,12.14,0.67,7.0,0.62,11.0,0.77,8.45,0.78,15.2,0.79,15.7,0.8,16.2,0.81,16.89,0.05,0.05,616.956506,1776165461000
1776165463.352,163.352,0.23,8.45,0.22,15.2,0.21,15.7,0.2,16.2,0.19,16.89,0.28,5.0,0.31,5.0,0.32,12.14,0.33,7.0,0.38,11.0,0.72,5.0,0.69,5.0,0.68,12.14,0.67,7.0,0.62,11.0,0.77,8.45,0.78,15.2,0.79,15.7,0.8,16.2,0.81,16.89,0.05,0.05,616.953974,1776165462000
1776165464.012,164.012,0.23,8.45,0.22,15.2,0.21,15.7,0.2,16.2,0.19,16.89,0.28,5.0,0.31,5.0,0.32,12.14,0.33,7.0,0.38,11.0,0.72,5.0,0.69,5.0,0.68,12.14,0.67,7.0,0.62,11.0,0.77,8.45,0.78,15.2,0.79,15.7,0.8,16.2,0.81,16.89,0.05,0.05,616.958242,1776165463000
1776165465.318,165.318,0.23,8.45,0.22,15.2,0.21,15.7,0.2,16.2,0.19,16.89,0.28,5.0,0.31,5.0,0.32,12.14,0.33,7.0,0.38,11.0,0.72,5.0,0.69,5.0,0.68,12.14,0.67,7.0,0.62,11.0,0.77,8.45,0.78,15.2,0.79,15.7,0.8,16.2,0.81,16.89,0.05,0.05,616.98447,1776165464000
1776165466.028,166.028,0.23,8.45,0.22,15.2,0.21,15.7,0.2,16.2,0.19,16.89,0.28,5.0,0.31,5.0,0.32,12.14,0.33,7.0,0.38,11.0,0.72,5.0,0.69,5.0,0.68,12.14,0.67,7.0,0.62,11.0,0.77,8.45,0.78,15.2,0.79,15.7,0.8,16.2,0.81,16.89,0.05,0.05,616.98146,1776165465000
1776165467.393,167.393,0.23,8.45,0.22,15.2,0.21,15.7,0.2,16.2,0.19,16.89,0.28,5.0,0.31,5.0,0.32,12.14,0.33,7.0,0.38,11.0,0.72,5.0,0.69,5.0,0.68,12.14,0.67,7.0,0.62,11.0,0.77,8.45,0.78,15.2,0.79,15.7,0.8,16.2,0.81,16.89,0.05,0.05,616.98025,1776165466000
1776165468.74,168.74,0.23,8.45,0.22,15.2,0.21,15.7,0.2,16.2,0.19,16.89,0.28,5.0,0.31,5.0,0.32,12.14,0.33,7.0,0.38,11.0,0.72,5.0,0.69,5.0,0.68,12.14,0.67,7.0,0.62,11.0,0.77,8.45,0.78,15.2,0.79,15.7,0.8,16.2,0.81,16.89,0.05,0.05,616.97956,1776165467000
1776165469.276,169.276,0.23,8.45,0.22,15.2,0.21,15.7,0.2,16.2,0.19,16.89,0.28,5.0,0.31,5.0,0.32,12.14,0.33,7.0,0.38,11.0,0.72,5.0,0.69,5.0,0.68,12.14,0.67,7.0,0.62,11.0,0.77,8.45,0.78,15.2,0.79,15.7,0.8,16.2,0.81,16.89,0.05,0.05,616.956241,1776165468000
1776165469.851,169.851,0.23,8.45,0.22,15.2,0.21,15.7,0.2,16.2,0.19,16.89,0.28,5.0,0.31,5.0,0.32,12.14,0.33,7.0,0.38,11.0,0.72,5.0,0.69,5.0,0.68,12.14,0.67,7.0,0.62,11.0,0.77,8.45,0.78,15.2,0.79,15.7,0.8,16.2,0.81,16.89,0.05,0.05,616.91585,1776165469000
1776165471.022,171.022,0.23,8.45,0.22,15.2,0.21,15.7,0.2,16.2,0.19,16.89,0.28,5.0,0.31,5.0,0.32,12.14,0.33,7.0,0.38,11.0,0.72,5.0,0.69,5.0,0.68,12.14,0.67,7.0,0.62,11.0,0.77,8.45,0.78,15.2,0.79,15.7,0.8,16.2,0.81,16.89,0.05,0.05,616.974171,1776165470000
1776165472.17,172.17,0.23,8.45,0.22,15.2,0.21,15.7,0.2,16.2,0.19,16.89,0.28,5.0,0.31,5.0,0.32,12.14,0.33,7.0,0.38,11.0,0.72,5.0,0.69,5.0,0.68,12.14,0.67,7.0,0.62,11.0,0.77,8.45,0.78,15.2,0.79,15.7,0.8,16.2,0.81,16.89,0.05,0.05,616.974171,1776165471000
1776165473.221,173.221,0.23,8.45,0.22,15.2,0.21,15.7,0.2,16.2,0.19,16.89,0.28,5.0,0.31,5.0,0.32,12.14,0.33,7.0,0.38,11.0,0.72,5.0,0.69,5.0,0.68,12.14,0.67,7.0,0.62,11.0,0.77,8.45,0.78,15.2,0.79,15.7,0.8,16.2,0.81,16.89,0.05,0.05,616.974334,1776165472000
1776165474.341,174.341,0.23,8.45,0.22,15.2,0.21,15.7,0.2,16.2,0.19,16.89,0.28,5.0,0.31,5.0,0.32,12.14,0.33,7.0,0.38,11.0,0.72,5.0,0.69,5.0,0.68,12.14,0.67,7.0,0.62,11.0,0.77,8.45,0.78,15.2,0.79,15.7,0.8,16.2,0.81,16.89,0.05,0.05,616.97264,1776165473000
1776165474.986,174.986,0.23,8.45,0.22,15.2,0.21,15.7,0.2,16.2,0.19,16.89,0.28,5.0,0.31,5.0,0.32,12.14,0.33,7.0,0.38,11.0,0.72,5.0,0.69,5.0,0.68,12.14,0.67,7.0,0.62,11.0,0.77,8.45,0.78,15.2,0.79,15.7,0.8,16.2,0.81,16.89,0.05,0.05,616.960542,1776165474000
1776165476.076,176.076,0.23,8.45,0.22,15.2,0.21,15.7,0.2,16.2,0.19,16.89,0.28,5.0,0.31,5.0,0.32,12.14,0.33,7.0,0.38,11.0,0.72,5.0,0.69,5.0,0.68,12.14,0.67,7.0,0.62,11.0,0.77,8.45,0.78,15.2,0.79,15.7,0.8,16.2,0.81,16.89,0.05,0.05,616.92732,1776165475000
1776165477.194,177.194,0.23,8.45,0.22,15.2,0.21,15.7,0.2,16.2,0.19,16.89,0.28,5.0,0.31,5.0,0.32,12.14,0.33,7.0,0.38,11.0,0.72,5.0,0.69,5.0,0.68,12.14,0.67,7.0,0.62,11.0,0.77,8.45,0.78,15.2,0.79,15.7,0.8,16.2,0.81,16.89,0.05,0.05,616.92268,1776165476000
1776165478.355,178.355,0.23,8.45,0.22,15.2,0.21,15.7,0.2,16.2,0.19,16.89,0.28,5.0,0.31,5.0,0.32,12.14,0.33,7.0,0.38,11.0,0.72,5.0,0.69,5.0,0.68,12.14,0.67,7.0,0.62,11.0,0.77,8.45,0.78,15.2,0.79,15.7,0.8,16.2,0.81,16.89,0.05,0.05,616.92739,1776165477000
1776165479.019,179.019,0.23,8.45,0.22,15.2,0.21,15.7,0.2,16.2,0.19,16.89,0.28,5.0,0.31,5.0,0.32,12.14,0.33,7.0,0.38,11.0,0.72,5.0,0.69,5.0,0.68,12.14,0.67,7.0,0.62,11.0,0.77,8.45,0.78,15.2,0.79,15.7,0.8,16.2,0.81,16.89,0.05,0.05,616.930409,1776165478000
1776165480.15,180.15,0.23,8.45,0.22,15.2,0.21,15.7,0.2,16.2,0.19,16.89,0.28,5.0,0.31,5.0,0.32,12.14,0.33,7.0,0.38,11.0,0.72,5.0,0.69,5.0,0.68,12.14,0.67,7.0,0.62,11.0,0.77,8.45,0.78,15.2,0.79,15.7,0.8,16.2,0.81,16.89,0.05,0.05,616.931809,1776165479000
1776165481.274,181.274,0.11,1.66,0.08,35.29,0.07,39.9,0.06,46.1,0.05,154.7,0.21,50.0,0.26,43.0,0.31,50.0,0.35,11.4,0.36,11.3,0.79,50.0,0.74,43.0,0.69,50.0,0.65,11.4,0.64,11.3,0.89,1.66,0.92,35.29,0.93,39.9,0.94,46.1,0.95,154.7,0.1,0.1,616.931715,1776165480000
1776165482.557,182.557,0.11,1.66,0.08,35.29,0.07,39.9,0.06,46.1,0.05,154.7,0.21,50.0,0.26,43.0,0.31,50.0,0.35,11.4,0.36,11.3,0.79,50.0,0.74,43.0,0.69,50.0,0.65,11.4,0.64,11.3,0.89,1.66,0.92,35.29,0.93,39.9,0.94,46.1,0.95,154.7,0.1,0.1,616.77804,1776165481000
1776165484.245,184.245,0.11,1.66,0.08,35.29,0.07,39.9,0.06,46.1,0.05,154.7,0.21,50.0,0.26,43.0,0.31,50.0,0.35,11.4,0.36,11.3,0.79,50.0,0.74,43.0,0.69,50.0,0.65,11.4,0.64,11.3,0.89,1.66,0.92,35.29,0.93,39.9,0.94,46.1,0.95,154.7,0.1,0.1,616.763,1776165482000
1776165485.337,185.337,0.11,1.66,0.08,35.29,0.07,39.9,0.06,46.1,0.05,154.7,0.21,50.0,0.26,43.0,0.31,50.0,0.35,11.4,0.36,11.3,0.79,50.0,0.74,43.0,0.69,50.0,0.65,11.4,0.64,11.3,0.89,1.66,0.92,35.29,0.93,39.9,0.94,46.1,0.95,154.7,0.1,0.1,616.763,1776165483000
1776165486.244,186.244,0.11,1.66,0.08,35.29,0.07,39.9,0.06,46.1,0.05,154.7,0.21,50.0,0.26,43.0,0.31,50.0,0.35,11.4,0.36,11.3,0.79,50.0,0.74,43.0,0.69,50.0,0.65,11.4,0.64,11.3,0.89,1.66,0.92,35.29,0.93,39.9,0.94,46.1,0.95,154.7,0.1,0.1,616.774,1776165484000
1776165487.328,187.328,0.11,1.66,0.08,35.29,0.07,39.9,0.06,46.1,0.05,154.7,0.21,50.0,0.26,43.0,0.31,50.0,0.35,11.4,0.36,11.3,0.79,50.0,0.74,43.0,0.69,50.0,0.65,11.4,0.64,11.3,0.89,1.66,0.92,35.29,0.93,39.9,0.94,46.1,0.95,154.7,0.1,0.1,616.793,1776165485000
1776165488.24,188.24,0.11,1.66,0.08,35.29,0.07,39.9,0.06,46.1,0.05,154.7,0.21,50.0,0.26,43.0,0.31,50.0,0.35,11.4,0.36,11.3,0.79,50.0,0.74,43.0,0.69,50.0,0.65,11.4,0.64,11.3,0.89,1.66,0.92,35.29,0.93,39.9,0.94,46.1,0.95,154.7,0.1,0.1,616.782605,1776165486000
1776165489.208,189.208,0.11,1.66,0.08,35.29,0.07,39.9,0.06,46.1,0.05,154.7,0.21,50.0,0.26,43.0,0.31,50.0,0.35,11.4,0.36,11.3,0.79,50.0,0.74,43.0,0.69,50.0,0.65,11.4,0.64,11.3,0.89,1.66,0.92,35.29,0.93,39.9,0.94,46.1,0.95,154.7,0.1,0.1,616.784478,1776165487000
1776165490.138,190.138,0.11,1.66,0.08,35.29,0.07,39.9,0.06,46.1,0.05,154.7,0.21,50.0,0.26,43.0,0.31,50.0,0.35,11.4,0.36,11.3,0.79,50.0,0.74,43.0,0.69,50.0,0.65,11.4,0.64,11.3,0.89,1.66,0.92,35.29,0.93,39.9,0.94,46.1,0.95,154.7,0.1,0.1,616.80768,1776165488000
1776165491.125,191.125,0.11,1.66,0.08,35.29,0.07,39.9,0.06,46.1,0.05,154.7,0.21,50.0,0.26,43.0,0.31,50.0,0.35,11.4,0.36,11.3,0.79,50.0,0.74,43.0,0.69,50.0,0.65,11.4,0.64,11.3,0.89,1.66,0.92,35.29,0.93,39.9,0.94,46.1,0.95,154.7,0.1,0.1,616.80309,1776165489000
1776165492.089,192.089,0.11,1.66,0.08,35.29,0.07,39.9,0.06,46.1,0.05,154.7,0.21,50.0,0.26,43.0,0.31,50.0,0.35,11.4,0.36,11.3,0.79,50.0,0.74,43.0,0.69,50.0,0.65,11.4,0.64,11.3,0.89,1.66,0.92,35.29,0.93,39.9,0.94,46.1,0.95,154.7,0.1,0.1,616.80294,1776165490000
1776165492.952,192.952,0.11,1.66,0.08,35.29,0.07,39.9,0.06,46.1,0.05,154.7,0.21,50.0,0.26,43.0,0.31,50.0,0.35,11.4,0.36,11.3,0.79,50.0,0.74,43.0,0.69,50.0,0.65,11.4,0.64,11.3,0.89,1.66,0.92,35.29,0.93,39.9,0.94,46.1,0.95,154.7,0.1,0.1,616.80282,1776165491000
1776165493.716,193.716,0.11,1.66,0.08,35.29,0.07,39.9,0.06,46.1,0.05,154.7,0.21,50.0,0.26,43.0,0.31,50.0,0.35,11.4,0.36,11.3,0.79,50.0,0.74,43.0,0.69,50.0,0.65,11.4,0.64,11.3,0.89,1.66,0.92,35.29,0.93,39.9,0.94,46.1,0.95,154.7,0.1,0.1,616.80194,1776165492000
1776165494.515,194.515,0.07,39.9,0.06,46.1,0.05,54.7,0.04,77.7,0.03,89.3,0.09,24.0,0.1,17.14,0.12,5.0,0.15,20.39,0.16,19.3,0.79,50.0,0.74,43.0,0.69,50.0,0.65,11.4,0.64,11.3,0.89,1.66,0.92,35.29,0.93,39.9,0.94,46.1,0.95,154.7,0.02,0.1,616.80194,1776165492000
1776165495.318,195.318,0.07,39.9,0.06,46.1,0.05,54.7,0.04,77.7,0.03,89.3,0.09,11.0,0.1,5.0,0.11,12.14,0.12,5.0,0.14,21.6,0.91,24.0,0.9,17.14,0.88,5.0,0.85,20.39,0.84,19.3,0.93,39.9,0.94,46.1,0.95,54.7,0.96,77.7,0.97,89.3,0.02,0.02,616.80328,1776165493000
1776165496.371,196.371,0.07,39.9,0.06,46.1,0.05,54.7,0.04,77.7,0.03,89.3,0.09,11.0,0.1,5.0,0.11,12.14,0.12,5.0,0.14,21.6,0.91,11.0,0.9,5.0,0.89,12.14,0.88,5.0,0.86,21.6,0.93,39.9,0.94,46.1,0.95,54.7,0.96,77.7,0.97,89.3,0.02,0.02,616.769,1776165495000
1776165497.796,197.796,0.07,39.9,0.06,46.1,0.05,54.7,0.04,77.7,0.03,89.3,0.09,11.0,0.1,5.0,0.11,12.14,0.12,5.0,0.14,21.6,0.91,11.0,0.9,5.0,0.89,12.14,0.88,5.0,0.86,21.6,0.93,39.9,0.94,46.1,0.95,54.7,0.96,77.7,0.97,89.3,0.02,0.02,616.761434,1776165496000
1776165498.49,198.49,0.07,39.9,0.06,46.1,0.05,54.7,0.04,77.7,0.03,89.3,0.09,11.0,0.1,5.0,0.11,12.14,0.12,5.0,0.14,21.6,0.91,11.0,0.9,5.0,0.89,12.14,0.88,5.0,0.86,21.6,0.93,39.9,0.94,46.1,0.95,54.7,0.96,77.7,0.97,89.3,0.02,0.02,616.746451,1776165497000
1776165499.206,199.206,0.07,39.9,0.06,46.1,0.05,54.7,0.04,77.7,0.03,89.3,0.09,11.0,0.1,5.0,0.11,12.14,0.12,5.0,0.14,21.6,0.91,11.0,0.9,5.0,0.89,12.14,0.88,5.0,0.86,21.6,0.93,39.9,0.94,46.1,0.95,54.7,0.96,77.7,0.97,89.3,0.02,0.02,616.73444,1776165498000
1776165500.347,200.347,0.07,38.82,0.06,46.1,0.05,54.7,0.04,77.7,0.03,89.3,0.1,17.14,0.12,5.0,0.14,21.6,0.15,20.39,0.16,19.3,0.9,17.14,0.88,5.0,0.86,21.6,0.85,20.39,0.84,19.3,0.93,38.82,0.94,46.1,0.95,54.7,0.96,77.7,0.97,89.3,0.03,0.03,616.75417,1776165499000
1776165501.01,201.01,0.07,38.82,0.06,46.1,0.05,54.7,0.04,77.7,0.03,89.3,0.1,17.14,0.12,5.0,0.14,21.6,0.15,20.39,0.16,19.3,0.9,17.14,0.88,5.0,0.86,21.6,0.85,20.39,0.84,19.3,0.93,38.82,0.94,46.1,0.95,54.7,0.96,77.7,0.97,89.3,0.03,0.03,616.75417,1776165500000
1776165502.311,202.311,0.07,38.82,0.06,46.1,0.05,54.7,0.04,77.7,0.03,89.3,0.1,17.14,0.12,5.0,0.14,21.6,0.15,20.39,0.16,19.3,0.9,17.14,0.88,5.0,0.86,21.6,0.85,20.39,0.84,19.3,0.93,38.82,0.94,46.1,0.95,54.7,0.96,77.7,0.97,89.3,0.03,0.03,616.746194,1776165501000
1776165503.567,203.567,0.07,38.82,0.06,46.1,0.05,54.7,0.04,77.7,0.03,89.3,0.1,17.14,0.12,5.0,0.14,21.6,0.15,20.39,0.16,19.3,0.9,17.14,0.88,5.0,0.86,21.6,0.85,20.39,0.84,19.3,0.93,38.82,0.94,46.1,0.95,54.7,0.96,77.7,0.97,89.3,0.03,0.03,616.745051,1776165502000
1776165504.75,204.75,0.07,38.82,0.06,46.1,0.05,54.7,0.04,77.7,0.03,89.3,0.1,17.14,0.12,5.0,0.14,21.6,0.15,20.39,0.16,19.3,0.9,17.14,0.88,5.0,0.86,21.6,0.85,20.39,0.84,19.3,0.93,38.82,0.94,46.1,0.95,54.7,0.96,77.7,0.97,89.3,0.03,0.03,616.76685,1776165503000
1776165505.043,205.043,0.06,42.9,0.05,54.7,0.04,77.7,0.03,89.3,0.02,142.69,0.09,12.14,0.1,10.0,0.11,5.0,0.12,24.6,0.13,23.0,0.9,17.14,0.88,5.0,0.86,21.6,0.85,20.39,0.84,19.3,0.93,38.82,0.94,46.1,0.95,54.7,0.96,77.7,0.97,89.3,0.03,0.03,616.76685,1776165503000
1776165505.779,205.779,0.06,42.9,0.05,54.7,0.04,77.7,0.03,89.3,0.02,142.69,0.09,12.14,0.1,10.0,0.11,5.0,0.12,24.6,0.13,23.0,0.91,12.14,0.9,10.0,0.89,5.0,0.88,24.6,0.87,23.0,0.94,42.9,0.95,54.7,0.96,77.7,0.97,89.3,0.98,142.69,0.03,0.03,616.762133,1776165504000
1776165506.362,206.362,0.06,42.9,0.05,54.7,0.04,77.7,0.03,89.3,0.02,142.69,0.09,12.14,0.1,10.0,0.11,5.0,0.12,24.6,0.13,23.0,0.91,12.14,0.9,10.0,0.89,5.0,0.88,24.6,0.87,23.0,0.94,42.9,0.95,54.7,0.96,77.7,0.97,89.3,0.98,142.69,0.03,0.03,616.75745,1776165505000
1776165506.986,206.986,0.06,42.9,0.05,54.7,0.04,77.7,0.03,89.3,0.02,142.69,0.09,12.14,0.1,10.0,0.11,5.0,0.12,24.6,0.13,23.0,0.91,12.14,0.9,10.0,0.89,5.0,0.88,24.6,0.87,23.0,0.94,42.9,0.95,54.7,0.96,77.7,0.97,89.3,0.98,142.69,0.03,0.03,616.75753,1776165506000
1776165508.162,208.162,0.06,42.9,0.05,54.7,0.04,77.7,0.03,89.3,0.02,142.69,0.09,12.14,0.1,10.0,0.11,5.0,0.12,24.6,0.13,23.0,0.91,12.14,0.9,10.0,0.89,5.0,0.88,24.6,0.87,23.0,0.94,42.9,0.95,54.7,0.96,77.7,0.97,89.3,0.98,142.69,0.03,0.03,616.745123,1776165507000
1776165509.559,209.559,0.06,42.9,0.05,54.7,0.04,77.7,0.03,89.3,0.02,142.69,0.09,12.14,0.1,10.0,0.11,5.0,0.12,24.6,0.13,23.0,0.91,12.14,0.9,10.0,0.89,5.0,0.88,24.6,0.87,23.0,0.94,42.9,0.95,54.7,0.96,77.7,0.97,89.3,0.98,142.69,0.03,0.03,616.742144,1776165508000
1776165510.227,210.227,0.05,39.38,0.04,77.7,0.03,89.3,0.02,142.69,0.01,5984.74,0.09,12.14,0.1,33.9,0.11,26.6,0.12,24.6,0.13,23.0,0.91,12.14,0.9,10.0,0.89,5.0,0.88,24.6,0.87,23.0,0.94,42.9,0.95,54.7,0.96,77.7,0.97,89.3,0.98,142.69,0.04,0.03,616.742144,1776165508000
1776165511.508,211.508,0.05,39.38,0.04,77.7,0.03,89.3,0.02,142.69,0.01,5984.74,0.09,12.14,0.1,33.9,0.11,26.6,0.12,24.6,0.13,23.0,0.91,12.14,0.9,33.9,0.89,26.6,0.88,24.6,0.87,23.0,0.95,39.38,0.96,77.7,0.97,89.3,0.98,142.69,0.99,5984.74,0.04,0.04,616.7647,1776165510000
1776165512.262,212.262,0.05,39.38,0.04,77.7,0.03,89.3,0.02,142.69,0.01,5984.74,0.09,12.14,0.1,33.9,0.11,26.6,0.12,24.6,0.13,23.0,0.91,12.14,0.9,33.9,0.89,26.6,0.88,24.6,0.87,23.0,0.95,39.38,0.96,77.7,0.97,89.3,0.98,142.69,0.99,5984.74,0.04,0.04,616.76481,1776165511000
1776165513.44,213.44,0.05,39.38,0.04,77.7,0.03,89.3,0.02,142.69,0.01,5984.74,0.09,12.14,0.1,33.9,0.11,26.6,0.12,24.6,0.13,23.0,0.91,12.14,0.9,33.9,0.89,26.6,0.88,24.6,0.87,23.0,0.95,39.38,0.96,77.7,0.97,89.3,0.98,142.69,0.99,5984.74,0.04,0.04,616.761169,1776165512000
1776165514.141,214.141,0.05,39.38,0.04,77.7,0.03,89.3,0.02,142.69,0.01,5984.74,0.09,12.14,0.1,33.9,0.11,26.6,0.12,24.6,0.13,23.0,0.91,12.14,0.9,33.9,0.89,26.6,0.88,24.6,0.87,23.0,0.95,39.38,0.96,77.7,0.97,89.3,0.98,142.69,0.99,5984.74,0.04,0.04,616.75042,1776165513000
1776165515.316,215.316,0.05,39.38,0.04,77.7,0.03,89.3,0.02,142.69,0.01,5984.74,0.09,12.14,0.1,33.9,0.11,26.6,0.12,24.6,0.13,23.0,0.91,12.14,0.9,33.9,0.89,26.6,0.88,24.6,0.87,23.0,0.95,39.38,0.96,77.7,0.97,89.3,0.98,142.69,0.99,5984.74,0.04,0.04,616.75122,1776165514000
1776165516.463,216.463,0.05,39.38,0.04,77.7,0.03,89.3,0.02,142.69,0.01,5984.74,0.09,12.14,0.1,33.9,0.11,26.6,0.12,24.6,0.13,23.0,0.91,12.14,0.9,33.9,0.89,26.6,0.88,24.6,0.87,23.0,0.95,39.38,0.96,77.7,0.97,89.3,0.98,142.69,0.99,5984.74,0.04,0.04,616.7514,1776165515000
1776165517.115,217.115,0.05,39.38,0.04,77.7,0.03,89.3,0.02,142.69,0.01,5984.74,0.09,12.14,0.1,33.9,0.11,26.6,0.12,24.6,0.13,23.0,0.91,12.14,0.9,33.9,0.89,26.6,0.88,24.6,0.87,23.0,0.95,39.38,0.96,77.7,0.97,89.3,0.98,142.69,0.99,5984.74,0.04,0.04,616.75154,1776165516000
1776165518.27,218.27,0.05,39.38,0.04,77.7,0.03,89.3,0.02,142.69,0.01,5984.74,0.09,12.14,0.1,33.9,0.11,26.6,0.12,24.6,0.13,23.0,0.91,12.14,0.9,33.9,0.89,26.6,0.88,24.6,0.87,23.0,0.95,39.38,0.96,77.7,0.97,89.3,0.98,142.69,0.99,5984.74,0.04,0.04,616.75074,1776165517000
1776165519.532,219.532,0.05,39.38,0.04,77.7,0.03,89.3,0.02,142.69,0.01,5984.74,0.09,12.14,0.1,33.9,0.11,26.6,0.12,24.6,0.13,23.0,0.91,12.14,0.9,33.9,0.89,26.6,0.88,24.6,0.87,23.0,0.95,39.38,0.96,77.7,0.97,89.3,0.98,142.69,0.99,5984.74,0.04,0.04,616.74999,1776165518000
1776165520.13,220.13,0.05,39.38,0.04,77.7,0.03,89.3,0.02,142.69,0.01,5984.74,0.09,12.14,0.1,33.9,0.11,26.6,0.12,24.6,0.13,23.0,0.91,12.14,0.9,33.9,0.89,26.6,0.88,24.6,0.87,23.0,0.95,39.38,0.96,77.7,0.97,89.3,0.98,142.69,0.99,5984.74,0.04,0.04,616.75037,1776165519000
1776165521.035,221.035,0.05,39.38,0.04,77.7,0.03,89.3,0.02,142.69,0.01,5984.74,0.09,12.14,0.1,33.9,0.11,26.6,0.12,24.6,0.13,23.0,0.91,12.14,0.9,33.9,0.89,26.6,0.88,24.6,0.87,23.0,0.95,39.38,0.96,77.7,0.97,89.3,0.98,142.69,0.99,5984.74,0.04,0.04,616.75138,1776165520000
1776165522.132,222.132,0.05,39.38,0.04,77.7,0.03,89.3,0.02,142.69,0.01,5984.74,0.09,12.14,0.1,33.9,0.11,26.6,0.12,24.6,0.13,23.0,0.91,12.14,0.9,33.9,0.89,26.6,0.88,24.6,0.87,23.0,0.95,39.38,0.96,77.7,0.97,89.3,0.98,142.69,0.99,5984.74,0.04,0.04,616.75173,1776165521000
1776165523.046,223.046,0.05,39.38,0.04,77.7,0.03,89.3,0.02,142.69,0.01,5984.74,0.09,12.14,0.1,33.9,0.11,26.6,0.12,24.6,0.13,23.0,0.91,12.14,0.9,33.9,0.89,26.6,0.88,24.6,0.87,23.0,0.95,39.38,0.96,77.7,0.97,89.3,0.98,142.69,0.99,5984.74,0.04,0.04,616.72241,1776165522000
1776165524.011,224.011,0.05,39.38,0.04,77.7,0.03,89.3,0.02,142.69,0.01,5984.74,0.09,12.14,0.1,33.9,0.11,26.6,0.12,24.6,0.13,23.0,0.91,12.14,0.9,33.9,0.89,26.6,0.88,24.6,0.87,23.0,0.95,39.38,0.96,77.7,0.97,89.3,0.98,142.69,0.99,5984.74,0.04,0.04,616.72162,1776165523000
1776165524.994,224.994,0.05,39.38,0.04,77.7,0.03,89.3,0.02,142.69,0.01,5984.74,0.09,12.14,0.1,33.9,0.11,26.6,0.12,24.6,0.13,23.0,0.91,12.14,0.9,33.9,0.89,26.6,0.88,24.6,0.87,23.0,0.95,39.38,0.96,77.7,0.97,89.3,0.98,142.69,0.99,5984.74,0.04,0.04,616.72163,1776165524000
1776165525.996,225.996,0.05,39.38,0.04,77.7,0.03,89.3,0.02,142.69,0.01,5984.74,0.09,12.14,0.1,33.9,0.11,26.6,0.12,24.6,0.13,23.0,0.91,12.14,0.9,33.9,0.89,26.6,0.88,24.6,0.87,23.0,0.95,39.38,0.96,77.7,0.97,89.3,0.98,142.69,0.99,5984.74,0.04,0.04,616.711592,1776165525000
1776165527.013,227.013,0.05,39.38,0.04,77.7,0.03,89.3,0.02,142.69,0.01,5984.74,0.09,12.14,0.1,33.9,0.11,26.6,0.12,24.6,0.13,23.0,0.91,12.14,0.9,33.9,0.89,26.6,0.88,24.6,0.87,23.0,0.95,39.38,0.96,77.7,0.97,89.3,0.98,142.69,0.99,5984.74,0.04,0.04,616.710542,1776165526000
1776165527.9,227.9,0.05,39.38,0.04,77.7,0.03,89.3,0.02,142.69,0.01,5984.74,0.09,12.14,0.1,33.9,0.11,26.6,0.12,24.6,0.13,23.0,0.91,12.14,0.9,33.9,0.89,26.6,0.88,24.6,0.87,23.0,0.95,39.38,0.96,77.7,0.97,89.3,0.98,142.69,0.99,5984.74,0.04,0.04,616.72165,1776165527000
1776165528.859,228.859,0.05,39.38,0.04,77.7,0.03,89.3,0.02,142.69,0.01,5984.74,0.09,12.14,0.1,33.9,0.11,26.6,0.12,24.6,0.13,23.0,0.91,12.14,0.9,33.9,0.89,26.6,0.88,24.6,0.87,23.0,0.95,39.38,0.96,77.7,0.97,89.3,0.98,142.69,0.99,5984.74,0.04,0.04,616.725497,1776165528000
1776165530.328,230.328,0.05,39.38,0.04,77.7,0.03,89.3,0.02,142.69,0.01,5984.74,0.09,12.14,0.1,33.9,0.11,26.6,0.12,24.6,0.13,23.0,0.91,12.14,0.9,33.9,0.89,26.6,0.88,24.6,0.87,23.0,0.95,39.38,0.96,77.7,0.97,89.3,0.98,142.69,0.99,5984.74,0.04,0.04,616.743915,1776165529000
1776165531.288,231.288,0.05,39.38,0.04,77.7,0.03,89.3,0.02,142.69,0.01,5984.74,0.09,12.14,0.1,33.9,0.11,26.6,0.12,24.6,0.13,23.0,0.91,12.14,0.9,33.9,0.89,26.6,0.88,24.6,0.87,23.0,0.95,39.38,0.96,77.7,0.97,89.3,0.98,142.69,0.99,5984.74,0.04,0.04,616.749179,1776165530000
1776165532.25,232.25,0.05,39.38,0.04,77.7,0.03,89.3,0.02,142.69,0.01,5984.74,0.09,12.14,0.1,33.9,0.11,26.6,0.12,24.6,0.13,23.0,0.91,12.14,0.9,33.9,0.89,26.6,0.88,24.6,0.87,23.0,0.95,39.38,0.96,77.7,0.97,89.3,0.98,142.69,0.99,5984.74,0.04,0.04,616.764188,1776165531000
1776165533.743,233.743,0.05,39.38,0.04,77.7,0.03,89.3,0.02,142.69,0.01,5984.74,0.09,12.14,0.1,33.9,0.11,26.6,0.12,24.6,0.13,23.0,0.91,12.14,0.9,33.9,0.89,26.6,0.88,24.6,0.87,23.0,0.95,39.38,0.96,77.7,0.97,89.3,0.98,142.69,0.99,5984.74,0.04,0.04,616.766433,1776165532000
1776165534.277,234.277,0.05,39.38,0.04,77.7,0.03,89.3,0.02,142.69,0.01,5984.74,0.09,12.14,0.1,33.9,0.11,26.6,0.12,24.6,0.13,23.0,0.91,12.14,0.9,33.9,0.89,26.6,0.88,24.6,0.87,23.0,0.95,39.38,0.96,77.7,0.97,89.3,0.98,142.69,0.99,5984.74,0.04,0.04,616.77984,1776165533000
1776165534.579,234.579,0.04,10.0,0.02,142.69,0.01,934.74,,,,,0.06,43.51,0.07,39.9,0.08,35.29,0.09,31.7,0.1,28.9,0.91,12.14,0.9,33.9,0.89,26.6,0.88,24.6,0.87,23.0,0.95,39.38,0.96,77.7,0.97,89.3,0.98,142.69,0.99,5984.74,0.02,0.04,616.77984,1776165533000
1776165535.58,235.58,0.04,10.0,0.02,142.69,0.01,934.74,,,,,0.06,43.51,0.07,39.9,0.08,35.29,0.09,31.7,0.1,28.9,0.94,43.51,0.93,39.9,0.92,35.29,0.91,31.7,0.9,28.9,0.96,10.0,0.98,142.69,0.99,934.74,,,,,0.02,0.02,616.77946,1776165534000
1776165536.14,236.14,0.04,10.0,0.02,142.69,0.01,934.74,,,,,0.06,43.51,0.07,39.9,0.08,35.29,0.09,31.7,0.1,28.9,0.94,43.51,0.93,39.9,0.92,35.29,0.91,31.7,0.9,28.9,0.96,10.0,0.98,142.69,0.99,934.74,,,,,0.02,0.02,616.77939,1776165535000
1776165537.387,237.387,0.04,10.0,0.02,142.69,0.01,934.74,,,,,0.06,43.51,0.07,39.9,0.08,35.29,0.09,31.7,0.1,28.9,0.94,43.51,0.93,39.9,0.92,35.29,0.91,31.7,0.9,28.9,0.96,10.0,0.98,142.69,0.99,934.74,,,,,0.02,0.02,616.77844,1776165536000
1776165538.573,238.573,0.04,10.0,0.02,142.69,0.01,934.74,,,,,0.06,43.51,0.07,39.9,0.08,35.29,0.09,31.7,0.1,28.9,0.94,43.51,0.93,39.9,0.92,35.29,0.91,31.7,0.9,28.9,0.96,10.0,0.98,142.69,0.99,934.74,,,,,0.02,0.02,616.7784,1776165537000
1776165539.079,239.079,0.04,10.0,0.02,142.69,0.01,934.74,,,,,0.06,43.51,0.07,39.9,0.08,35.29,0.09,31.7,0.1,28.9,0.94,43.51,0.93,39.9,0.92,35.29,0.91,31.7,0.9,28.9,0.96,10.0,0.98,142.69,0.99,934.74,,,,,0.02,0.02,616.7784,1776165538000
1776165540.191,240.191,0.04,10.0,0.02,142.69,0.01,934.74,,,,,0.06,43.51,0.07,39.9,0.08,35.29,0.09,31.7,0.1,28.9,0.94,43.51,0.93,39.9,0.92,35.29,0.91,31.7,0.9,28.9,0.96,10.0,0.98,142.69,0.99,934.74,,,,,0.02,0.02,616.77876,1776165539000
1776165541.479,241.479,0.04,10.0,0.02,142.69,0.01,934.74,,,,,0.06,43.51,0.07,39.9,0.08,35.29,0.09,31.7,0.1,28.9,0.94,43.51,0.93,39.9,0.92,35.29,0.91,31.7,0.9,28.9,0.96,10.0,0.98,142.69,0.99,934.74,,,,,0.02,0.02,616.77907,1776165540000
1776165542.473,242.473,0.04,10.0,0.02,142.69,0.01,934.74,,,,,0.06,43.51,0.07,39.9,0.08,35.29,0.09,31.7,0.1,28.9,0.94,43.51,0.93,39.9,0.92,35.29,0.91,31.7,0.9,28.9,0.96,10.0,0.98,142.69,0.99,934.74,,,,,0.02,0.02,616.77843,1776165541000
1776165543.033,243.033,0.04,8.57,0.02,142.69,0.01,934.74,,,,,0.05,66.84,0.06,52.1,0.07,39.9,0.08,35.29,0.09,31.7,0.95,66.84,0.94,52.1,0.93,39.9,0.92,35.29,0.91,31.7,0.96,8.57,0.98,142.69,0.99,934.74,,,,,0.01,0.01,616.77133,1776165542000
1776165544.116,244.116,0.04,8.57,0.02,142.69,0.01,934.74,,,,,0.05,66.84,0.06,52.1,0.07,39.9,0.08,35.29,0.09,31.7,0.95,66.84,0.94,52.1,0.93,39.9,0.92,35.29,0.91,31.7,0.96,8.57,0.98,142.69,0.99,934.74,,,,,0.01,0.01,616.78188,1776165543000
1776165545.212,245.212,0.04,8.57,0.02,142.69,0.01,934.74,,,,,0.05,66.84,0.06,52.1,0.07,39.9,0.08,35.29,0.09,31.7,0.95,66.84,0.94,52.1,0.93,39.9,0.92,35.29,0.91,31.7,0.96,8.57,0.98,142.69,0.99,934.74,,,,,0.01,0.01,616.78008,1776165544000
1776165546.459,246.459,0.04,8.57,0.02,142.69,0.01,934.74,,,,,0.05,66.84,0.06,52.1,0.07,39.9,0.08,35.29,0.09,31.7,0.95,66.84,0.94,52.1,0.93,39.9,0.92,35.29,0.91,31.7,0.96,8.57,0.98,142.69,0.99,934.74,,,,,0.01,0.01,616.77471,1776165545000
1776165547.015,247.015,0.02,10.0,0.01,934.74,,,,,,,0.05,66.84,0.06,52.1,0.07,39.9,0.08,35.29,0.09,31.7,0.95,66.84,0.94,52.1,0.93,39.9,0.92,35.29,0.91,31.7,0.96,8.57,0.98,142.69,0.99,934.74,,,,,0.03,0.01,616.77471,1776165545000
1776165548.709,248.709,0.02,10.0,0.01,934.74,,,,,,,0.05,66.84,0.06,52.1,0.07,39.9,0.08,35.29,0.09,31.7,0.95,66.84,0.94,52.1,0.93,39.9,0.92,35.29,0.91,31.7,0.98,10.0,0.99,934.74,,,,,,,0.03,0.03,616.78395,1776165547000
1776165549.175,249.175,0.02,10.0,0.01,934.74,,,,,,,0.05,66.84,0.06,52.1,0.07,39.9,0.08,35.29,0.09,31.7,0.95,66.84,0.94,52.1,0.93,39.9,0.92,35.29,0.91,31.7,0.98,10.0,0.99,934.74,,,,,,,0.03,0.03,616.78387,1776165548000
1776165549.41,249.41,0.01,672.14,,,,,,,,,0.03,89.3,0.04,67.7,0.05,54.7,0.06,52.1,0.07,49.9,0.95,66.84,0.94,52.1,0.93,39.9,0.92,35.29,0.91,31.7,0.98,10.0,0.99,934.74,,,,,,,0.02,0.03,616.78387,1776165548000
1776165549.731,249.731,0.01,660.14,,,,,,,,,0.03,89.3,0.04,67.7,0.05,54.7,0.06,52.1,0.07,49.9,0.97,89.3,0.96,67.7,0.95,54.7,0.94,52.1,0.93,49.9,0.99,672.14,,,,,,,,,0.02,0.02,616.78387,1776165548000
1776165550.116,250.116,0.01,660.14,,,,,,,,,0.03,89.3,0.04,67.7,0.05,54.7,0.06,52.1,0.07,49.9,0.97,89.3,0.96,67.7,0.95,54.7,0.94,52.1,0.93,49.9,0.99,660.14,,,,,,,,,0.02,0.02,616.78439,1776165549000
1776165551.085,251.085,0.01,660.14,,,,,,,,,0.03,89.3,0.04,67.7,0.05,54.7,0.06,52.1,0.07,49.9,0.97,89.3,0.96,67.7,0.95,54.7,0.94,52.1,0.93,49.9,0.99,660.14,,,,,,,,,0.02,0.02,616.756179,1776165550000
1776165551.339,251.339,0.01,559.12,,,,,,,,,0.02,132.69,0.03,89.3,0.04,67.7,0.05,54.7,0.06,52.1,0.97,89.3,0.96,67.7,0.95,54.7,0.94,52.1,0.93,49.9,0.99,660.14,,,,,,,,,0.01,0.02,616.756179,1776165550000
1776165551.979,251.979,0.01,559.12,,,,,,,,,0.02,132.69,0.03,89.3,0.04,67.7,0.05,54.7,0.06,52.1,0.98,132.69,0.97,89.3,0.96,67.7,0.95,54.7,0.94,52.1,0.99,559.12,,,,,,,,,0.01,0.01,616.70196,1776165551000
1776165553.01,253.01,0.01,559.12,,,,,,,,,0.02,132.69,0.03,89.3,0.04,67.7,0.05,54.7,0.06,52.1,0.98,132.69,0.97,89.3,0.96,67.7,0.95,54.7,0.94,52.1,0.99,559.12,,,,,,,,,0.01,0.01,616.689,1776165552000
1776165553.973,253.973,0.01,559.12,,,,,,,,,0.02,132.69,0.03,89.3,0.04,67.7,0.05,54.7,0.06,52.1,0.98,132.69,0.97,89.3,0.96,67.7,0.95,54.7,0.94,52.1,0.99,559.12,,,,,,,,,0.01,0.01,616.68752,1776165553000
1776165554.529,254.529,0.01,373.05,,,,,,,,,0.02,132.69,0.03,89.3,0.04,67.7,0.05,54.7,0.06,62.1,0.98,132.69,0.97,89.3,0.96,67.7,0.95,54.7,0.94,52.1,0.99,559.12,,,,,,,,,0.01,0.01,616.68752,1776165553000
1776165554.958,254.958,0.01,373.05,,,,,,,,,0.02,132.69,0.03,89.3,0.04,67.7,0.05,54.7,0.06,62.1,0.98,132.69,0.97,89.3,0.96,67.7,0.95,54.7,0.94,62.1,0.99,373.05,,,,,,,,,0.01,0.01,616.68773,1776165554000
1776165555.878,255.878,0.01,373.05,,,,,,,,,0.02,132.69,0.03,89.3,0.04,67.7,0.05,54.7,0.06,62.1,0.98,132.69,0.97,89.3,0.96,67.7,0.95,54.7,0.94,62.1,0.99,373.05,,,,,,,,,0.01,0.01,616.68822,1776165555000
1776165556.883,256.883,0.01,373.05,,,,,,,,,0.02,132.69,0.03,89.3,0.04,67.7,0.05,54.7,0.06,62.1,0.98,132.69,0.97,89.3,0.96,67.7,0.95,54.7,0.94,62.1,0.99,373.05,,,,,,,,,0.01,0.01,616.68824,1776165556000
1776165557.885,257.885,0.01,373.05,,,,,,,,,0.02,132.69,0.03,89.3,0.04,67.7,0.05,54.7,0.06,62.1,0.98,132.69,0.97,89.3,0.96,67.7,0.95,54.7,0.94,62.1,0.99,373.05,,,,,,,,,0.01,0.01,616.67539,1776165557000
1776165559.188,259.188,0.01,373.05,,,,,,,,,0.02,132.69,0.03,89.3,0.04,67.7,0.05,54.7,0.06,62.1,0.98,132.69,0.97,89.3,0.96,67.7,0.95,54.7,0.94,62.1,0.99,373.05,,,,,,,,,0.01,0.01,616.67634,1776165558000
1776165560.312,260.312,0.01,373.05,,,,,,,,,0.02,132.69,0.03,89.3,0.04,67.7,0.05,54.7,0.06,62.1,0.98,132.69,0.97,89.3,0.96,67.7,0.95,54.7,0.94,62.1,0.99,373.05,,,,,,,,,0.01,0.01,616.66921,1776165559000
1776165561.2,261.2,0.01,373.05,,,,,,,,,0.02,132.69,0.03,89.3,0.04,67.7,0.05,54.7,0.06,62.1,0.98,132.69,0.97,89.3,0.96,67.7,0.95,54.7,0.94,62.1,0.99,373.05,,,,,,,,,0.01,0.01,616.66921,1776165560000
1776165562.475,262.475,0.01,373.05,,,,,,,,,0.02,132.69,0.03,89.3,0.04,67.7,0.05,54.7,0.06,62.1,0.98,132.69,0.97,89.3,0.96,67.7,0.95,54.7,0.94,62.1,0.99,373.05,,,,,,,,,0.01,0.01,616.63617,1776165561000
1776165562.7,262.7,0.01,371.02,,,,,,,,,0.02,132.69,0.03,89.3,0.04,77.7,0.05,54.7,0.06,52.1,0.98,132.69,0.97,89.3,0.96,67.7,0.95,54.7,0.94,62.1,0.99,373.05,,,,,,,,,0.01,0.01,616.63617,1776165561000
1776165563.09,263.09,0.01,371.02,,,,,,,,,0.02,132.69,0.03,89.3,0.04,77.7,0.05,54.7,0.06,52.1,0.98,132.69,0.97,89.3,0.96,77.7,0.95,54.7,0.94,52.1,0.99,371.02,,,,,,,,,0.01,0.01,616.63599,1776165562000
1776165563.351,263.351,0.01,363.02,,,,,,,,,0.02,132.69,0.03,89.3,0.04,77.7,0.05,54.7,0.06,52.1,0.98,132.69,0.97,89.3,0.96,77.7,0.95,54.7,0.94,52.1,0.99,371.02,,,,,,,,,0.01,0.01,616.63599,1776165562000
1776165564.233,264.233,0.01,363.02,,,,,,,,,0.02,132.69,0.03,89.3,0.04,77.7,0.05,54.7,0.06,52.1,0.98,132.69,0.97,89.3,0.96,77.7,0.95,54.7,0.94,52.1,0.99,363.02,,,,,,,,,0.01,0.01,616.603,1776165563000
1776165564.555,264.555,0.01,363.02,,,,,,,,,0.02,129.69,0.03,89.3,0.04,77.7,0.05,54.7,0.06,52.1,0.98,132.69,0.97,89.3,0.96,77.7,0.95,54.7,0.94,52.1,0.99,363.02,,,,,,,,,0.01,0.01,616.603,1776165563000
1776165565.669,265.669,0.01,363.02,,,,,,,,,0.02,129.69,0.03,89.3,0.04,77.7,0.05,54.7,0.06,52.1,0.98,129.69,0.97,89.3,0.96,77.7,0.95,54.7,0.94,52.1,0.99,363.02,,,,,,,,,0.01,0.01,616.621,1776165564000
1776165566.216,266.216,0.01,363.02,,,,,,,,,0.02,129.69,0.03,89.3,0.04,77.7,0.05,54.7,0.06,52.1,0.98,129.69,0.97,89.3,0.96,77.7,0.95,54.7,0.94,52.1,0.99,363.02,,,,,,,,,0.01,0.01,616.622,1776165565000
1776165567.492,267.492,0.01,363.02,,,,,,,,,0.02,129.69,0.03,89.3,0.04,77.7,0.05,54.7,0.06,52.1,0.98,129.69,0.97,89.3,0.96,77.7,0.95,54.7,0.94,52.1,0.99,363.02,,,,,,,,,0.01,0.01,616.616,1776165566000
1776165568.105,268.105,0.01,363.02,,,,,,,,,0.02,129.69,0.03,89.3,0.04,77.7,0.05,54.7,0.06,52.1,0.98,129.69,0.97,89.3,0.96,77.7,0.95,54.7,0.94,52.1,0.99,363.02,,,,,,,,,0.01,0.01,616.616,1776165567000
1776165569.251,269.251,0.01,363.02,,,,,,,,,0.02,129.69,0.03,89.3,0.04,77.7,0.05,54.7,0.06,52.1,0.98,129.69,0.97,89.3,0.96,77.7,0.95,54.7,0.94,52.1,0.99,363.02,,,,,,,,,0.01,0.01,616.615,1776165568000
1776165570.253,270.253,0.01,357.97,,,,,,,,,0.02,129.69,0.03,89.3,0.04,77.7,0.05,54.7,0.06,52.1,0.98,129.69,0.97,89.3,0.96,77.7,0.95,54.7,0.94,52.1,0.99,363.02,,,,,,,,,0.01,0.01,616.615,1776165568000
1776165570.526,270.526,0.01,357.97,,,,,,,,,0.02,129.69,0.03,89.3,0.04,77.7,0.05,54.7,0.06,52.1,0.98,129.69,0.97,89.3,0.96,77.7,0.95,54.7,0.94,52.1,0.99,357.97,,,,,,,,,0.01,0.01,616.606,1776165569000
1776165571.121,271.121,0.01,357.97,,,,,,,,,0.02,129.69,0.03,89.3,0.04,77.7,0.05,54.7,0.06,52.1,0.98,129.69,0.97,89.3,0.96,77.7,0.95,54.7,0.94,52.1,0.99,357.97,,,,,,,,,0.01,0.01,616.606,1776165570000
1776165571.369,271.369,0.01,352.92,,,,,,,,,0.02,129.69,0.03,99.3,0.04,67.7,0.05,54.7,0.06,52.1,0.98,129.69,0.97,89.3,0.96,77.7,0.95,54.7,0.94,52.1,0.99,357.97,,,,,,,,,0.01,0.01,616.606,1776165570000
1776165572.228,272.228,0.01,352.92,,,,,,,,,0.02,129.69,0.03,99.3,0.04,67.7,0.05,54.7,0.06,52.1,0.98,129.69,0.97,99.3,0.96,67.7,0.95,54.7,0.94,52.1,0.99,352.92,,,,,,,,,0.01,0.01,616.605,1776165571000
1776165573.199,273.199,0.01,351.9,,,,,,,,,0.02,129.69,0.03,99.3,0.04,67.7,0.05,54.7,0.06,52.1,0.98,129.69,0.97,99.3,0.96,67.7,0.95,54.7,0.94,52.1,0.99,352.92,,,,,,,,,0.01,0.01,616.605,1776165571000
1776165573.508,273.508,0.01,350.88,,,,,,,,,0.02,129.69,0.03,99.3,0.04,67.7,0.05,54.7,0.06,52.1,0.98,129.69,0.97,99.3,0.96,67.7,0.95,54.7,0.94,52.1,0.99,351.9,,,,,,,,,0.01,0.01,616.612,1776165572000
1776165573.903,273.903,0.01,350.88,,,,,,,,,0.02,129.69,0.03,99.3,0.04,67.7,0.05,54.7,0.06,52.1,0.98,129.69,0.97,99.3,0.96,67.7,0.95,54.7,0.94,52.1,0.99,350.88,,,,,,,,,0.01,0.01,616.612,1776165573000
1776165575.067,275.067,0.01,350.88,,,,,,,,,0.02,129.69,0.03,99.3,0.04,67.7,0.05,54.7,0.06,52.1,0.98,129.69,0.97,99.3,0.96,67.7,0.95,54.7,0.94,52.1,0.99,350.88,,,,,,,,,0.01,0.01,616.614,1776165574000
1776165576.171,276.171,,,,,,,,,,,0.01,649.12,0.03,10.0,0.06,6.0,0.11,55.0,0.21,50.0,0.98,129.69,0.97,99.3,0.96,67.7,0.95,54.7,0.94,52.1,0.99,350.88,,,,,,,,,,0.01,616.614,1776165574000
1776165576.751,276.751,,,,,,,,,,,0.01,649.12,0.03,10.0,0.06,6.0,0.11,55.0,0.21,50.0,0.99,649.12,0.97,10.0,0.94,6.0,0.89,55.0,0.79,50.0,,,,,,,,,,,,,616.619,1776165575000
1776165577.36,277.36,,,,,,,,,,,0.01,649.12,0.03,10.0,0.06,6.0,0.11,55.0,0.21,50.0,0.99,649.12,0.97,10.0,0.94,6.0,0.89,55.0,0.79,50.0,,,,,,,,,,,,,616.627,1776165576000
1776165578.357,278.357,,,,,,,,,,,0.01,649.12,0.03,10.0,0.06,6.0,0.11,55.0,0.21,50.0,0.99,649.12,0.97,10.0,0.94,6.0,0.89,55.0,0.79,50.0,,,,,,,,,,,,,616.624915,1776165577000
1776165578.944,278.944,,,,,,,,,,,0.01,649.12,0.03,10.0,0.06,6.0,0.11,55.0,0.21,50.0,0.99,649.12,0.97,10.0,0.94,6.0,0.89,55.0,0.79,50.0,,,,,,,,,,,,,616.615,1776165578000
1776165579.978,279.978,,,,,,,,,,,0.01,649.12,0.03,10.0,0.06,6.0,0.11,55.0,0.21,50.0,0.99,649.12,0.97,10.0,0.94,6.0,0.89,55.0,0.79,50.0,,,,,,,,,,,,,616.621,1776165579000
1776165581.12,281.12,,,,,,,,,,,0.01,649.12,0.03,10.0,0.06,6.0,0.11,55.0,0.21,50.0,0.99,649.12,0.97,10.0,0.94,6.0,0.89,55.0,0.79,50.0,,,,,,,,,,,,,616.613,1776165580000
1776165582.254,282.254,,,,,,,,,,,0.01,649.12,0.03,10.0,0.06,6.0,0.11,55.0,0.21,50.0,0.99,649.12,0.97,10.0,0.94,6.0,0.89,55.0,0.79,50.0,,,,,,,,,,,,,616.621,1776165581000
1776165583.335,283.335,,,,,,,,,,,0.01,649.12,0.03,10.0,0.06,6.0,0.11,55.0,0.21,50.0,0.99,649.12,0.97,10.0,0.94,6.0,0.89,55.0,0.79,50.0,,,,,,,,,,,,,616.629,1776165582000
1776165584.494,284.494,,,,,,,,,,,0.01,649.12,0.03,10.0,0.06,6.0,0.11,55.0,0.21,50.0,0.99,649.12,0.97,10.0,0.94,6.0,0.89,55.0,0.79,50.0,,,,,,,,,,,,,616.626,1776165583000
1776165584.996,284.996,,,,,,,,,,,0.01,649.12,0.03,10.0,0.06,6.0,0.11,55.0,0.21,50.0,0.99,649.12,0.97,10.0,0.94,6.0,0.89,55.0,0.79,50.0,,,,,,,,,,,,,616.626,1776165584000
1776165586.198,286.198,,,,,,,,,,,0.01,649.12,0.03,10.0,0.06,6.0,0.11,55.0,0.21,50.0,0.99,649.12,0.97,10.0,0.94,6.0,0.89,55.0,0.79,50.0,,,,,,,,,,,,,616.625,1776165585000
1776165587.301,287.301,,,,,,,,,,,0.01,649.12,0.03,10.0,0.06,6.0,0.11,55.0,0.21,50.0,0.99,649.12,0.97,10.0,0.94,6.0,0.89,55.0,0.79,50.0,,,,,,,,,,,,,616.607325,1776165586000
1776165588.353,288.353,,,,,,,,,,,0.01,649.12,0.03,10.0,0.06,6.0,0.11,55.0,0.21,50.0,0.99,649.12,0.97,10.0,0.94,6.0,0.89,55.0,0.79,50.0,,,,,,,,,,,,,616.579,1776165587000
1776165588.978,288.978,,,,,,,,,,,0.01,649.12,0.03,10.0,0.06,6.0,0.11,55.0,0.21,50.0,0.99,649.12,0.97,10.0,0.94,6.0,0.89,55.0,0.79,50.0,,,,,,,,,,,,,616.579,1776165588000
1776165590.138,290.138,,,,,,,,,,,0.01,649.12,0.03,10.0,0.06,6.0,0.11,55.0,0.21,50.0,0.99,649.12,0.97,10.0,0.94,6.0,0.89,55.0,0.79,50.0,,,,,,,,,,,,,616.577,1776165589000
1776165591.094,291.094,,,,,,,,,,,0.01,649.12,0.03,10.0,0.06,6.0,0.11,55.0,0.21,50.0,0.99,649.12,0.97,10.0,0.94,6.0,0.89,55.0,0.79,50.0,,,,,,,,,,,,,616.59525,1776165590000
1776165592.008,292.008,,,,,,,,,,,0.01,649.12,0.03,10.0,0.06,6.0,0.11,55.0,0.21,50.0,0.99,649.12,0.97,10.0,0.94,6.0,0.89,55.0,0.79,50.0,,,,,,,,,,,,,616.598,1776165591000
1776165592.931,292.931,,,,,,,,,,,0.01,649.12,0.03,10.0,0.06,6.0,0.11,55.0,0.21,50.0,0.99,649.12,0.97,10.0,0.94,6.0,0.89,55.0,0.79,50.0,,,,,,,,,,,,,616.568,1776165592000
1776165593.939,293.939,,,,,,,,,,,0.01,649.12,0.03,10.0,0.06,6.0,0.11,55.0,0.21,50.0,0.99,649.12,0.97,10.0,0.94,6.0,0.89,55.0,0.79,50.0,,,,,,,,,,,,,616.564,1776165593000
1776165594.957,294.957,,,,,,,,,,,0.01,649.12,0.03,10.0,0.06,6.0,0.11,55.0,0.21,50.0,0.99,649.12,0.97,10.0,0.94,6.0,0.89,55.0,0.79,50.0,,,,,,,,,,,,,616.56905,1776165594000
1776165596.039,296.039,,,,,,,,,,,0.01,649.12,0.03,10.0,0.06,6.0,0.11,55.0,0.21,50.0,0.99,649.12,0.97,10.0,0.94,6.0,0.89,55.0,0.79,50.0,,,,,,,,,,,,,616.56782,1776165595000
1776165596.956,296.956,,,,,,,,,,,0.01,649.12,0.03,10.0,0.06,6.0,0.11,55.0,0.21,50.0,0.99,649.12,0.97,10.0,0.94,6.0,0.89,55.0,0.79,50.0,,,,,,,,,,,,,616.56756,1776165596000
1776165597.897,297.897,,,,,,,,,,,0.01,649.12,0.03,10.0,0.06,6.0,0.11,55.0,0.21,50.0,0.99,649.12,0.97,10.0,0.94,6.0,0.89,55.0,0.79,50.0,,,,,,,,,,,,,616.56779,1776165597000
1776165598.843,298.843,,,,,,,,,,,0.01,649.12,0.03,10.0,0.06,6.0,0.11,55.0,0.21,50.0,0.99,649.12,0.97,10.0,0.94,6.0,0.89,55.0,0.79,50.0,,,,,,,,,,,,,616.56788,1776165598000
1776165600.275,300.275,,,,,,,,,,,0.01,649.12,0.03,10.0,0.06,6.0,0.11,55.0,0.21,50.0,0.99,649.12,0.97,10.0,0.94,6.0,0.89,55.0,0.79,50.0,,,,,,,,,,,,,616.56757,1776165599000
1776165601.244,301.244,,,,,,,,,,,0.01,649.12,0.03,10.0,0.06,6.0,0.11,55.0,0.21,50.0,0.99,649.12,0.97,10.0,0.94,6.0,0.89,55.0,0.79,50.0,,,,,,,,,,,,,616.56903,1776165600000
1776165602.194,302.194,,,,,,,,,,,0.01,649.12,0.03,10.0,0.06,6.0,0.11,55.0,0.21,50.0,0.99,649.12,0.97,10.0,0.94,6.0,0.89,55.0,0.79,50.0,,,,,,,,,,,,,616.55759,1776165601000

# RESULT,winner=Down,slug=bnb-updown-5m-1776165300,ticks=326
