timestamp,elapsed_sec,up_bid_p1,up_bid_s1,up_bid_p2,up_bid_s2,up_bid_p3,up_bid_s3,up_bid_p4,up_bid_s4,up_bid_p5,up_bid_s5,up_ask_p1,up_ask_s1,up_ask_p2,up_ask_s2,up_ask_p3,up_ask_s3,up_ask_p4,up_ask_s4,up_ask_p5,up_ask_s5,down_bid_p1,down_bid_s1,down_bid_p2,down_bid_s2,down_bid_p3,down_bid_s3,down_bid_p4,down_bid_s4,down_bid_p5,down_bid_s5,down_ask_p1,down_ask_s1,down_ask_p2,down_ask_s2,down_ask_p3,down_ask_s3,down_ask_p4,down_ask_s4,down_ask_p5,down_ask_s5,up_spread,down_spread,bnb_price,bnb_oracle_ts
1776172501.475,1.475,0.41,20.32,0.4,8.0,0.39,8.0,0.38,8.0,0.37,189.0,0.59,13.0,0.6,8.0,0.61,8.0,0.62,8.0,0.63,189.0,0.41,13.0,0.4,8.0,0.39,8.0,0.38,8.0,0.37,189.0,0.59,20.32,0.6,8.0,0.61,8.0,0.62,8.0,0.63,189.0,0.18,0.18,616.649712,1776172500000
1776172502.3,2.3,0.41,20.32,0.4,8.0,0.39,8.0,0.38,8.0,0.37,189.0,0.59,13.0,0.6,8.0,0.61,8.0,0.62,8.0,0.63,189.0,0.41,13.0,0.4,8.0,0.39,8.0,0.38,8.0,0.37,189.0,0.59,20.32,0.6,8.0,0.61,8.0,0.62,8.0,0.63,189.0,0.18,0.18,616.648,1776172501000
1776172503.842,3.842,0.41,20.32,0.4,8.0,0.39,8.0,0.38,8.0,0.37,189.0,0.59,13.0,0.6,8.0,0.61,8.0,0.62,8.0,0.63,189.0,0.41,13.0,0.4,8.0,0.39,8.0,0.38,8.0,0.37,189.0,0.59,20.32,0.6,8.0,0.61,8.0,0.62,8.0,0.63,189.0,0.18,0.18,616.614969,1776172502000
1776172504.461,4.461,0.41,20.32,0.4,8.0,0.39,8.0,0.38,8.0,0.37,189.0,0.59,13.0,0.6,8.0,0.61,8.0,0.62,8.0,0.63,189.0,0.41,13.0,0.4,8.0,0.39,8.0,0.38,8.0,0.37,189.0,0.59,20.32,0.6,8.0,0.61,8.0,0.62,8.0,0.63,189.0,0.18,0.18,616.610058,1776172503000
1776172504.744,4.744,0.42,7.15,0.41,50.0,0.35,24.0,0.31,425.0,0.27,450.0,0.6,10.33,0.61,50.0,0.65,10.0,0.69,375.0,0.71,50.0,0.41,13.0,0.4,8.0,0.39,8.0,0.38,8.0,0.37,189.0,0.59,20.32,0.6,8.0,0.61,8.0,0.62,8.0,0.63,189.0,0.18,0.18,616.610058,1776172503000
1776172505.191,5.191,0.42,7.15,0.41,50.0,0.35,24.0,0.31,425.0,0.27,450.0,0.6,10.33,0.61,50.0,0.65,10.0,0.69,375.0,0.71,50.0,0.4,10.33,0.39,50.0,0.35,10.0,0.31,375.0,0.29,50.0,0.58,7.15,0.59,50.0,0.65,24.0,0.69,425.0,0.73,450.0,0.18,0.18,616.610058,1776172504000
1776172505.591,5.591,0.42,5.42,0.35,24.0,0.31,50.0,0.27,450.0,0.25,600.0,0.6,8.66,0.61,50.0,0.65,10.0,0.71,50.0,0.73,450.0,0.4,10.33,0.39,50.0,0.35,10.0,0.29,50.0,0.27,450.0,0.58,5.42,0.59,50.0,0.65,24.0,0.69,50.0,0.73,450.0,0.18,0.18,616.610058,1776172504000
1776172506.002,6.002,0.44,3.21,0.42,5.42,0.35,14.0,0.31,50.0,0.27,450.0,0.56,5.0,0.6,8.66,0.61,50.0,0.71,50.0,0.73,450.0,0.4,8.66,0.39,50.0,0.35,10.0,0.29,50.0,0.27,450.0,0.58,5.42,0.65,24.0,0.69,50.0,0.73,450.0,0.75,600.0,0.12,0.18,616.610058,1776172504000
1776172506.645,6.645,0.44,3.21,0.42,5.42,0.35,14.0,0.31,50.0,0.27,450.0,0.56,5.0,0.6,8.66,0.61,50.0,0.71,50.0,0.73,450.0,0.44,5.0,0.4,8.66,0.39,50.0,0.29,50.0,0.27,450.0,0.56,3.21,0.58,5.42,0.65,14.0,0.69,50.0,0.73,450.0,0.12,0.12,616.59038,1776172505000
1776172507.271,7.271,0.44,3.21,0.42,5.42,0.35,14.0,0.31,50.0,0.27,450.0,0.56,5.0,0.6,8.66,0.61,50.0,0.71,50.0,0.73,450.0,0.44,5.0,0.4,8.66,0.39,50.0,0.29,50.0,0.27,450.0,0.56,3.21,0.58,5.42,0.65,14.0,0.69,50.0,0.73,450.0,0.12,0.12,616.623081,1776172506000
1776172508.317,8.317,0.44,3.21,0.42,5.42,0.35,14.0,0.31,50.0,0.27,450.0,0.56,5.0,0.6,8.66,0.61,50.0,0.71,50.0,0.73,450.0,0.44,5.0,0.4,8.66,0.39,50.0,0.29,50.0,0.27,450.0,0.56,3.21,0.58,5.42,0.65,14.0,0.69,50.0,0.73,450.0,0.12,0.12,616.637137,1776172507000
1776172508.675,8.675,0.44,5.0,0.43,6.98,0.31,66.0,0.25,600.0,0.21,800.0,0.53,8.11,0.56,5.0,0.61,50.0,0.71,50.0,0.75,600.0,0.44,5.0,0.4,8.66,0.39,50.0,0.29,50.0,0.27,450.0,0.56,3.21,0.58,5.42,0.65,14.0,0.69,50.0,0.73,450.0,0.09,0.12,616.637137,1776172507000
1776172509.006,9.006,0.44,5.0,0.43,6.98,0.31,66.0,0.25,600.0,0.21,800.0,0.53,8.11,0.56,5.0,0.61,50.0,0.71,50.0,0.75,600.0,0.47,8.11,0.44,5.0,0.39,50.0,0.29,50.0,0.25,600.0,0.56,5.0,0.57,6.98,0.69,66.0,0.75,600.0,0.79,800.0,0.09,0.09,616.63643,1776172508000
1776172509.978,9.978,0.44,5.0,0.43,6.98,0.31,66.0,0.25,600.0,0.21,800.0,0.53,8.11,0.56,5.0,0.61,50.0,0.71,50.0,0.75,600.0,0.47,8.11,0.44,5.0,0.39,50.0,0.29,50.0,0.25,600.0,0.56,5.0,0.57,6.98,0.69,66.0,0.75,600.0,0.79,800.0,0.09,0.09,616.631477,1776172509000
1776172511.078,11.078,0.44,5.0,0.43,6.98,0.31,66.0,0.25,600.0,0.21,800.0,0.53,8.11,0.56,5.0,0.61,50.0,0.71,50.0,0.75,600.0,0.47,8.11,0.44,5.0,0.39,50.0,0.29,50.0,0.25,600.0,0.56,5.0,0.57,6.98,0.69,66.0,0.75,600.0,0.79,800.0,0.09,0.09,616.623325,1776172510000
1776172511.977,11.977,0.44,5.0,0.43,6.98,0.31,66.0,0.25,600.0,0.21,800.0,0.53,8.11,0.56,5.0,0.61,50.0,0.71,50.0,0.75,600.0,0.47,8.11,0.44,5.0,0.39,50.0,0.29,50.0,0.25,600.0,0.56,5.0,0.57,6.98,0.69,66.0,0.75,600.0,0.79,800.0,0.09,0.09,616.623933,1776172511000
1776172513.712,13.712,0.44,5.0,0.43,6.98,0.31,66.0,0.25,600.0,0.21,800.0,0.53,8.11,0.56,5.0,0.61,50.0,0.71,50.0,0.75,600.0,0.47,8.11,0.44,5.0,0.39,50.0,0.29,50.0,0.25,600.0,0.56,5.0,0.57,6.98,0.69,66.0,0.75,600.0,0.79,800.0,0.09,0.09,616.623933,1776172512000
1776172514.254,14.254,0.44,5.0,0.43,6.98,0.31,66.0,0.25,600.0,0.21,800.0,0.53,8.11,0.56,5.0,0.61,50.0,0.71,50.0,0.75,600.0,0.47,8.11,0.44,5.0,0.39,50.0,0.29,50.0,0.25,600.0,0.56,5.0,0.57,6.98,0.69,66.0,0.75,600.0,0.79,800.0,0.09,0.09,616.589001,1776172513000
1776172515.501,15.501,0.44,5.0,0.43,6.98,0.31,66.0,0.25,600.0,0.21,800.0,0.53,8.11,0.56,5.0,0.61,50.0,0.71,50.0,0.75,600.0,0.47,8.11,0.44,5.0,0.39,50.0,0.29,50.0,0.25,600.0,0.56,5.0,0.57,6.98,0.69,66.0,0.75,600.0,0.79,800.0,0.09,0.09,616.648281,1776172514000
1776172516.471,16.471,0.44,5.0,0.43,6.98,0.31,66.0,0.25,600.0,0.21,800.0,0.53,8.11,0.56,5.0,0.61,50.0,0.71,50.0,0.75,600.0,0.47,8.11,0.44,5.0,0.39,50.0,0.29,50.0,0.25,600.0,0.56,5.0,0.57,6.98,0.69,66.0,0.75,600.0,0.79,800.0,0.09,0.09,616.648198,1776172515000
1776172517.182,17.182,0.44,5.0,0.43,6.98,0.31,66.0,0.25,600.0,0.21,800.0,0.53,8.11,0.56,5.0,0.61,50.0,0.71,50.0,0.75,600.0,0.47,8.11,0.44,5.0,0.39,50.0,0.29,50.0,0.25,600.0,0.56,5.0,0.57,6.98,0.69,66.0,0.75,600.0,0.79,800.0,0.09,0.09,616.614319,1776172516000
1776172518.252,18.252,0.44,5.0,0.43,6.98,0.37,5.0,0.36,15.0,0.35,5.0,0.54,10.0,0.55,5.0,0.56,5.0,0.57,6.98,0.61,55.0,0.47,8.11,0.44,5.0,0.39,50.0,0.29,50.0,0.25,600.0,0.56,5.0,0.57,6.98,0.69,66.0,0.75,600.0,0.79,800.0,0.1,0.09,616.614319,1776172516000
1776172519.686,19.686,0.44,5.0,0.43,6.98,0.37,5.0,0.36,15.0,0.35,5.0,0.54,10.0,0.55,5.0,0.56,5.0,0.57,6.98,0.61,55.0,0.46,10.0,0.45,5.0,0.44,5.0,0.43,6.98,0.39,55.0,0.56,5.0,0.57,6.98,0.63,5.0,0.64,15.0,0.65,5.0,0.1,0.1,616.64007,1776172518000
1776172520.289,20.289,0.44,5.0,0.43,6.98,0.37,5.0,0.36,15.0,0.35,5.0,0.54,10.0,0.55,5.0,0.56,5.0,0.57,6.98,0.61,55.0,0.46,10.0,0.45,5.0,0.44,5.0,0.43,6.98,0.39,55.0,0.56,5.0,0.57,6.98,0.63,5.0,0.64,15.0,0.65,5.0,0.1,0.1,616.626635,1776172519000
1776172521.128,21.128,0.44,3.28,0.37,5.0,0.36,5.0,0.35,15.0,0.34,19.0,0.55,5.0,0.56,5.0,0.57,11.0,0.61,55.0,0.62,5.0,0.46,10.0,0.45,5.0,0.44,5.0,0.43,6.98,0.39,55.0,0.56,5.0,0.57,6.98,0.63,5.0,0.64,15.0,0.65,5.0,0.11,0.1,616.626635,1776172519000
1776172521.513,21.513,0.44,3.28,0.37,5.0,0.36,5.0,0.35,15.0,0.34,19.0,0.55,5.0,0.56,5.0,0.57,11.0,0.61,55.0,0.62,5.0,0.45,5.0,0.44,5.0,0.43,11.0,0.39,55.0,0.38,5.0,0.56,3.28,0.63,5.0,0.64,5.0,0.65,15.0,0.66,19.0,0.11,0.11,616.642744,1776172520000
1776172522.147,22.147,0.44,3.28,0.37,5.0,0.36,5.0,0.35,15.0,0.34,19.0,0.55,5.0,0.56,5.0,0.57,11.0,0.61,55.0,0.62,5.0,0.45,5.0,0.44,5.0,0.43,11.0,0.39,55.0,0.38,5.0,0.56,3.28,0.63,5.0,0.64,5.0,0.65,15.0,0.66,19.0,0.11,0.11,616.642744,1776172521000
1776172523.31,23.31,0.44,3.28,0.37,5.0,0.36,5.0,0.35,15.0,0.34,19.0,0.55,5.0,0.56,5.0,0.57,11.0,0.61,55.0,0.62,5.0,0.45,5.0,0.44,5.0,0.43,11.0,0.39,55.0,0.38,5.0,0.56,3.28,0.63,5.0,0.64,5.0,0.65,15.0,0.66,19.0,0.11,0.11,616.65,1776172522000
1776172523.987,23.987,0.43,5.0,0.38,10.0,0.37,18.0,0.36,5.0,0.35,5.0,0.55,1.6,0.56,5.0,0.61,77.0,0.62,5.0,0.63,5.0,0.45,5.0,0.44,5.0,0.43,11.0,0.39,55.0,0.38,5.0,0.56,3.28,0.63,5.0,0.64,5.0,0.65,15.0,0.66,19.0,0.12,0.11,616.65,1776172522000
1776172524.259,24.259,0.43,5.0,0.38,10.0,0.37,18.0,0.36,5.0,0.35,5.0,0.55,1.6,0.56,5.0,0.61,77.0,0.62,5.0,0.63,5.0,0.45,1.6,0.44,5.0,0.39,77.0,0.38,5.0,0.37,5.0,0.57,5.0,0.62,10.0,0.63,18.0,0.64,5.0,0.65,5.0,0.12,0.12,616.648,1776172523000
1776172525.248,25.248,0.44,1.77,0.38,10.0,0.37,18.0,0.36,5.0,0.35,5.0,0.56,10.0,0.61,77.0,0.62,5.0,0.63,5.0,0.64,5.0,0.44,10.0,0.39,77.0,0.38,5.0,0.37,5.0,0.36,5.0,0.56,1.77,0.62,10.0,0.63,18.0,0.64,5.0,0.65,5.0,0.12,0.12,616.64551,1776172524000
1776172526.235,26.235,0.44,1.77,0.38,10.0,0.37,18.0,0.36,5.0,0.35,5.0,0.56,10.0,0.61,77.0,0.62,5.0,0.63,5.0,0.64,5.0,0.44,10.0,0.39,77.0,0.38,5.0,0.37,5.0,0.36,5.0,0.56,1.77,0.62,10.0,0.63,18.0,0.64,5.0,0.65,5.0,0.12,0.12,616.610509,1776172525000
1776172527.176,27.176,0.44,1.77,0.38,10.0,0.37,18.0,0.36,5.0,0.35,5.0,0.56,10.0,0.61,77.0,0.62,5.0,0.63,5.0,0.64,5.0,0.44,10.0,0.39,77.0,0.38,5.0,0.37,5.0,0.36,5.0,0.56,1.77,0.62,10.0,0.63,18.0,0.64,5.0,0.65,5.0,0.12,0.12,616.664,1776172526000
1776172528.193,28.193,0.44,1.77,0.38,10.0,0.37,18.0,0.36,5.0,0.35,5.0,0.56,10.0,0.61,77.0,0.62,5.0,0.63,5.0,0.64,5.0,0.44,10.0,0.39,77.0,0.38,5.0,0.37,5.0,0.36,5.0,0.56,1.77,0.62,10.0,0.63,18.0,0.64,5.0,0.65,5.0,0.12,0.12,616.659,1776172527000
1776172529.124,29.124,0.44,1.77,0.38,10.0,0.37,18.0,0.36,5.0,0.35,5.0,0.56,10.0,0.61,77.0,0.62,5.0,0.63,5.0,0.64,5.0,0.44,10.0,0.39,77.0,0.38,5.0,0.37,5.0,0.36,5.0,0.56,1.77,0.62,10.0,0.63,18.0,0.64,5.0,0.65,5.0,0.12,0.12,616.659,1776172528000
1776172530.103,30.103,0.44,1.77,0.38,10.0,0.37,18.0,0.36,5.0,0.35,5.0,0.56,10.0,0.61,77.0,0.62,5.0,0.63,5.0,0.64,5.0,0.44,10.0,0.39,77.0,0.38,5.0,0.37,5.0,0.36,5.0,0.56,1.77,0.62,10.0,0.63,18.0,0.64,5.0,0.65,5.0,0.12,0.12,616.67,1776172529000
1776172531.138,31.138,0.44,1.77,0.38,10.0,0.37,18.0,0.36,5.0,0.35,5.0,0.56,10.0,0.61,77.0,0.62,5.0,0.63,5.0,0.64,5.0,0.44,10.0,0.39,77.0,0.38,5.0,0.37,5.0,0.36,5.0,0.56,1.77,0.62,10.0,0.63,18.0,0.64,5.0,0.65,5.0,0.12,0.12,616.676,1776172530000
1776172532.042,32.042,0.44,1.77,0.38,10.0,0.37,18.0,0.36,5.0,0.35,5.0,0.56,10.0,0.61,77.0,0.62,5.0,0.63,5.0,0.64,5.0,0.44,10.0,0.39,77.0,0.38,5.0,0.37,5.0,0.36,5.0,0.56,1.77,0.62,10.0,0.63,18.0,0.64,5.0,0.65,5.0,0.12,0.12,616.7,1776172531000
1776172532.995,32.995,0.44,1.77,0.38,10.0,0.37,18.0,0.36,5.0,0.35,5.0,0.56,10.0,0.61,77.0,0.62,5.0,0.63,5.0,0.64,5.0,0.44,10.0,0.39,77.0,0.38,5.0,0.37,5.0,0.36,5.0,0.56,1.77,0.62,10.0,0.63,18.0,0.64,5.0,0.65,5.0,0.12,0.12,616.68637,1776172532000
1776172534.058,34.058,0.44,1.77,0.38,10.0,0.37,18.0,0.36,5.0,0.35,5.0,0.56,10.0,0.61,77.0,0.62,5.0,0.63,5.0,0.64,5.0,0.44,10.0,0.39,77.0,0.38,5.0,0.37,5.0,0.36,5.0,0.56,1.77,0.62,10.0,0.63,18.0,0.64,5.0,0.65,5.0,0.12,0.12,616.678689,1776172533000
1776172535.064,35.064,0.44,1.77,0.38,10.0,0.37,18.0,0.36,5.0,0.35,5.0,0.56,10.0,0.61,77.0,0.62,5.0,0.63,5.0,0.64,5.0,0.44,10.0,0.39,77.0,0.38,5.0,0.37,5.0,0.36,5.0,0.56,1.77,0.62,10.0,0.63,18.0,0.64,5.0,0.65,5.0,0.12,0.12,616.708,1776172534000
1776172536.111,36.111,0.44,1.77,0.38,10.0,0.37,18.0,0.36,5.0,0.35,5.0,0.56,10.0,0.61,77.0,0.62,5.0,0.63,5.0,0.64,5.0,0.44,10.0,0.39,77.0,0.38,5.0,0.37,5.0,0.36,5.0,0.56,1.77,0.62,10.0,0.63,18.0,0.64,5.0,0.65,5.0,0.12,0.12,616.70883,1776172535000
1776172537.336,37.336,0.44,1.77,0.38,10.0,0.37,18.0,0.36,5.0,0.35,5.0,0.56,10.0,0.61,77.0,0.62,5.0,0.63,5.0,0.64,5.0,0.44,10.0,0.39,77.0,0.38,5.0,0.37,5.0,0.36,5.0,0.56,1.77,0.62,10.0,0.63,18.0,0.64,5.0,0.65,5.0,0.12,0.12,616.715,1776172536000
1776172538.619,38.619,0.44,1.77,0.38,10.0,0.37,18.0,0.36,5.0,0.35,5.0,0.56,10.0,0.61,77.0,0.62,5.0,0.63,5.0,0.64,5.0,0.44,10.0,0.39,77.0,0.38,5.0,0.37,5.0,0.36,5.0,0.56,1.77,0.62,10.0,0.63,18.0,0.64,5.0,0.65,5.0,0.12,0.12,616.72,1776172537000
1776172539.169,39.169,0.44,1.77,0.38,10.0,0.37,18.0,0.36,5.0,0.35,5.0,0.56,10.0,0.61,77.0,0.62,5.0,0.63,5.0,0.64,5.0,0.44,10.0,0.39,77.0,0.38,5.0,0.37,5.0,0.36,5.0,0.56,1.77,0.62,10.0,0.63,18.0,0.64,5.0,0.65,5.0,0.12,0.12,616.71408,1776172538000
1776172540.719,40.719,0.44,1.77,0.38,10.0,0.37,18.0,0.36,5.0,0.35,5.0,0.56,10.0,0.61,77.0,0.62,5.0,0.63,5.0,0.64,5.0,0.44,10.0,0.39,77.0,0.38,5.0,0.37,5.0,0.36,5.0,0.56,1.77,0.62,10.0,0.63,18.0,0.64,5.0,0.65,5.0,0.12,0.12,616.71391,1776172539000
1776172541.34,41.34,0.44,1.77,0.38,10.0,0.37,18.0,0.36,5.0,0.35,5.0,0.56,10.0,0.61,77.0,0.62,5.0,0.63,5.0,0.64,5.0,0.44,10.0,0.39,77.0,0.38,5.0,0.37,5.0,0.36,5.0,0.56,1.77,0.62,10.0,0.63,18.0,0.64,5.0,0.65,5.0,0.12,0.12,616.694799,1776172540000
1776172542.082,42.082,0.44,1.77,0.38,10.0,0.37,18.0,0.36,5.0,0.35,5.0,0.56,10.0,0.61,77.0,0.62,5.0,0.63,5.0,0.64,5.0,0.44,10.0,0.39,77.0,0.38,5.0,0.37,5.0,0.36,5.0,0.56,1.77,0.62,10.0,0.63,18.0,0.64,5.0,0.65,5.0,0.12,0.12,616.67117,1776172541000
1776172543.328,43.328,0.44,1.77,0.38,10.0,0.37,18.0,0.36,5.0,0.35,5.0,0.56,10.0,0.61,77.0,0.62,5.0,0.63,5.0,0.64,5.0,0.44,10.0,0.39,77.0,0.38,5.0,0.37,5.0,0.36,5.0,0.56,1.77,0.62,10.0,0.63,18.0,0.64,5.0,0.65,5.0,0.12,0.12,616.589001,1776172542000
1776172543.817,43.817,0.44,1.82,0.37,5.0,0.36,10.0,0.31,55.0,0.3,21.0,0.49,29.0,0.54,39.85,0.55,11.67,0.56,5.0,0.57,5.0,0.44,10.0,0.39,77.0,0.38,5.0,0.37,5.0,0.36,5.0,0.56,1.77,0.62,10.0,0.63,18.0,0.64,5.0,0.65,5.0,0.05,0.12,616.589001,1776172542000
1776172545.48,45.48,0.44,1.82,0.37,5.0,0.36,10.0,0.31,55.0,0.3,21.0,0.49,29.0,0.54,39.85,0.55,11.67,0.56,5.0,0.57,5.0,0.51,29.0,0.46,39.85,0.45,11.67,0.44,5.0,0.43,5.0,0.56,1.82,0.63,5.0,0.64,10.0,0.69,55.0,0.7,21.0,0.05,0.05,616.536507,1776172544000
1776172546.235,46.235,0.44,1.82,0.37,5.0,0.36,10.0,0.31,55.0,0.3,21.0,0.49,29.0,0.54,39.85,0.55,11.67,0.56,5.0,0.57,5.0,0.51,29.0,0.46,39.85,0.45,11.67,0.44,5.0,0.43,5.0,0.56,1.82,0.63,5.0,0.64,10.0,0.69,55.0,0.7,21.0,0.05,0.05,616.536507,1776172545000
1776172547.835,47.835,0.44,1.82,0.37,5.0,0.36,10.0,0.31,55.0,0.3,21.0,0.49,29.0,0.54,39.85,0.55,11.67,0.56,5.0,0.57,5.0,0.51,29.0,0.46,39.85,0.45,11.67,0.44,5.0,0.43,5.0,0.56,1.82,0.63,5.0,0.64,10.0,0.69,55.0,0.7,21.0,0.05,0.05,616.535,1776172546000
1776172548.654,48.654,0.44,1.82,0.37,5.0,0.36,10.0,0.31,55.0,0.3,21.0,0.49,29.0,0.54,39.85,0.55,11.67,0.56,5.0,0.57,5.0,0.51,29.0,0.46,39.85,0.45,11.67,0.44,5.0,0.43,5.0,0.56,1.82,0.63,5.0,0.64,10.0,0.69,55.0,0.7,21.0,0.05,0.05,616.56598,1776172547000
1776172548.988,48.988,0.44,1.82,0.35,5.38,0.33,15.0,0.32,5.0,0.31,50.0,0.45,10.0,0.49,19.0,0.5,5.0,0.51,55.0,0.52,5.0,0.51,29.0,0.46,39.85,0.45,11.67,0.44,5.0,0.43,5.0,0.56,1.82,0.63,5.0,0.64,10.0,0.69,55.0,0.7,21.0,0.01,0.05,616.56598,1776172547000
1776172549.258,49.258,0.44,1.82,0.35,5.38,0.33,15.0,0.32,5.0,0.31,50.0,0.45,10.0,0.49,19.0,0.5,5.0,0.51,55.0,0.52,5.0,0.55,10.0,0.51,19.0,0.5,5.0,0.49,55.0,0.48,5.0,0.56,1.82,0.65,5.38,0.67,15.0,0.68,5.0,0.69,50.0,0.01,0.01,616.59375,1776172548000
1776172550.333,50.333,0.36,5.0,0.32,5.0,0.31,10.0,0.26,5.0,0.25,25.0,0.38,6.18,0.45,33.0,0.48,9.0,0.5,5.0,0.51,55.0,0.55,10.0,0.51,19.0,0.5,5.0,0.49,55.0,0.48,5.0,0.56,1.82,0.65,5.38,0.67,15.0,0.68,5.0,0.69,50.0,0.02,0.01,616.59375,1776172548000
1776172550.631,50.631,0.36,5.0,0.32,5.0,0.31,10.0,0.26,5.0,0.25,25.0,0.38,6.18,0.45,33.0,0.48,9.0,0.5,5.0,0.51,55.0,0.62,6.18,0.55,33.0,0.52,9.0,0.5,5.0,0.49,55.0,0.64,5.0,0.68,5.0,0.69,10.0,0.74,5.0,0.75,25.0,0.02,0.02,616.547144,1776172549000
1776172551.326,51.326,0.36,5.0,0.32,5.0,0.31,10.0,0.26,5.0,0.25,25.0,0.38,6.18,0.45,33.0,0.48,9.0,0.5,5.0,0.51,55.0,0.62,6.18,0.55,33.0,0.52,9.0,0.5,5.0,0.49,55.0,0.64,5.0,0.68,5.0,0.69,10.0,0.74,5.0,0.75,25.0,0.02,0.02,616.545554,1776172550000
1776172552.069,52.069,0.36,5.0,0.32,5.0,0.31,10.0,0.26,5.0,0.25,25.0,0.38,6.18,0.45,33.0,0.48,9.0,0.5,5.0,0.51,55.0,0.62,6.18,0.55,33.0,0.52,9.0,0.5,5.0,0.49,55.0,0.64,5.0,0.68,5.0,0.69,10.0,0.74,5.0,0.75,25.0,0.02,0.02,616.545422,1776172551000
1776172553.65,53.65,0.36,5.0,0.32,5.0,0.31,10.0,0.26,5.0,0.25,25.0,0.38,6.18,0.45,33.0,0.48,9.0,0.5,5.0,0.51,55.0,0.62,6.18,0.55,33.0,0.52,9.0,0.5,5.0,0.49,55.0,0.64,5.0,0.68,5.0,0.69,10.0,0.74,5.0,0.75,25.0,0.02,0.02,616.558,1776172552000
1776172554.224,54.224,0.36,5.0,0.32,5.0,0.31,10.0,0.26,5.0,0.25,25.0,0.38,6.18,0.45,33.0,0.48,9.0,0.5,5.0,0.51,55.0,0.62,6.18,0.55,33.0,0.52,9.0,0.5,5.0,0.49,55.0,0.64,5.0,0.68,5.0,0.69,10.0,0.74,5.0,0.75,25.0,0.02,0.02,616.553,1776172553000
1776172555.068,55.068,0.36,5.0,0.32,5.0,0.31,10.0,0.26,5.0,0.25,25.0,0.38,6.18,0.45,33.0,0.48,9.0,0.5,5.0,0.51,55.0,0.62,6.18,0.55,33.0,0.52,9.0,0.5,5.0,0.49,55.0,0.64,5.0,0.68,5.0,0.69,10.0,0.74,5.0,0.75,25.0,0.02,0.02,616.553,1776172554000
1776172556.184,56.184,0.36,5.0,0.32,5.0,0.31,10.0,0.26,5.0,0.25,25.0,0.38,6.18,0.45,33.0,0.48,9.0,0.5,5.0,0.51,55.0,0.62,6.18,0.55,33.0,0.52,9.0,0.5,5.0,0.49,55.0,0.64,5.0,0.68,5.0,0.69,10.0,0.74,5.0,0.75,25.0,0.02,0.02,616.556122,1776172555000
1776172557.633,57.633,0.36,5.0,0.32,5.0,0.31,10.0,0.26,5.0,0.25,25.0,0.38,6.18,0.45,33.0,0.48,9.0,0.5,5.0,0.51,55.0,0.62,6.18,0.55,33.0,0.52,9.0,0.5,5.0,0.49,55.0,0.64,5.0,0.68,5.0,0.69,10.0,0.74,5.0,0.75,25.0,0.02,0.02,616.56482,1776172556000
1776172558.151,58.151,0.36,5.0,0.32,5.0,0.31,10.0,0.26,5.0,0.25,25.0,0.38,6.18,0.45,33.0,0.48,9.0,0.5,5.0,0.51,55.0,0.62,6.18,0.55,33.0,0.52,9.0,0.5,5.0,0.49,55.0,0.64,5.0,0.68,5.0,0.69,10.0,0.74,5.0,0.75,25.0,0.02,0.02,616.56534,1776172557000
1776172559.593,59.593,0.36,5.0,0.32,5.0,0.31,10.0,0.26,5.0,0.25,25.0,0.38,6.18,0.45,33.0,0.48,9.0,0.5,5.0,0.51,55.0,0.62,6.18,0.55,33.0,0.52,9.0,0.5,5.0,0.49,55.0,0.64,5.0,0.68,5.0,0.69,10.0,0.74,5.0,0.75,25.0,0.02,0.02,616.569543,1776172558000
1776172560.321,60.321,0.36,5.0,0.32,5.0,0.31,10.0,0.26,5.0,0.25,25.0,0.38,6.18,0.45,33.0,0.48,9.0,0.5,5.0,0.51,55.0,0.62,6.18,0.55,33.0,0.52,9.0,0.5,5.0,0.49,55.0,0.64,5.0,0.68,5.0,0.69,10.0,0.74,5.0,0.75,25.0,0.02,0.02,616.571627,1776172559000
1776172561.581,61.581,0.36,5.0,0.32,5.0,0.31,10.0,0.26,5.0,0.25,25.0,0.38,6.18,0.45,33.0,0.48,9.0,0.5,5.0,0.51,55.0,0.62,6.18,0.55,33.0,0.52,9.0,0.5,5.0,0.49,55.0,0.64,5.0,0.68,5.0,0.69,10.0,0.74,5.0,0.75,25.0,0.02,0.02,616.563669,1776172560000
1776172562.162,62.162,0.36,5.0,0.32,5.0,0.31,10.0,0.26,5.0,0.25,25.0,0.38,6.18,0.45,33.0,0.48,9.0,0.5,5.0,0.51,55.0,0.62,6.18,0.55,33.0,0.52,9.0,0.5,5.0,0.49,55.0,0.64,5.0,0.68,5.0,0.69,10.0,0.74,5.0,0.75,25.0,0.02,0.02,616.556567,1776172561000
1776172563.496,63.496,0.36,5.0,0.32,5.0,0.31,10.0,0.26,5.0,0.25,25.0,0.38,6.18,0.45,33.0,0.48,9.0,0.5,5.0,0.51,55.0,0.62,6.18,0.55,33.0,0.52,9.0,0.5,5.0,0.49,55.0,0.64,5.0,0.68,5.0,0.69,10.0,0.74,5.0,0.75,25.0,0.02,0.02,616.54166,1776172562000
1776172563.994,63.994,0.36,5.0,0.32,5.0,0.31,10.0,0.26,5.0,0.25,25.0,0.38,6.18,0.45,33.0,0.48,9.0,0.5,5.0,0.51,55.0,0.62,6.18,0.55,33.0,0.52,9.0,0.5,5.0,0.49,55.0,0.64,5.0,0.68,5.0,0.69,10.0,0.74,5.0,0.75,25.0,0.02,0.02,616.54,1776172563000
1776172565.275,65.275,0.36,5.0,0.32,5.0,0.31,10.0,0.26,5.0,0.25,25.0,0.38,6.18,0.45,33.0,0.48,9.0,0.5,5.0,0.51,55.0,0.62,6.18,0.55,33.0,0.52,9.0,0.5,5.0,0.49,55.0,0.64,5.0,0.68,5.0,0.69,10.0,0.74,5.0,0.75,25.0,0.02,0.02,616.541,1776172564000
1776172566.584,66.584,0.36,5.0,0.32,5.0,0.31,10.0,0.26,5.0,0.25,25.0,0.38,6.18,0.45,33.0,0.48,9.0,0.5,5.0,0.51,55.0,0.62,6.18,0.55,33.0,0.52,9.0,0.5,5.0,0.49,55.0,0.64,5.0,0.68,5.0,0.69,10.0,0.74,5.0,0.75,25.0,0.02,0.02,616.537064,1776172565000
1776172567.222,67.222,0.36,5.0,0.32,5.0,0.31,10.0,0.26,5.0,0.25,25.0,0.38,6.18,0.45,33.0,0.48,9.0,0.5,5.0,0.51,55.0,0.62,6.18,0.55,33.0,0.52,9.0,0.5,5.0,0.49,55.0,0.64,5.0,0.68,5.0,0.69,10.0,0.74,5.0,0.75,25.0,0.02,0.02,616.532034,1776172566000
1776172568.483,68.483,0.36,5.0,0.32,5.0,0.31,10.0,0.26,5.0,0.25,25.0,0.38,6.18,0.45,33.0,0.48,9.0,0.5,5.0,0.51,55.0,0.62,6.18,0.55,33.0,0.52,9.0,0.5,5.0,0.49,55.0,0.64,5.0,0.68,5.0,0.69,10.0,0.74,5.0,0.75,25.0,0.02,0.02,616.554014,1776172567000
1776172569.17,69.17,0.36,5.0,0.32,5.0,0.31,10.0,0.26,5.0,0.25,25.0,0.38,6.18,0.45,33.0,0.48,9.0,0.5,5.0,0.51,55.0,0.62,6.18,0.55,33.0,0.52,9.0,0.5,5.0,0.49,55.0,0.64,5.0,0.68,5.0,0.69,10.0,0.74,5.0,0.75,25.0,0.02,0.02,616.51909,1776172568000
1776172570.478,70.478,0.36,5.0,0.32,5.0,0.31,10.0,0.26,5.0,0.25,25.0,0.38,6.18,0.45,33.0,0.48,9.0,0.5,5.0,0.51,55.0,0.62,6.18,0.55,33.0,0.52,9.0,0.5,5.0,0.49,55.0,0.64,5.0,0.68,5.0,0.69,10.0,0.74,5.0,0.75,25.0,0.02,0.02,616.430055,1776172569000
1776172571.167,71.167,0.36,5.0,0.32,5.0,0.31,10.0,0.26,5.0,0.25,25.0,0.38,6.18,0.45,33.0,0.48,9.0,0.5,5.0,0.51,55.0,0.62,6.18,0.55,33.0,0.52,9.0,0.5,5.0,0.49,55.0,0.64,5.0,0.68,5.0,0.69,10.0,0.74,5.0,0.75,25.0,0.02,0.02,616.41436,1776172570000
1776172571.433,71.433,0.23,10.0,0.21,50.0,0.2,16.2,0.19,16.89,0.18,17.6,0.37,33.0,0.38,19.18,0.39,10.9,0.4,10.8,0.41,10.7,0.62,6.18,0.55,33.0,0.52,9.0,0.5,5.0,0.49,55.0,0.64,5.0,0.68,5.0,0.69,10.0,0.74,5.0,0.75,25.0,0.14,0.02,616.41436,1776172570000
1776172572.833,72.833,0.23,10.0,0.21,50.0,0.2,16.2,0.19,16.89,0.18,17.6,0.37,33.0,0.38,19.18,0.39,10.9,0.4,10.8,0.41,10.7,0.63,33.0,0.62,19.18,0.61,10.9,0.6,10.8,0.59,10.7,0.77,10.0,0.79,50.0,0.8,16.2,0.81,16.89,0.82,17.6,0.14,0.14,616.43605,1776172571000
1776172573.341,73.341,0.23,10.0,0.21,50.0,0.2,16.2,0.19,16.89,0.18,17.6,0.37,33.0,0.38,19.18,0.39,10.9,0.4,10.8,0.41,10.7,0.63,33.0,0.62,19.18,0.61,10.9,0.6,10.8,0.59,10.7,0.77,10.0,0.79,50.0,0.8,16.2,0.81,16.89,0.82,17.6,0.14,0.14,616.44134,1776172572000
1776172573.913,73.913,0.23,10.0,0.21,50.0,0.2,16.2,0.19,16.89,0.18,17.6,0.37,33.0,0.38,19.18,0.39,10.9,0.4,10.8,0.41,10.7,0.63,33.0,0.62,19.18,0.61,10.9,0.6,10.8,0.59,10.7,0.77,10.0,0.79,50.0,0.8,16.2,0.81,16.89,0.82,17.6,0.14,0.14,616.418,1776172573000
1776172574.957,74.957,0.23,10.0,0.21,50.0,0.2,16.2,0.19,16.89,0.18,17.6,0.37,33.0,0.38,19.18,0.39,10.9,0.4,10.8,0.41,10.7,0.63,33.0,0.62,19.18,0.61,10.9,0.6,10.8,0.59,10.7,0.77,10.0,0.79,50.0,0.8,16.2,0.81,16.89,0.82,17.6,0.14,0.14,616.427094,1776172574000
1776172576.016,76.016,0.23,10.0,0.21,50.0,0.2,16.2,0.19,16.89,0.18,17.6,0.37,33.0,0.38,19.18,0.39,10.9,0.4,10.8,0.41,10.7,0.63,33.0,0.62,19.18,0.61,10.9,0.6,10.8,0.59,10.7,0.77,10.0,0.79,50.0,0.8,16.2,0.81,16.89,0.82,17.6,0.14,0.14,616.426856,1776172575000
1776172577.041,77.041,0.23,10.0,0.21,50.0,0.2,16.2,0.19,16.89,0.18,17.6,0.37,33.0,0.38,19.18,0.39,10.9,0.4,10.8,0.41,10.7,0.63,33.0,0.62,19.18,0.61,10.9,0.6,10.8,0.59,10.7,0.77,10.0,0.79,50.0,0.8,16.2,0.81,16.89,0.82,17.6,0.14,0.14,616.4398,1776172576000
1776172577.98,77.98,0.23,10.0,0.21,50.0,0.2,16.2,0.19,16.89,0.18,17.6,0.37,33.0,0.38,19.18,0.39,10.9,0.4,10.8,0.41,10.7,0.63,33.0,0.62,19.18,0.61,10.9,0.6,10.8,0.59,10.7,0.77,10.0,0.79,50.0,0.8,16.2,0.81,16.89,0.82,17.6,0.14,0.14,616.438989,1776172577000
1776172578.919,78.919,0.23,10.0,0.21,50.0,0.2,16.2,0.19,16.89,0.18,17.6,0.27,5.0,0.32,11.9,0.33,16.8,0.34,16.6,0.35,16.4,0.73,5.0,0.68,11.9,0.67,16.8,0.66,16.6,0.65,16.4,0.77,10.0,0.79,50.0,0.8,16.2,0.81,16.89,0.82,17.6,0.04,0.04,616.43954,1776172578000
1776172579.645,79.645,0.21,43.0,0.2,16.2,0.19,16.89,0.18,17.6,0.17,47.39,0.26,5.0,0.27,5.0,0.33,16.8,0.34,16.6,0.35,16.4,0.73,5.0,0.68,11.9,0.67,16.8,0.66,16.6,0.65,16.4,0.77,10.0,0.79,50.0,0.8,16.2,0.81,16.89,0.82,17.6,0.05,0.04,616.43954,1776172578000
1776172579.945,79.945,0.21,43.0,0.2,16.2,0.19,16.89,0.18,17.6,0.17,47.39,0.26,5.0,0.27,5.0,0.33,16.8,0.34,16.6,0.35,16.4,0.74,5.0,0.73,5.0,0.67,16.8,0.66,16.6,0.65,16.4,0.79,43.0,0.8,16.2,0.81,16.89,0.82,17.6,0.83,47.39,0.05,0.05,616.440561,1776172579000
1776172580.955,80.955,0.21,43.0,0.2,16.2,0.19,16.89,0.18,17.6,0.17,47.39,0.26,5.0,0.27,5.0,0.33,16.8,0.34,16.6,0.35,16.4,0.74,5.0,0.73,5.0,0.67,16.8,0.66,16.6,0.65,16.4,0.79,43.0,0.8,16.2,0.81,16.89,0.82,17.6,0.83,47.39,0.05,0.05,616.45343,1776172580000
1776172581.902,81.902,0.21,38.27,0.2,16.2,0.19,16.89,0.18,17.6,0.17,57.39,0.26,5.0,0.27,5.0,0.33,16.8,0.34,16.6,0.35,16.4,0.74,5.0,0.73,5.0,0.67,16.8,0.66,16.6,0.65,16.4,0.79,43.0,0.8,16.2,0.81,16.89,0.82,17.6,0.83,47.39,0.05,0.05,616.45343,1776172580000
1776172582.985,82.985,0.21,38.27,0.2,16.2,0.19,16.89,0.18,17.6,0.17,57.39,0.26,5.0,0.27,5.0,0.33,16.8,0.34,16.6,0.35,16.4,0.74,5.0,0.73,5.0,0.67,16.8,0.66,16.6,0.65,16.4,0.79,38.27,0.8,16.2,0.81,16.89,0.82,17.6,0.83,57.39,0.05,0.05,616.45441,1776172582000
1776172583.948,83.948,0.21,38.27,0.2,16.2,0.19,16.89,0.18,17.6,0.17,57.39,0.26,5.0,0.27,5.0,0.33,16.8,0.34,16.6,0.35,16.4,0.74,5.0,0.73,5.0,0.67,16.8,0.66,16.6,0.65,16.4,0.79,38.27,0.8,16.2,0.81,16.89,0.82,17.6,0.83,57.39,0.05,0.05,616.45406,1776172583000
1776172584.866,84.866,0.21,38.27,0.2,16.2,0.19,16.89,0.18,17.6,0.17,57.39,0.26,5.0,0.27,5.0,0.33,16.8,0.34,16.6,0.35,16.4,0.74,5.0,0.73,5.0,0.67,16.8,0.66,16.6,0.65,16.4,0.79,38.27,0.8,16.2,0.81,16.89,0.82,17.6,0.83,57.39,0.05,0.05,616.4542,1776172584000
1776172586.439,86.439,0.21,38.27,0.2,16.2,0.19,16.89,0.18,17.6,0.17,57.39,0.26,5.0,0.27,5.0,0.33,16.8,0.34,16.6,0.35,16.4,0.74,5.0,0.73,5.0,0.67,16.8,0.66,16.6,0.65,16.4,0.79,38.27,0.8,16.2,0.81,16.89,0.82,17.6,0.83,57.39,0.05,0.05,616.445237,1776172585000
1776172587.118,87.118,0.21,38.27,0.2,16.2,0.19,16.89,0.18,17.6,0.17,57.39,0.26,5.0,0.27,5.0,0.33,16.8,0.34,16.6,0.35,16.4,0.74,5.0,0.73,5.0,0.67,16.8,0.66,16.6,0.65,16.4,0.79,38.27,0.8,16.2,0.81,16.89,0.82,17.6,0.83,57.39,0.05,0.05,616.431189,1776172586000
1776172588.029,88.029,0.21,38.27,0.2,16.2,0.19,16.89,0.18,17.6,0.17,57.39,0.26,5.0,0.27,5.0,0.33,16.8,0.34,16.6,0.35,16.4,0.74,5.0,0.73,5.0,0.67,16.8,0.66,16.6,0.65,16.4,0.79,38.27,0.8,16.2,0.81,16.89,0.82,17.6,0.83,57.39,0.05,0.05,616.454404,1776172587000
1776172589.071,89.071,0.21,38.27,0.2,16.2,0.19,16.89,0.18,17.6,0.17,57.39,0.26,5.0,0.27,5.0,0.33,16.8,0.34,16.6,0.35,16.4,0.74,5.0,0.73,5.0,0.67,16.8,0.66,16.6,0.65,16.4,0.79,38.27,0.8,16.2,0.81,16.89,0.82,17.6,0.83,57.39,0.05,0.05,616.454334,1776172588000
1776172590.026,90.026,0.21,38.27,0.2,16.2,0.19,16.89,0.18,17.6,0.17,57.39,0.26,5.0,0.27,5.0,0.33,16.8,0.34,16.6,0.35,16.4,0.74,5.0,0.73,5.0,0.67,16.8,0.66,16.6,0.65,16.4,0.79,38.27,0.8,16.2,0.81,16.89,0.82,17.6,0.83,57.39,0.05,0.05,616.437908,1776172589000
1776172591.036,91.036,0.21,38.27,0.2,16.2,0.19,16.89,0.18,17.6,0.17,57.39,0.26,5.0,0.27,5.0,0.33,16.8,0.34,16.6,0.35,16.4,0.74,5.0,0.73,5.0,0.67,16.8,0.66,16.6,0.65,16.4,0.79,38.27,0.8,16.2,0.81,16.89,0.82,17.6,0.83,57.39,0.05,0.05,616.436199,1776172590000
1776172592.035,92.035,0.21,38.27,0.2,16.2,0.19,16.89,0.18,17.6,0.17,57.39,0.26,5.0,0.27,5.0,0.33,16.8,0.34,16.6,0.35,16.4,0.74,5.0,0.73,5.0,0.67,16.8,0.66,16.6,0.65,16.4,0.79,38.27,0.8,16.2,0.81,16.89,0.82,17.6,0.83,57.39,0.05,0.05,616.437297,1776172591000
1776172593.084,93.084,0.21,38.27,0.2,16.2,0.19,16.89,0.18,17.6,0.17,57.39,0.26,5.0,0.27,5.0,0.33,16.8,0.34,16.6,0.35,16.4,0.74,5.0,0.73,5.0,0.67,16.8,0.66,16.6,0.65,16.4,0.79,38.27,0.8,16.2,0.81,16.89,0.82,17.6,0.83,57.39,0.05,0.05,616.441633,1776172592000
1776172594.093,94.093,0.21,38.27,0.2,16.2,0.19,16.89,0.18,17.6,0.17,57.39,0.26,5.0,0.27,5.0,0.33,16.8,0.34,16.6,0.35,16.4,0.74,5.0,0.73,5.0,0.67,16.8,0.66,16.6,0.65,16.4,0.79,38.27,0.8,16.2,0.81,16.89,0.82,17.6,0.83,57.39,0.05,0.05,616.442777,1776172593000
1776172595.033,95.033,0.21,38.27,0.2,16.2,0.19,16.89,0.18,17.6,0.17,57.39,0.26,5.0,0.27,5.0,0.33,16.8,0.34,16.6,0.35,16.4,0.74,5.0,0.73,5.0,0.67,16.8,0.66,16.6,0.65,16.4,0.79,38.27,0.8,16.2,0.81,16.89,0.82,17.6,0.83,57.39,0.05,0.05,616.44447,1776172594000
1776172595.978,95.978,0.21,38.27,0.2,16.2,0.19,16.89,0.18,17.6,0.17,57.39,0.26,5.0,0.27,5.0,0.33,16.8,0.34,16.6,0.35,16.4,0.74,5.0,0.73,5.0,0.67,16.8,0.66,16.6,0.65,16.4,0.79,38.27,0.8,16.2,0.81,16.89,0.82,17.6,0.83,57.39,0.05,0.05,616.438223,1776172595000
1776172597.023,97.023,0.21,38.27,0.2,16.2,0.19,16.89,0.18,17.6,0.17,57.39,0.26,5.0,0.27,5.0,0.33,16.8,0.34,16.6,0.35,16.4,0.74,5.0,0.73,5.0,0.67,16.8,0.66,16.6,0.65,16.4,0.79,38.27,0.8,16.2,0.81,16.89,0.82,17.6,0.83,57.39,0.05,0.05,616.44162,1776172596000
1776172597.931,97.931,0.21,38.27,0.2,16.2,0.19,16.89,0.18,17.6,0.17,57.39,0.26,5.0,0.27,5.0,0.33,16.8,0.34,16.6,0.35,16.4,0.74,5.0,0.73,5.0,0.67,16.8,0.66,16.6,0.65,16.4,0.79,38.27,0.8,16.2,0.81,16.89,0.82,17.6,0.83,57.39,0.05,0.05,616.433018,1776172597000
1776172599.317,99.317,0.21,38.27,0.2,16.2,0.19,16.89,0.18,17.6,0.17,57.39,0.26,5.0,0.27,5.0,0.33,16.8,0.34,16.6,0.35,16.4,0.74,5.0,0.73,5.0,0.67,16.8,0.66,16.6,0.65,16.4,0.79,38.27,0.8,16.2,0.81,16.89,0.82,17.6,0.83,57.39,0.05,0.05,616.437873,1776172598000
1776172600.27,100.27,0.21,38.27,0.2,16.2,0.19,16.89,0.18,17.6,0.17,57.39,0.26,5.0,0.27,5.0,0.33,16.8,0.34,16.6,0.35,16.4,0.74,5.0,0.73,5.0,0.67,16.8,0.66,16.6,0.65,16.4,0.79,38.27,0.8,16.2,0.81,16.89,0.82,17.6,0.83,57.39,0.05,0.05,616.43982,1776172599000
1776172601.206,101.206,0.21,38.27,0.2,16.2,0.19,16.89,0.18,17.6,0.17,57.39,0.26,5.0,0.27,5.0,0.33,16.8,0.34,16.6,0.35,16.4,0.74,5.0,0.73,5.0,0.67,16.8,0.66,16.6,0.65,16.4,0.79,38.27,0.8,16.2,0.81,16.89,0.82,17.6,0.83,57.39,0.05,0.05,616.44282,1776172600000
1776172602.212,102.212,0.21,38.27,0.2,16.2,0.19,16.89,0.18,17.6,0.17,57.39,0.26,5.0,0.27,5.0,0.33,16.8,0.34,16.6,0.35,16.4,0.74,5.0,0.73,5.0,0.67,16.8,0.66,16.6,0.65,16.4,0.79,38.27,0.8,16.2,0.81,16.89,0.82,17.6,0.83,57.39,0.05,0.05,616.443472,1776172601000
1776172603.186,103.186,0.21,38.27,0.2,16.2,0.19,16.89,0.18,17.6,0.17,57.39,0.26,5.0,0.27,5.0,0.33,16.8,0.34,16.6,0.35,16.4,0.74,5.0,0.73,5.0,0.67,16.8,0.66,16.6,0.65,16.4,0.79,38.27,0.8,16.2,0.81,16.89,0.82,17.6,0.83,57.39,0.05,0.05,616.427398,1776172602000
1776172604.126,104.126,0.21,38.27,0.2,16.2,0.19,16.89,0.18,17.6,0.17,57.39,0.26,5.0,0.27,5.0,0.33,16.8,0.34,16.6,0.35,16.4,0.74,5.0,0.73,5.0,0.67,16.8,0.66,16.6,0.65,16.4,0.79,38.27,0.8,16.2,0.81,16.89,0.82,17.6,0.83,57.39,0.05,0.05,616.421577,1776172603000
1776172605.136,105.136,0.21,38.27,0.2,16.2,0.19,16.89,0.18,17.6,0.17,57.39,0.26,5.0,0.27,5.0,0.33,16.8,0.34,16.6,0.35,16.4,0.74,5.0,0.73,5.0,0.67,16.8,0.66,16.6,0.65,16.4,0.79,38.27,0.8,16.2,0.81,16.89,0.82,17.6,0.83,57.39,0.05,0.05,616.434951,1776172604000
1776172606.037,106.037,0.21,38.27,0.2,16.2,0.19,16.89,0.18,17.6,0.17,57.39,0.26,5.0,0.27,5.0,0.33,16.8,0.34,16.6,0.35,16.4,0.74,5.0,0.73,5.0,0.67,16.8,0.66,16.6,0.65,16.4,0.79,38.27,0.8,16.2,0.81,16.89,0.82,17.6,0.83,57.39,0.05,0.05,616.45166,1776172605000
1776172607.005,107.005,0.21,38.27,0.2,16.2,0.19,16.89,0.18,17.6,0.17,57.39,0.26,5.0,0.27,5.0,0.33,16.8,0.34,16.6,0.35,16.4,0.74,5.0,0.73,5.0,0.67,16.8,0.66,16.6,0.65,16.4,0.79,38.27,0.8,16.2,0.81,16.89,0.82,17.6,0.83,57.39,0.05,0.05,616.451471,1776172606000
1776172607.995,107.995,0.21,38.27,0.2,16.2,0.19,16.89,0.18,17.6,0.17,57.39,0.26,5.0,0.27,5.0,0.33,16.8,0.34,16.6,0.35,16.4,0.74,5.0,0.73,5.0,0.67,16.8,0.66,16.6,0.65,16.4,0.79,38.27,0.8,16.2,0.81,16.89,0.82,17.6,0.83,57.39,0.05,0.05,616.452765,1776172607000
1776172608.89,108.89,0.21,38.27,0.2,16.2,0.19,16.89,0.18,17.6,0.17,57.39,0.26,5.0,0.27,5.0,0.33,16.8,0.34,16.6,0.35,16.4,0.74,5.0,0.73,5.0,0.67,16.8,0.66,16.6,0.65,16.4,0.79,38.27,0.8,16.2,0.81,16.89,0.82,17.6,0.83,57.39,0.05,0.05,616.4435,1776172608000
1776172609.876,109.876,0.21,38.27,0.2,16.2,0.19,16.89,0.18,17.6,0.17,57.39,0.26,5.0,0.27,5.0,0.33,16.8,0.34,16.6,0.35,16.4,0.74,5.0,0.73,5.0,0.67,16.8,0.66,16.6,0.65,16.4,0.79,38.27,0.8,16.2,0.81,16.89,0.82,17.6,0.83,57.39,0.05,0.05,616.443878,1776172609000
1776172611.265,111.265,0.21,38.27,0.2,16.2,0.19,16.89,0.18,17.6,0.17,57.39,0.26,5.0,0.27,5.0,0.33,16.8,0.34,16.6,0.35,16.4,0.74,5.0,0.73,5.0,0.67,16.8,0.66,16.6,0.65,16.4,0.79,38.27,0.8,16.2,0.81,16.89,0.82,17.6,0.83,57.39,0.05,0.05,616.466868,1776172610000
1776172612.213,112.213,0.21,38.27,0.2,16.2,0.19,16.89,0.18,17.6,0.17,57.39,0.26,5.0,0.27,5.0,0.33,16.8,0.34,16.6,0.35,16.4,0.74,5.0,0.73,5.0,0.67,16.8,0.66,16.6,0.65,16.4,0.79,38.27,0.8,16.2,0.81,16.89,0.82,17.6,0.83,57.39,0.05,0.05,616.459532,1776172611000
1776172613.237,113.237,0.21,38.27,0.2,16.2,0.19,16.89,0.18,17.6,0.17,57.39,0.26,5.0,0.27,5.0,0.33,16.8,0.34,16.6,0.35,16.4,0.74,5.0,0.73,5.0,0.67,16.8,0.66,16.6,0.65,16.4,0.79,38.27,0.8,16.2,0.81,16.89,0.82,17.6,0.83,57.39,0.05,0.05,616.450442,1776172612000
1776172614.127,114.127,0.21,38.27,0.2,16.2,0.19,16.89,0.18,17.6,0.17,57.39,0.26,5.0,0.27,5.0,0.33,16.8,0.34,16.6,0.35,16.4,0.74,5.0,0.73,5.0,0.67,16.8,0.66,16.6,0.65,16.4,0.79,38.27,0.8,16.2,0.81,16.89,0.82,17.6,0.83,57.39,0.05,0.05,616.4508,1776172613000
1776172615.006,115.006,0.21,38.27,0.2,16.2,0.19,16.89,0.18,17.6,0.17,57.39,0.26,5.0,0.27,5.0,0.33,16.8,0.34,16.6,0.35,16.4,0.74,5.0,0.73,5.0,0.67,16.8,0.66,16.6,0.65,16.4,0.79,38.27,0.8,16.2,0.81,16.89,0.82,17.6,0.83,57.39,0.05,0.05,616.457494,1776172614000
1776172616.07,116.07,0.21,38.27,0.2,16.2,0.19,16.89,0.18,17.6,0.17,57.39,0.26,5.0,0.27,5.0,0.33,16.8,0.34,16.6,0.35,16.4,0.74,5.0,0.73,5.0,0.67,16.8,0.66,16.6,0.65,16.4,0.79,38.27,0.8,16.2,0.81,16.89,0.82,17.6,0.83,57.39,0.05,0.05,616.458102,1776172615000
1776172616.959,116.959,0.21,38.27,0.2,16.2,0.19,16.89,0.18,17.6,0.17,57.39,0.26,5.0,0.27,5.0,0.33,16.8,0.34,16.6,0.35,16.4,0.74,5.0,0.73,5.0,0.67,16.8,0.66,16.6,0.65,16.4,0.79,38.27,0.8,16.2,0.81,16.89,0.82,17.6,0.83,57.39,0.05,0.05,616.465716,1776172616000
1776172618.005,118.005,0.21,38.27,0.2,16.2,0.19,16.89,0.18,17.6,0.17,57.39,0.26,5.0,0.27,5.0,0.33,16.8,0.34,16.6,0.35,16.4,0.74,5.0,0.73,5.0,0.67,16.8,0.66,16.6,0.65,16.4,0.79,38.27,0.8,16.2,0.81,16.89,0.82,17.6,0.83,57.39,0.05,0.05,616.47764,1776172617000
1776172618.985,118.985,0.21,50.0,0.2,16.2,0.19,16.89,0.18,17.6,0.17,18.39,0.26,5.0,0.32,5.0,0.33,5.0,0.34,5.0,0.35,5.0,0.74,5.0,0.68,5.0,0.67,5.0,0.66,5.0,0.65,5.0,0.79,50.0,0.8,16.2,0.81,16.89,0.82,17.6,0.83,18.39,0.05,0.05,616.4334,1776172618000
1776172619.867,119.867,0.21,57.7,0.2,16.2,0.19,16.89,0.18,17.6,0.17,18.39,0.26,5.0,0.27,5.0,0.32,5.0,0.33,5.0,0.34,5.0,0.74,5.0,0.73,5.0,0.68,5.0,0.67,5.0,0.66,5.0,0.79,57.7,0.8,16.2,0.81,16.89,0.82,17.6,0.83,18.39,0.05,0.05,616.43913,1776172619000
1776172620.096,120.096,0.23,9.4,0.22,15.2,0.21,57.7,0.2,16.2,0.19,16.89,0.26,10.0,0.32,5.0,0.33,5.0,0.34,5.0,0.35,19.61,0.74,5.0,0.73,5.0,0.68,5.0,0.67,5.0,0.66,5.0,0.79,57.7,0.8,16.2,0.81,16.89,0.82,17.6,0.83,18.39,0.03,0.05,616.43913,1776172619000
1776172620.887,120.887,0.23,9.4,0.22,15.2,0.21,57.7,0.2,16.2,0.19,16.89,0.26,10.0,0.32,5.0,0.33,5.0,0.34,5.0,0.35,19.61,0.74,10.0,0.68,5.0,0.67,5.0,0.66,5.0,0.65,19.61,0.77,9.4,0.78,15.2,0.79,57.7,0.8,16.2,0.81,16.89,0.03,0.03,616.465652,1776172620000
1776172622.213,122.213,0.23,9.4,0.22,15.2,0.21,57.7,0.2,16.2,0.19,16.89,0.26,10.0,0.32,5.0,0.33,5.0,0.34,5.0,0.35,19.61,0.74,10.0,0.68,5.0,0.67,5.0,0.66,5.0,0.65,19.61,0.77,9.4,0.78,15.2,0.79,57.7,0.8,16.2,0.81,16.89,0.03,0.03,616.467587,1776172621000
1776172623.687,123.687,0.23,9.4,0.22,15.2,0.21,57.7,0.2,16.2,0.19,16.89,0.26,10.0,0.32,5.0,0.33,5.0,0.34,5.0,0.35,19.61,0.74,10.0,0.68,5.0,0.67,5.0,0.66,5.0,0.65,19.61,0.77,9.4,0.78,15.2,0.79,57.7,0.8,16.2,0.81,16.89,0.03,0.03,616.497916,1776172622000
1776172624.349,124.349,0.23,9.4,0.22,15.2,0.21,57.7,0.2,16.2,0.19,16.89,0.26,10.0,0.32,5.0,0.33,5.0,0.34,5.0,0.35,19.61,0.74,10.0,0.68,5.0,0.67,5.0,0.66,5.0,0.65,19.61,0.77,9.4,0.78,15.2,0.79,57.7,0.8,16.2,0.81,16.89,0.03,0.03,616.498286,1776172623000
1776172625.315,125.315,0.23,9.4,0.22,15.2,0.21,57.7,0.2,16.2,0.19,16.89,0.26,10.0,0.32,5.0,0.33,5.0,0.34,5.0,0.35,19.61,0.74,10.0,0.68,5.0,0.67,5.0,0.66,5.0,0.65,19.61,0.77,9.4,0.78,15.2,0.79,57.7,0.8,16.2,0.81,16.89,0.03,0.03,616.511828,1776172624000
1776172626.294,126.294,0.23,9.4,0.22,15.2,0.21,57.7,0.2,16.2,0.19,16.89,0.26,10.0,0.32,5.0,0.33,5.0,0.34,5.0,0.35,19.61,0.74,10.0,0.68,5.0,0.67,5.0,0.66,5.0,0.65,19.61,0.77,9.4,0.78,15.2,0.79,57.7,0.8,16.2,0.81,16.89,0.03,0.03,616.491503,1776172625000
1776172627.331,127.331,0.23,9.4,0.22,15.2,0.21,57.7,0.2,16.2,0.19,16.89,0.26,10.0,0.32,5.0,0.33,5.0,0.34,5.0,0.35,19.61,0.74,10.0,0.68,5.0,0.67,5.0,0.66,5.0,0.65,19.61,0.77,9.4,0.78,15.2,0.79,57.7,0.8,16.2,0.81,16.89,0.03,0.03,616.474454,1776172626000
1776172627.878,127.878,0.23,9.4,0.22,15.2,0.21,57.7,0.2,16.2,0.19,16.89,0.26,10.0,0.32,5.0,0.33,5.0,0.34,5.0,0.35,19.61,0.74,10.0,0.68,5.0,0.67,5.0,0.66,5.0,0.65,19.61,0.77,9.4,0.78,15.2,0.79,57.7,0.8,16.2,0.81,16.89,0.03,0.03,616.470731,1776172627000
1776172629.041,129.041,0.23,9.4,0.22,15.2,0.21,57.7,0.2,16.2,0.19,16.89,0.26,10.0,0.32,5.0,0.33,5.0,0.34,5.0,0.35,19.61,0.74,10.0,0.68,5.0,0.67,5.0,0.66,5.0,0.65,19.61,0.77,9.4,0.78,15.2,0.79,57.7,0.8,16.2,0.81,16.89,0.03,0.03,616.50319,1776172628000
1776172629.994,129.994,0.23,9.4,0.22,15.2,0.21,57.7,0.2,16.2,0.19,16.89,0.26,10.0,0.32,5.0,0.33,5.0,0.34,5.0,0.35,19.61,0.74,10.0,0.68,5.0,0.67,5.0,0.66,5.0,0.65,19.61,0.77,9.4,0.78,15.2,0.79,57.7,0.8,16.2,0.81,16.89,0.03,0.03,616.503309,1776172629000
1776172631.026,131.026,0.23,9.4,0.22,15.2,0.21,57.7,0.2,16.2,0.19,16.89,0.26,10.0,0.32,5.0,0.33,5.0,0.34,5.0,0.35,19.61,0.74,10.0,0.68,5.0,0.67,5.0,0.66,5.0,0.65,19.61,0.77,9.4,0.78,15.2,0.79,57.7,0.8,16.2,0.81,16.89,0.03,0.03,616.49846,1776172630000
1776172632.139,132.139,0.23,9.4,0.22,15.2,0.21,57.7,0.2,16.2,0.19,16.89,0.26,10.0,0.32,5.0,0.33,5.0,0.34,5.0,0.35,19.61,0.74,10.0,0.68,5.0,0.67,5.0,0.66,5.0,0.65,19.61,0.77,9.4,0.78,15.2,0.79,57.7,0.8,16.2,0.81,16.89,0.03,0.03,616.46778,1776172631000
1776172633.152,133.152,0.23,9.4,0.22,15.2,0.21,57.7,0.2,16.2,0.19,16.89,0.26,10.0,0.32,5.0,0.33,5.0,0.34,5.0,0.35,19.61,0.74,10.0,0.68,5.0,0.67,5.0,0.66,5.0,0.65,19.61,0.77,9.4,0.78,15.2,0.79,57.7,0.8,16.2,0.81,16.89,0.03,0.03,616.48422,1776172632000
1776172634.253,134.253,0.23,9.4,0.22,15.2,0.21,57.7,0.2,16.2,0.19,16.89,0.26,10.0,0.32,5.0,0.33,5.0,0.34,5.0,0.35,19.61,0.74,10.0,0.68,5.0,0.67,5.0,0.66,5.0,0.65,19.61,0.77,9.4,0.78,15.2,0.79,57.7,0.8,16.2,0.81,16.89,0.03,0.03,616.48504,1776172633000
1776172635.287,135.287,0.23,9.4,0.22,15.2,0.21,57.7,0.2,16.2,0.19,16.89,0.26,10.0,0.32,5.0,0.33,5.0,0.34,5.0,0.35,19.61,0.74,10.0,0.68,5.0,0.67,5.0,0.66,5.0,0.65,19.61,0.77,9.4,0.78,15.2,0.79,57.7,0.8,16.2,0.81,16.89,0.03,0.03,616.49222,1776172634000
1776172636.334,136.334,0.23,9.4,0.22,15.2,0.21,57.7,0.2,16.2,0.19,16.89,0.26,10.0,0.32,5.0,0.33,5.0,0.34,5.0,0.35,19.61,0.74,10.0,0.68,5.0,0.67,5.0,0.66,5.0,0.65,19.61,0.77,9.4,0.78,15.2,0.79,57.7,0.8,16.2,0.81,16.89,0.03,0.03,616.5248,1776172635000
1776172637.458,137.458,0.23,9.4,0.22,15.2,0.21,57.7,0.2,16.2,0.19,16.89,0.26,10.0,0.32,5.0,0.33,5.0,0.34,5.0,0.35,19.61,0.74,10.0,0.68,5.0,0.67,5.0,0.66,5.0,0.65,19.61,0.77,9.4,0.78,15.2,0.79,57.7,0.8,16.2,0.81,16.89,0.03,0.03,616.506689,1776172636000
1776172638.345,138.345,0.26,6.68,0.25,13.9,0.24,14.3,0.23,9.4,0.22,15.2,0.34,10.0,0.38,20.79,0.4,8.0,0.41,10.7,0.42,10.7,0.74,10.0,0.68,5.0,0.67,5.0,0.66,5.0,0.65,19.61,0.77,9.4,0.78,15.2,0.79,57.7,0.8,16.2,0.81,16.89,0.08,0.03,616.506689,1776172636000
1776172638.763,138.763,0.26,6.68,0.25,13.9,0.24,14.3,0.23,9.4,0.22,15.2,0.34,10.0,0.38,20.79,0.4,8.0,0.41,10.7,0.42,10.7,0.66,10.0,0.62,20.79,0.6,8.0,0.59,10.7,0.58,10.7,0.74,6.68,0.75,13.9,0.76,14.3,0.77,9.4,0.78,15.2,0.08,0.08,616.520473,1776172637000
1776172639.366,139.366,0.26,6.68,0.25,13.9,0.24,14.3,0.23,9.4,0.22,15.2,0.34,10.0,0.38,20.79,0.4,8.0,0.41,10.7,0.42,10.7,0.66,10.0,0.62,20.79,0.6,8.0,0.59,10.7,0.58,10.7,0.74,6.68,0.75,13.9,0.76,14.3,0.77,9.4,0.78,15.2,0.08,0.08,616.502804,1776172638000
1776172639.914,139.914,0.26,6.68,0.25,13.9,0.24,14.3,0.23,9.4,0.22,15.2,0.34,10.0,0.38,20.79,0.4,8.0,0.41,10.7,0.42,10.7,0.66,10.0,0.62,20.79,0.6,8.0,0.59,10.7,0.58,10.7,0.74,6.68,0.75,13.9,0.76,14.3,0.77,9.4,0.78,15.2,0.08,0.08,616.506741,1776172639000
1776172640.999,140.999,0.26,6.68,0.25,13.9,0.24,14.3,0.23,9.4,0.22,15.2,0.34,10.0,0.38,20.79,0.4,8.0,0.41,10.7,0.42,10.7,0.66,10.0,0.62,20.79,0.6,8.0,0.59,10.7,0.58,10.7,0.74,6.68,0.75,13.9,0.76,14.3,0.77,9.4,0.78,15.2,0.08,0.08,616.492706,1776172640000
1776172641.909,141.909,0.25,13.9,0.24,14.3,0.23,9.4,0.22,15.2,0.21,57.7,0.33,0.51,0.34,5.0,0.38,20.79,0.39,10.9,0.4,18.8,0.66,10.0,0.62,20.79,0.6,8.0,0.59,10.7,0.58,10.7,0.74,6.68,0.75,13.9,0.76,14.3,0.77,9.4,0.78,15.2,0.08,0.08,616.492706,1776172640000
1776172642.182,142.182,0.25,13.9,0.24,14.3,0.23,9.4,0.22,15.2,0.21,57.7,0.33,0.51,0.34,5.0,0.38,20.79,0.39,10.9,0.4,18.8,0.67,0.51,0.66,5.0,0.62,20.79,0.61,10.9,0.6,18.8,0.75,13.9,0.76,14.3,0.77,9.4,0.78,15.2,0.79,57.7,0.08,0.08,616.53171,1776172641000
1776172643.489,143.489,0.25,13.9,0.24,14.3,0.23,9.4,0.22,15.2,0.21,57.7,0.33,0.51,0.34,5.0,0.38,20.79,0.39,10.9,0.4,18.8,0.67,0.51,0.66,5.0,0.62,20.79,0.61,10.9,0.6,18.8,0.75,13.9,0.76,14.3,0.77,9.4,0.78,15.2,0.79,57.7,0.08,0.08,616.493306,1776172642000
1776172643.984,143.984,0.25,13.9,0.24,14.3,0.23,9.4,0.22,15.2,0.21,57.7,0.33,0.51,0.34,5.0,0.38,20.79,0.39,10.9,0.4,18.8,0.67,0.51,0.66,5.0,0.62,20.79,0.61,10.9,0.6,18.8,0.75,13.9,0.76,14.3,0.77,9.4,0.78,15.2,0.79,57.7,0.08,0.08,616.541414,1776172643000
1776172645.176,145.176,0.25,13.9,0.24,14.3,0.23,9.4,0.22,15.2,0.21,57.7,0.33,0.51,0.34,5.0,0.38,20.79,0.39,10.9,0.4,18.8,0.67,0.51,0.66,5.0,0.62,20.79,0.61,10.9,0.6,18.8,0.75,13.9,0.76,14.3,0.77,9.4,0.78,15.2,0.79,57.7,0.08,0.08,616.52389,1776172644000
1776172646.307,146.307,0.25,13.9,0.24,14.3,0.23,9.4,0.22,15.2,0.21,57.7,0.33,0.51,0.34,5.0,0.38,20.79,0.39,10.9,0.4,18.8,0.67,0.51,0.66,5.0,0.62,20.79,0.61,10.9,0.6,18.8,0.75,13.9,0.76,14.3,0.77,9.4,0.78,15.2,0.79,57.7,0.08,0.08,616.521122,1776172645000
1776172647.58,147.58,0.25,13.9,0.24,14.3,0.23,9.4,0.22,15.2,0.21,57.7,0.33,0.51,0.34,5.0,0.38,20.79,0.39,10.9,0.4,18.8,0.67,0.51,0.66,5.0,0.62,20.79,0.61,10.9,0.6,18.8,0.75,13.9,0.76,14.3,0.77,9.4,0.78,15.2,0.79,57.7,0.08,0.08,616.503803,1776172646000
1776172648.227,148.227,0.25,13.9,0.24,14.3,0.23,9.4,0.22,15.2,0.21,57.7,0.33,0.51,0.34,5.0,0.38,20.79,0.39,10.9,0.4,18.8,0.67,0.51,0.66,5.0,0.62,20.79,0.61,10.9,0.6,18.8,0.75,13.9,0.76,14.3,0.77,9.4,0.78,15.2,0.79,57.7,0.08,0.08,616.504404,1776172647000
1776172649.295,149.295,0.25,13.9,0.24,14.3,0.23,9.4,0.22,15.2,0.21,57.7,0.33,0.51,0.34,5.0,0.38,20.79,0.39,10.9,0.4,18.8,0.67,0.51,0.66,5.0,0.62,20.79,0.61,10.9,0.6,18.8,0.75,13.9,0.76,14.3,0.77,9.4,0.78,15.2,0.79,57.7,0.08,0.08,616.5833,1776172648000
1776172650.501,150.501,0.25,13.9,0.24,14.3,0.23,9.4,0.22,15.2,0.21,57.7,0.33,0.51,0.34,5.0,0.38,20.79,0.39,10.9,0.4,18.8,0.67,0.51,0.66,5.0,0.62,20.79,0.61,10.9,0.6,18.8,0.75,13.9,0.76,14.3,0.77,9.4,0.78,15.2,0.79,57.7,0.08,0.08,616.613,1776172649000
1776172650.722,150.722,0.41,43.82,0.35,10.0,0.33,11.8,0.32,11.9,0.31,62.2,0.5,5.2,0.52,10.0,0.54,44.46,0.57,10.6,0.58,10.7,0.67,0.51,0.66,5.0,0.62,20.79,0.61,10.9,0.6,18.8,0.75,13.9,0.76,14.3,0.77,9.4,0.78,15.2,0.79,57.7,0.09,0.08,616.613,1776172649000
1776172651.174,151.174,0.41,43.82,0.35,10.0,0.33,11.8,0.32,11.9,0.31,62.2,0.5,5.2,0.52,10.0,0.54,44.46,0.57,10.6,0.58,10.7,0.5,5.2,0.48,10.0,0.46,44.46,0.43,10.6,0.42,10.7,0.59,43.82,0.65,10.0,0.67,11.8,0.68,11.9,0.69,62.2,0.09,0.09,616.613,1776172650000
1776172651.541,151.541,0.44,24.0,0.42,5.0,0.36,13.0,0.35,21.4,0.34,11.6,0.52,7.2,0.54,44.46,0.58,10.7,0.59,10.7,0.6,10.8,0.5,5.2,0.48,10.0,0.46,44.46,0.43,10.6,0.42,10.7,0.59,43.82,0.65,10.0,0.67,11.8,0.68,11.9,0.69,62.2,0.08,0.09,616.613,1776172650000
1776172652.219,152.219,0.44,24.0,0.42,5.0,0.36,13.0,0.35,21.4,0.34,11.6,0.52,7.2,0.54,44.46,0.58,10.7,0.59,10.7,0.6,10.8,0.48,7.2,0.46,44.46,0.42,10.7,0.41,10.7,0.4,10.8,0.56,24.0,0.58,5.0,0.64,13.0,0.65,21.4,0.66,11.6,0.08,0.08,616.627,1776172651000
1776172653.187,153.187,0.44,24.0,0.42,5.0,0.36,13.0,0.35,21.4,0.34,11.6,0.52,7.2,0.54,44.46,0.58,10.7,0.59,10.7,0.6,10.8,0.48,7.2,0.46,44.46,0.42,10.7,0.41,10.7,0.4,10.8,0.56,24.0,0.58,5.0,0.64,13.0,0.65,21.4,0.66,11.6,0.08,0.08,616.61642,1776172652000
1776172654.229,154.229,0.44,24.0,0.42,5.0,0.36,13.0,0.35,21.4,0.34,11.6,0.52,7.2,0.54,44.46,0.58,10.7,0.59,10.7,0.6,10.8,0.48,7.2,0.46,44.46,0.42,10.7,0.41,10.7,0.4,10.8,0.56,24.0,0.58,5.0,0.64,13.0,0.65,21.4,0.66,11.6,0.08,0.08,616.636604,1776172653000
1776172655.279,155.279,0.44,24.0,0.42,5.0,0.36,13.0,0.35,21.4,0.34,11.6,0.52,7.2,0.54,44.46,0.58,10.7,0.59,10.7,0.6,10.8,0.48,7.2,0.46,44.46,0.42,10.7,0.41,10.7,0.4,10.8,0.56,24.0,0.58,5.0,0.64,13.0,0.65,21.4,0.66,11.6,0.08,0.08,616.64337,1776172654000
1776172656.241,156.241,0.44,24.0,0.42,5.0,0.36,13.0,0.35,21.4,0.34,11.6,0.52,7.2,0.54,44.46,0.58,10.7,0.59,10.7,0.6,10.8,0.48,7.2,0.46,44.46,0.42,10.7,0.41,10.7,0.4,10.8,0.56,24.0,0.58,5.0,0.64,13.0,0.65,21.4,0.66,11.6,0.08,0.08,616.64242,1776172655000
1776172657.287,157.287,0.44,24.0,0.42,5.0,0.36,13.0,0.35,21.4,0.34,11.6,0.52,7.2,0.54,44.46,0.58,10.7,0.59,10.7,0.6,10.8,0.48,7.2,0.46,44.46,0.42,10.7,0.41,10.7,0.4,10.8,0.56,24.0,0.58,5.0,0.64,13.0,0.65,21.4,0.66,11.6,0.08,0.08,616.69621,1776172656000
1776172658.331,158.331,0.44,24.0,0.42,5.0,0.36,13.0,0.35,21.4,0.34,11.6,0.52,7.2,0.54,44.46,0.58,10.7,0.59,10.7,0.6,10.8,0.48,7.2,0.46,44.46,0.42,10.7,0.41,10.7,0.4,10.8,0.56,24.0,0.58,5.0,0.64,13.0,0.65,21.4,0.66,11.6,0.08,0.08,616.694765,1776172657000
1776172659.326,159.326,0.44,24.0,0.42,5.0,0.36,13.0,0.35,21.4,0.34,11.6,0.52,7.2,0.54,44.46,0.58,10.7,0.59,10.7,0.6,10.8,0.48,7.2,0.46,44.46,0.42,10.7,0.41,10.7,0.4,10.8,0.56,24.0,0.58,5.0,0.64,13.0,0.65,21.4,0.66,11.6,0.08,0.08,616.695043,1776172658000
1776172660.251,160.251,0.44,24.0,0.42,5.0,0.36,13.0,0.35,21.4,0.34,11.6,0.52,7.2,0.54,44.46,0.58,10.7,0.59,10.7,0.6,10.8,0.48,7.2,0.46,44.46,0.42,10.7,0.41,10.7,0.4,10.8,0.56,24.0,0.58,5.0,0.64,13.0,0.65,21.4,0.66,11.6,0.08,0.08,616.695099,1776172659000
1776172661.276,161.276,0.44,24.0,0.42,5.0,0.36,13.0,0.35,21.4,0.34,11.6,0.52,7.2,0.54,44.46,0.58,10.7,0.59,10.7,0.6,10.8,0.48,7.2,0.46,44.46,0.42,10.7,0.41,10.7,0.4,10.8,0.56,24.0,0.58,5.0,0.64,13.0,0.65,21.4,0.66,11.6,0.08,0.08,616.696356,1776172660000
1776172662.309,162.309,0.44,24.0,0.42,5.0,0.36,13.0,0.35,21.4,0.34,11.6,0.52,7.2,0.54,44.46,0.58,10.7,0.59,10.7,0.6,10.8,0.48,7.2,0.46,44.46,0.42,10.7,0.41,10.7,0.4,10.8,0.56,24.0,0.58,5.0,0.64,13.0,0.65,21.4,0.66,11.6,0.08,0.08,616.696371,1776172661000
1776172662.52,162.52,0.53,5.0,0.52,5.0,0.49,10.4,0.48,10.4,0.47,10.4,0.54,12.85,0.61,64.61,0.69,12.2,0.7,33.4,0.71,62.6,0.48,7.2,0.46,44.46,0.42,10.7,0.41,10.7,0.4,10.8,0.56,24.0,0.58,5.0,0.64,13.0,0.65,21.4,0.66,11.6,0.01,0.08,616.696371,1776172661000
1776172663.002,163.002,0.53,24.0,0.52,5.0,0.5,10.4,0.49,10.4,0.48,10.4,0.54,2.38,0.61,50.0,0.62,14.61,0.7,33.4,0.71,62.6,0.46,7.48,0.39,64.61,0.31,12.2,0.3,33.4,0.29,62.6,0.47,5.0,0.48,5.0,0.51,10.4,0.52,10.4,0.53,10.4,0.01,0.01,616.696371,1776172661000
1776172663.443,163.443,0.53,24.0,0.52,5.0,0.5,10.4,0.49,10.4,0.48,10.4,0.54,2.38,0.61,50.0,0.62,14.61,0.7,33.4,0.71,62.6,0.46,2.38,0.39,50.0,0.38,14.61,0.3,33.4,0.29,62.6,0.47,24.0,0.48,5.0,0.5,10.4,0.51,10.4,0.52,10.4,0.01,0.01,616.703042,1776172662000
1776172664.285,164.285,0.53,24.0,0.52,5.0,0.5,10.4,0.49,10.4,0.48,10.4,0.54,2.38,0.61,50.0,0.62,14.61,0.7,33.4,0.71,62.6,0.46,2.38,0.39,50.0,0.38,14.61,0.3,33.4,0.29,62.6,0.47,24.0,0.48,5.0,0.5,10.4,0.51,10.4,0.52,10.4,0.01,0.01,616.705,1776172663000
1776172665.324,165.324,0.53,24.0,0.52,5.0,0.5,10.4,0.49,10.4,0.48,10.4,0.54,2.38,0.61,50.0,0.62,14.61,0.7,33.4,0.71,62.6,0.46,2.38,0.39,50.0,0.38,14.61,0.3,33.4,0.29,62.6,0.47,24.0,0.48,5.0,0.5,10.4,0.51,10.4,0.52,10.4,0.01,0.01,616.726,1776172664000
1776172666.587,166.587,0.53,24.0,0.52,5.0,0.5,10.4,0.49,10.4,0.48,10.4,0.54,2.38,0.61,50.0,0.62,14.61,0.7,33.4,0.71,62.6,0.46,2.38,0.39,50.0,0.38,14.61,0.3,33.4,0.29,62.6,0.47,24.0,0.48,5.0,0.5,10.4,0.51,10.4,0.52,10.4,0.01,0.01,616.735,1776172665000
1776172666.931,166.931,0.53,24.0,0.52,5.0,0.5,10.4,0.49,10.4,0.48,10.4,0.54,2.38,0.61,50.0,0.62,14.61,0.7,33.4,0.71,62.6,0.46,2.38,0.39,50.0,0.38,14.61,0.3,33.4,0.29,62.6,0.47,24.0,0.48,5.0,0.5,10.4,0.51,10.4,0.52,10.4,0.01,0.01,616.735,1776172666000
1776172668.001,168.001,0.53,24.0,0.52,5.0,0.5,10.4,0.49,10.4,0.48,10.4,0.54,2.38,0.61,50.0,0.62,14.61,0.7,33.4,0.71,62.6,0.46,2.38,0.39,50.0,0.38,14.61,0.3,33.4,0.29,62.6,0.47,24.0,0.48,5.0,0.5,10.4,0.51,10.4,0.52,10.4,0.01,0.01,616.757,1776172667000
1776172668.394,168.394,0.53,91.4,0.52,10.4,0.51,10.4,0.5,10.4,0.49,10.4,0.67,14.61,0.71,50.0,0.76,20.0,0.79,10.0,0.81,66.89,0.46,2.38,0.39,50.0,0.38,14.61,0.3,33.4,0.29,62.6,0.47,24.0,0.48,5.0,0.5,10.4,0.51,10.4,0.52,10.4,0.14,0.01,616.757,1776172667000
1776172669.134,169.134,0.53,91.4,0.52,10.4,0.51,10.4,0.5,10.4,0.49,10.4,0.67,14.61,0.71,50.0,0.76,20.0,0.79,10.0,0.81,66.89,0.33,14.61,0.29,50.0,0.24,20.0,0.21,10.0,0.19,66.89,0.47,91.4,0.48,10.4,0.49,10.4,0.5,10.4,0.51,10.4,0.14,0.14,616.751,1776172668000
1776172669.64,169.64,0.7,5.0,0.55,10.5,0.54,10.5,0.53,30.4,0.52,10.4,0.71,31.0,0.81,50.0,0.82,17.6,0.83,18.39,0.84,19.3,0.33,14.61,0.29,50.0,0.24,20.0,0.21,10.0,0.19,66.89,0.47,91.4,0.48,10.4,0.49,10.4,0.5,10.4,0.51,10.4,0.01,0.14,616.751,1776172668000
1776172670.228,170.228,0.7,5.0,0.55,10.5,0.54,10.5,0.53,30.4,0.52,10.4,0.71,31.0,0.81,50.0,0.82,17.6,0.83,18.39,0.84,19.3,0.29,31.0,0.19,50.0,0.18,17.6,0.17,18.39,0.16,19.3,0.3,5.0,0.45,10.5,0.46,10.5,0.47,30.4,0.48,10.4,0.01,0.01,616.751,1776172669000
1776172670.975,170.975,0.7,2.39,0.56,10.6,0.55,10.5,0.54,10.5,0.53,30.4,0.8,10.0,0.81,66.89,0.82,17.6,0.83,18.39,0.84,19.3,0.2,10.0,0.19,66.89,0.18,17.6,0.17,18.39,0.16,19.3,0.3,2.39,0.44,10.6,0.45,10.5,0.46,10.5,0.47,30.4,0.1,0.1,616.82,1776172670000
1776172671.936,171.936,0.7,2.39,0.56,10.6,0.55,10.5,0.54,10.5,0.53,30.4,0.8,10.0,0.81,66.89,0.82,17.6,0.83,18.39,0.84,19.3,0.2,10.0,0.19,66.89,0.18,17.6,0.17,18.39,0.16,19.3,0.3,2.39,0.44,10.6,0.45,10.5,0.46,10.5,0.47,30.4,0.1,0.1,616.833,1776172671000
1776172673.157,173.157,0.7,2.39,0.56,10.6,0.55,10.5,0.54,10.5,0.53,30.4,0.8,10.0,0.81,66.89,0.82,17.6,0.83,18.39,0.84,19.3,0.2,10.0,0.19,66.89,0.18,17.6,0.17,18.39,0.16,19.3,0.3,2.39,0.44,10.6,0.45,10.5,0.46,10.5,0.47,30.4,0.1,0.1,616.838215,1776172672000
1776172674.196,174.196,0.7,2.39,0.56,10.6,0.55,10.5,0.54,10.5,0.53,30.4,0.8,10.0,0.81,66.89,0.82,17.6,0.83,18.39,0.84,19.3,0.2,10.0,0.19,66.89,0.18,17.6,0.17,18.39,0.16,19.3,0.3,2.39,0.44,10.6,0.45,10.5,0.46,10.5,0.47,30.4,0.1,0.1,616.837,1776172673000
1776172675.504,175.504,0.7,2.39,0.56,10.6,0.55,10.5,0.54,10.5,0.53,30.4,0.8,10.0,0.81,66.89,0.82,17.6,0.83,18.39,0.84,19.3,0.2,10.0,0.19,66.89,0.18,17.6,0.17,18.39,0.16,19.3,0.3,2.39,0.44,10.6,0.45,10.5,0.46,10.5,0.47,30.4,0.1,0.1,616.828,1776172674000
1776172676.098,176.098,0.7,2.39,0.56,10.6,0.55,10.5,0.54,10.5,0.53,30.4,0.8,10.0,0.81,66.89,0.82,17.6,0.83,18.39,0.84,19.3,0.2,10.0,0.19,66.89,0.18,17.6,0.17,18.39,0.16,19.3,0.3,2.39,0.44,10.6,0.45,10.5,0.46,10.5,0.47,30.4,0.1,0.1,616.828,1776172675000
1776172677.099,177.099,0.7,2.39,0.56,10.6,0.55,10.5,0.54,10.5,0.53,30.4,0.8,10.0,0.81,66.89,0.82,17.6,0.83,18.39,0.84,19.3,0.2,10.0,0.19,66.89,0.18,17.6,0.17,18.39,0.16,19.3,0.3,2.39,0.44,10.6,0.45,10.5,0.46,10.5,0.47,30.4,0.1,0.1,616.822,1776172676000
1776172678.12,178.12,0.7,2.39,0.56,10.6,0.55,10.5,0.54,10.5,0.53,30.4,0.8,10.0,0.81,66.89,0.82,17.6,0.83,18.39,0.84,19.3,0.2,10.0,0.19,66.89,0.18,17.6,0.17,18.39,0.16,19.3,0.3,2.39,0.44,10.6,0.45,10.5,0.46,10.5,0.47,30.4,0.1,0.1,616.822,1776172677000
1776172679.184,179.184,0.7,2.39,0.56,10.6,0.55,10.5,0.54,10.5,0.53,30.4,0.8,10.0,0.81,66.89,0.82,17.6,0.83,18.39,0.84,19.3,0.2,10.0,0.19,66.89,0.18,17.6,0.17,18.39,0.16,19.3,0.3,2.39,0.44,10.6,0.45,10.5,0.46,10.5,0.47,30.4,0.1,0.1,616.821,1776172678000
1776172680.776,180.776,0.7,2.39,0.56,10.6,0.55,10.5,0.54,10.5,0.53,30.4,0.8,10.0,0.81,66.89,0.82,17.6,0.83,18.39,0.84,19.3,0.2,10.0,0.19,66.89,0.18,17.6,0.17,18.39,0.16,19.3,0.3,2.39,0.44,10.6,0.45,10.5,0.46,10.5,0.47,30.4,0.1,0.1,616.83,1776172679000
1776172681.85,181.85,0.7,2.39,0.56,10.6,0.55,10.5,0.54,10.5,0.53,30.4,0.8,10.0,0.81,66.89,0.82,17.6,0.83,18.39,0.84,19.3,0.2,10.0,0.19,66.89,0.18,17.6,0.17,18.39,0.16,19.3,0.3,2.39,0.44,10.6,0.45,10.5,0.46,10.5,0.47,30.4,0.1,0.1,616.829,1776172680000
1776172682.397,182.397,0.7,2.39,0.56,10.6,0.55,10.5,0.54,10.5,0.53,30.4,0.8,10.0,0.81,66.89,0.82,17.6,0.83,18.39,0.84,19.3,0.2,10.0,0.19,66.89,0.18,17.6,0.17,18.39,0.16,19.3,0.3,2.39,0.44,10.6,0.45,10.5,0.46,10.5,0.47,30.4,0.1,0.1,616.83,1776172681000
1776172683.052,183.052,0.7,2.39,0.56,10.6,0.55,10.5,0.54,10.5,0.53,30.4,0.8,10.0,0.81,66.89,0.82,17.6,0.83,18.39,0.84,19.3,0.2,10.0,0.19,66.89,0.18,17.6,0.17,18.39,0.16,19.3,0.3,2.39,0.44,10.6,0.45,10.5,0.46,10.5,0.47,30.4,0.1,0.1,616.81251,1776172682000
1776172684.501,184.501,0.7,2.39,0.56,10.6,0.55,10.5,0.54,10.5,0.53,30.4,0.8,10.0,0.81,66.89,0.82,17.6,0.83,18.39,0.84,19.3,0.2,10.0,0.19,66.89,0.18,17.6,0.17,18.39,0.16,19.3,0.3,2.39,0.44,10.6,0.45,10.5,0.46,10.5,0.47,30.4,0.1,0.1,616.886,1776172683000
1776172685.199,185.199,0.7,2.39,0.56,10.6,0.55,10.5,0.54,10.5,0.53,30.4,0.8,10.0,0.81,66.89,0.82,17.6,0.83,18.39,0.84,19.3,0.2,10.0,0.19,66.89,0.18,17.6,0.17,18.39,0.16,19.3,0.3,2.39,0.44,10.6,0.45,10.5,0.46,10.5,0.47,30.4,0.1,0.1,616.886,1776172684000
1776172686.529,186.529,0.7,2.39,0.56,10.6,0.55,10.5,0.54,10.5,0.53,30.4,0.8,10.0,0.81,66.89,0.82,17.6,0.83,18.39,0.84,19.3,0.2,10.0,0.19,66.89,0.18,17.6,0.17,18.39,0.16,19.3,0.3,2.39,0.44,10.6,0.45,10.5,0.46,10.5,0.47,30.4,0.1,0.1,616.886,1776172685000
1776172687.167,187.167,0.7,2.39,0.56,10.6,0.55,10.5,0.54,10.5,0.53,30.4,0.8,10.0,0.81,66.89,0.82,17.6,0.83,18.39,0.84,19.3,0.2,10.0,0.19,66.89,0.18,17.6,0.17,18.39,0.16,19.3,0.3,2.39,0.44,10.6,0.45,10.5,0.46,10.5,0.47,30.4,0.1,0.1,616.86836,1776172686000
1776172688.384,188.384,0.7,2.39,0.56,10.6,0.55,10.5,0.54,10.5,0.53,30.4,0.8,10.0,0.81,66.89,0.82,17.6,0.83,18.39,0.84,19.3,0.2,10.0,0.19,66.89,0.18,17.6,0.17,18.39,0.16,19.3,0.3,2.39,0.44,10.6,0.45,10.5,0.46,10.5,0.47,30.4,0.1,0.1,616.831,1776172687000
1776172688.978,188.978,0.7,2.39,0.56,10.6,0.55,10.5,0.54,10.5,0.53,30.4,0.8,10.0,0.81,66.89,0.82,17.6,0.83,18.39,0.84,19.3,0.2,10.0,0.19,66.89,0.18,17.6,0.17,18.39,0.16,19.3,0.3,2.39,0.44,10.6,0.45,10.5,0.46,10.5,0.47,30.4,0.1,0.1,616.831,1776172688000
1776172690.467,190.467,0.7,2.39,0.56,10.6,0.55,10.5,0.54,10.5,0.53,30.4,0.8,10.0,0.81,66.89,0.82,17.6,0.83,18.39,0.84,19.3,0.2,10.0,0.19,66.89,0.18,17.6,0.17,18.39,0.16,19.3,0.3,2.39,0.44,10.6,0.45,10.5,0.46,10.5,0.47,30.4,0.1,0.1,616.823849,1776172689000
1776172690.979,190.979,0.7,2.39,0.56,10.6,0.55,10.5,0.54,10.5,0.53,30.4,0.8,10.0,0.81,66.89,0.82,17.6,0.83,18.39,0.84,19.3,0.2,10.0,0.19,66.89,0.18,17.6,0.17,18.39,0.16,19.3,0.3,2.39,0.44,10.6,0.45,10.5,0.46,10.5,0.47,30.4,0.1,0.1,616.823849,1776172690000
1776172692.198,192.198,0.7,2.39,0.56,10.6,0.55,10.5,0.54,10.5,0.53,30.4,0.8,10.0,0.81,66.89,0.82,17.6,0.83,18.39,0.84,19.3,0.2,10.0,0.19,66.89,0.18,17.6,0.17,18.39,0.16,19.3,0.3,2.39,0.44,10.6,0.45,10.5,0.46,10.5,0.47,30.4,0.1,0.1,616.858,1776172691000
1776172693.485,193.485,0.7,2.39,0.56,10.6,0.55,10.5,0.54,10.5,0.53,30.4,0.8,10.0,0.81,66.89,0.82,17.6,0.83,18.39,0.84,19.3,0.2,10.0,0.19,66.89,0.18,17.6,0.17,18.39,0.16,19.3,0.3,2.39,0.44,10.6,0.45,10.5,0.46,10.5,0.47,30.4,0.1,0.1,616.873,1776172692000
1776172694.105,194.105,0.7,2.39,0.56,10.6,0.55,10.5,0.54,10.5,0.53,30.4,0.8,10.0,0.81,66.89,0.82,17.6,0.83,18.39,0.84,19.3,0.2,10.0,0.19,66.89,0.18,17.6,0.17,18.39,0.16,19.3,0.3,2.39,0.44,10.6,0.45,10.5,0.46,10.5,0.47,30.4,0.1,0.1,616.873,1776172693000
1776172695.272,195.272,0.7,2.39,0.56,10.6,0.55,10.5,0.54,10.5,0.53,30.4,0.8,10.0,0.81,66.89,0.82,17.6,0.83,18.39,0.84,19.3,0.2,10.0,0.19,66.89,0.18,17.6,0.17,18.39,0.16,19.3,0.3,2.39,0.44,10.6,0.45,10.5,0.46,10.5,0.47,30.4,0.1,0.1,616.877,1776172694000
1776172695.99,195.99,0.7,2.39,0.56,10.6,0.55,10.5,0.54,10.5,0.53,30.4,0.8,10.0,0.81,66.89,0.82,17.6,0.83,18.39,0.84,19.3,0.2,10.0,0.19,66.89,0.18,17.6,0.17,18.39,0.16,19.3,0.3,2.39,0.44,10.6,0.45,10.5,0.46,10.5,0.47,30.4,0.1,0.1,616.877,1776172695000
1776172697.852,197.852,0.7,2.39,0.56,10.6,0.55,10.5,0.54,10.5,0.53,30.4,0.8,10.0,0.81,66.89,0.82,17.6,0.83,18.39,0.84,19.3,0.2,10.0,0.19,66.89,0.18,17.6,0.17,18.39,0.16,19.3,0.3,2.39,0.44,10.6,0.45,10.5,0.46,10.5,0.47,30.4,0.1,0.1,616.851,1776172696000
1776172698.829,198.829,0.7,2.39,0.56,10.6,0.55,10.5,0.54,10.5,0.53,30.4,0.8,10.0,0.81,66.89,0.82,17.6,0.83,18.39,0.84,19.3,0.2,10.0,0.19,66.89,0.18,17.6,0.17,18.39,0.16,19.3,0.3,2.39,0.44,10.6,0.45,10.5,0.46,10.5,0.47,30.4,0.1,0.1,616.866,1776172697000
1776172699.81,199.81,0.7,2.39,0.56,10.6,0.55,10.5,0.54,10.5,0.53,30.4,0.8,10.0,0.81,66.89,0.82,17.6,0.83,18.39,0.84,19.3,0.2,10.0,0.19,66.89,0.18,17.6,0.17,18.39,0.16,19.3,0.3,2.39,0.44,10.6,0.45,10.5,0.46,10.5,0.47,30.4,0.1,0.1,616.865,1776172698000
1776172700.411,200.411,0.7,2.39,0.56,10.6,0.55,10.5,0.54,10.5,0.53,30.4,0.8,10.0,0.81,66.89,0.82,17.6,0.83,18.39,0.84,19.3,0.2,10.0,0.19,66.89,0.18,17.6,0.17,18.39,0.16,19.3,0.3,2.39,0.44,10.6,0.45,10.5,0.46,10.5,0.47,30.4,0.1,0.1,616.868,1776172699000
1776172701.112,201.112,0.7,2.39,0.56,10.6,0.55,10.5,0.54,10.5,0.53,30.4,0.8,10.0,0.81,66.89,0.82,17.6,0.83,18.39,0.84,19.3,0.2,10.0,0.19,66.89,0.18,17.6,0.17,18.39,0.16,19.3,0.3,2.39,0.44,10.6,0.45,10.5,0.46,10.5,0.47,30.4,0.1,0.1,616.868,1776172700000
1776172702.03,202.03,0.53,5.0,0.42,5.0,0.31,50.0,0.3,16.0,0.27,13.2,0.71,28.79,0.81,215.0,0.83,6.0,0.87,23.0,0.88,24.6,0.2,10.0,0.19,66.89,0.18,17.6,0.17,18.39,0.16,19.3,0.3,2.39,0.44,10.6,0.45,10.5,0.46,10.5,0.47,30.4,0.18,0.1,616.868,1776172700000
1776172702.33,202.33,0.31,36.81,0.27,36.2,0.26,13.5,0.25,13.9,0.24,14.3,0.41,5.0,0.44,5.0,0.46,5.0,0.61,50.0,0.67,10.0,0.29,28.79,0.23,10.0,0.19,50.0,0.17,6.0,0.13,23.0,0.69,41.81,0.73,13.2,0.74,13.5,0.75,13.9,0.76,14.3,0.1,0.4,616.868,1776172700000
1776172702.654,202.654,0.31,32.5,0.27,36.2,0.26,13.5,0.25,13.9,0.24,14.3,0.41,5.0,0.44,5.0,0.46,5.0,0.61,50.0,0.67,10.0,0.59,5.0,0.56,5.0,0.54,5.0,0.39,50.0,0.33,10.0,0.69,36.81,0.73,36.2,0.74,13.5,0.75,13.9,0.76,14.3,0.1,0.1,616.868,1776172700000
1776172703.375,203.375,0.31,23.88,0.27,36.2,0.26,13.5,0.25,13.9,0.24,14.3,0.41,5.0,0.44,5.0,0.46,5.0,0.61,50.0,0.67,10.0,0.59,5.0,0.56,5.0,0.54,5.0,0.39,50.0,0.33,10.0,0.69,23.88,0.73,36.2,0.74,13.5,0.75,13.9,0.76,14.3,0.1,0.1,616.874,1776172702000
1776172704.105,204.105,0.31,23.88,0.27,36.2,0.26,13.5,0.25,13.9,0.24,14.3,0.41,5.0,0.44,5.0,0.46,5.0,0.61,50.0,0.67,10.0,0.59,5.0,0.56,5.0,0.54,5.0,0.39,50.0,0.33,10.0,0.69,23.88,0.73,36.2,0.74,13.5,0.75,13.9,0.76,14.3,0.1,0.1,616.67675,1776172703000
1776172705.605,205.605,0.31,23.88,0.27,36.2,0.26,13.5,0.25,13.9,0.24,14.3,0.41,5.0,0.44,5.0,0.46,5.0,0.61,50.0,0.67,10.0,0.59,5.0,0.56,5.0,0.54,5.0,0.39,50.0,0.33,10.0,0.69,23.88,0.73,36.2,0.74,13.5,0.75,13.9,0.76,14.3,0.1,0.1,616.66918,1776172704000
1776172706.399,206.399,0.31,23.88,0.27,36.2,0.26,13.5,0.25,13.9,0.24,14.3,0.41,5.0,0.44,5.0,0.46,5.0,0.61,50.0,0.67,10.0,0.59,5.0,0.56,5.0,0.54,5.0,0.39,50.0,0.33,10.0,0.69,23.88,0.73,36.2,0.74,13.5,0.75,13.9,0.76,14.3,0.1,0.1,616.645416,1776172705000
1776172706.892,206.892,0.41,45.0,0.34,82.0,0.31,78.88,0.3,12.4,0.29,12.6,0.46,7.0,0.5,5.0,0.51,5.0,0.58,11.0,0.71,28.79,0.59,5.0,0.56,5.0,0.54,5.0,0.39,50.0,0.33,10.0,0.69,23.88,0.73,36.2,0.74,13.5,0.75,13.9,0.76,14.3,0.05,0.1,616.645416,1776172705000
1776172707.151,207.151,0.41,45.0,0.34,82.0,0.31,78.88,0.3,12.4,0.29,12.6,0.51,0.54,0.58,11.0,0.71,28.79,0.72,5.0,0.81,50.0,0.54,0.54,0.5,5.0,0.49,5.0,0.42,11.0,0.29,28.79,0.59,45.0,0.66,82.0,0.69,78.88,0.7,12.4,0.71,12.6,0.1,0.05,616.645416,1776172705000
1776172708.956,208.956,0.41,45.0,0.34,14.0,0.31,78.88,0.3,12.4,0.29,12.6,0.58,6.54,0.71,28.79,0.72,5.0,0.81,50.0,0.82,17.6,0.42,6.54,0.29,28.79,0.28,5.0,0.19,50.0,0.18,17.6,0.59,45.0,0.66,14.0,0.69,78.88,0.7,12.4,0.71,12.6,0.17,0.17,616.62172,1776172707000
1776172709.493,209.493,0.41,45.0,0.34,14.0,0.31,78.88,0.3,12.4,0.29,12.6,0.58,6.54,0.71,28.79,0.72,5.0,0.81,50.0,0.82,17.6,0.42,6.54,0.29,28.79,0.28,5.0,0.19,50.0,0.18,17.6,0.59,45.0,0.66,14.0,0.69,78.88,0.7,12.4,0.71,12.6,0.17,0.17,616.713475,1776172708000
1776172710.4,210.4,0.41,45.0,0.34,14.0,0.31,78.88,0.3,12.4,0.29,12.6,0.58,6.54,0.71,28.79,0.72,5.0,0.81,50.0,0.82,17.6,0.42,6.54,0.29,28.79,0.28,5.0,0.19,50.0,0.18,17.6,0.59,45.0,0.66,14.0,0.69,78.88,0.7,12.4,0.71,12.6,0.17,0.17,616.71981,1776172709000
1776172711.017,211.017,0.63,17.0,0.56,8.0,0.51,50.0,0.41,55.0,0.32,11.9,0.76,7.3,0.77,14.7,0.78,15.2,0.79,38.7,0.8,16.2,0.42,6.54,0.29,28.79,0.28,5.0,0.19,50.0,0.18,17.6,0.59,45.0,0.66,14.0,0.69,78.88,0.7,12.4,0.71,12.6,0.13,0.17,616.71981,1776172709000
1776172712.38,212.38,0.63,17.0,0.56,8.0,0.51,50.0,0.41,55.0,0.34,11.6,0.76,2.3,0.77,14.7,0.78,15.2,0.79,38.7,0.8,16.2,0.24,7.3,0.23,14.7,0.22,15.2,0.21,38.7,0.2,16.2,0.37,17.0,0.44,8.0,0.49,50.0,0.59,55.0,0.68,11.9,0.13,0.13,616.744,1776172710000
1776172712.737,212.737,0.63,17.0,0.56,8.0,0.51,50.0,0.41,55.0,0.34,11.6,0.76,2.3,0.77,14.7,0.78,15.2,0.79,38.7,0.8,16.2,0.24,2.3,0.23,14.7,0.22,15.2,0.21,38.7,0.2,16.2,0.37,17.0,0.44,8.0,0.49,50.0,0.59,55.0,0.66,11.6,0.13,0.13,616.783,1776172711000
1776172713.476,213.476,0.63,17.0,0.57,8.0,0.51,50.0,0.49,10.0,0.41,45.0,0.8,21.28,0.81,50.0,0.84,19.3,0.85,20.39,0.86,21.6,0.24,2.3,0.23,14.7,0.22,15.2,0.21,38.7,0.2,16.2,0.37,17.0,0.44,8.0,0.49,50.0,0.59,55.0,0.66,11.6,0.17,0.13,616.783,1776172711000
1776172714.36,214.36,0.63,17.0,0.57,8.0,0.51,50.0,0.49,10.0,0.41,45.0,0.8,17.56,0.81,50.0,0.84,19.3,0.85,20.39,0.86,21.6,0.2,17.56,0.19,50.0,0.16,19.3,0.15,20.39,0.14,21.6,0.37,17.0,0.43,8.0,0.49,50.0,0.51,10.0,0.59,45.0,0.17,0.17,616.806,1776172713000
1776172715.107,215.107,0.63,17.0,0.57,8.0,0.51,50.0,0.49,10.0,0.41,45.0,0.8,17.56,0.81,50.0,0.84,19.3,0.85,20.39,0.86,21.6,0.2,17.56,0.19,50.0,0.16,19.3,0.15,20.39,0.14,21.6,0.37,17.0,0.43,8.0,0.49,50.0,0.51,10.0,0.59,45.0,0.17,0.17,616.814,1776172714000
1776172716.774,216.774,0.63,17.0,0.57,8.0,0.51,50.0,0.49,10.0,0.41,45.0,0.8,17.56,0.81,50.0,0.84,19.3,0.85,20.39,0.86,21.6,0.2,17.56,0.19,50.0,0.16,19.3,0.15,20.39,0.14,21.6,0.37,17.0,0.43,8.0,0.49,50.0,0.51,10.0,0.59,45.0,0.17,0.17,616.853408,1776172715000
1776172717.748,217.748,0.63,17.0,0.57,8.0,0.51,50.0,0.49,10.0,0.41,45.0,0.8,17.56,0.81,50.0,0.84,19.3,0.85,20.39,0.86,21.6,0.2,17.56,0.19,50.0,0.16,19.3,0.15,20.39,0.14,21.6,0.37,17.0,0.43,8.0,0.49,50.0,0.51,10.0,0.59,45.0,0.17,0.17,616.853408,1776172716000
1776172718.318,218.318,0.63,17.0,0.57,8.0,0.51,50.0,0.49,10.0,0.41,45.0,0.8,17.56,0.81,50.0,0.84,19.3,0.85,20.39,0.86,21.6,0.2,17.56,0.19,50.0,0.16,19.3,0.15,20.39,0.14,21.6,0.37,17.0,0.43,8.0,0.49,50.0,0.51,10.0,0.59,45.0,0.17,0.17,616.853408,1776172717000
1776172719.155,219.155,0.63,17.0,0.57,8.0,0.51,50.0,0.49,10.0,0.41,45.0,0.8,17.56,0.81,50.0,0.84,19.3,0.85,20.39,0.86,21.6,0.2,17.56,0.19,50.0,0.16,19.3,0.15,20.39,0.14,21.6,0.37,17.0,0.43,8.0,0.49,50.0,0.51,10.0,0.59,45.0,0.17,0.17,616.853408,1776172718000
1776172720.259,220.259,0.63,17.0,0.57,8.0,0.51,50.0,0.49,10.0,0.41,45.0,0.8,17.56,0.81,50.0,0.84,19.3,0.85,20.39,0.86,21.6,0.2,17.56,0.19,50.0,0.16,19.3,0.15,20.39,0.14,21.6,0.37,17.0,0.43,8.0,0.49,50.0,0.51,10.0,0.59,45.0,0.17,0.17,616.853408,1776172719000
1776172721.277,221.277,0.63,17.0,0.57,8.0,0.51,50.0,0.49,10.0,0.41,45.0,0.8,17.56,0.81,50.0,0.84,19.3,0.85,20.39,0.86,21.6,0.2,17.56,0.19,50.0,0.16,19.3,0.15,20.39,0.14,21.6,0.37,17.0,0.43,8.0,0.49,50.0,0.51,10.0,0.59,45.0,0.17,0.17,616.853408,1776172720000
1776172721.97,221.97,0.63,17.0,0.57,8.0,0.51,50.0,0.49,10.0,0.41,45.0,0.8,17.56,0.81,50.0,0.84,19.3,0.85,20.39,0.86,21.6,0.2,17.56,0.19,50.0,0.16,19.3,0.15,20.39,0.14,21.6,0.37,17.0,0.43,8.0,0.49,50.0,0.51,10.0,0.59,45.0,0.17,0.17,616.853408,1776172721000
1776172723.266,223.266,0.63,17.0,0.57,8.0,0.51,50.0,0.49,10.0,0.41,45.0,0.8,17.56,0.81,50.0,0.84,19.3,0.85,20.39,0.86,21.6,0.2,17.56,0.19,50.0,0.16,19.3,0.15,20.39,0.14,21.6,0.37,17.0,0.43,8.0,0.49,50.0,0.51,10.0,0.59,45.0,0.17,0.17,616.853408,1776172722000
1776172724.333,224.333,0.63,17.0,0.57,8.0,0.51,50.0,0.49,10.0,0.41,45.0,0.8,17.56,0.81,50.0,0.84,19.3,0.85,20.39,0.86,21.6,0.2,17.56,0.19,50.0,0.16,19.3,0.15,20.39,0.14,21.6,0.37,17.0,0.43,8.0,0.49,50.0,0.51,10.0,0.59,45.0,0.17,0.17,616.853408,1776172723000
1776172725.015,225.015,0.63,17.0,0.57,8.0,0.51,50.0,0.49,10.0,0.41,45.0,0.8,17.56,0.81,50.0,0.84,19.3,0.85,20.39,0.86,21.6,0.2,17.56,0.19,50.0,0.16,19.3,0.15,20.39,0.14,21.6,0.37,17.0,0.43,8.0,0.49,50.0,0.51,10.0,0.59,45.0,0.17,0.17,616.853408,1776172724000
1776172726.134,226.134,0.63,17.0,0.57,8.0,0.51,50.0,0.49,10.0,0.41,45.0,0.8,17.56,0.81,50.0,0.84,19.3,0.85,20.39,0.86,21.6,0.2,17.56,0.19,50.0,0.16,19.3,0.15,20.39,0.14,21.6,0.37,17.0,0.43,8.0,0.49,50.0,0.51,10.0,0.59,45.0,0.17,0.17,616.853925,1776172725000
1776172727.408,227.408,0.63,17.0,0.57,8.0,0.51,50.0,0.49,10.0,0.41,45.0,0.8,17.56,0.81,50.0,0.84,19.3,0.85,20.39,0.86,21.6,0.2,17.56,0.19,50.0,0.16,19.3,0.15,20.39,0.14,21.6,0.37,17.0,0.43,8.0,0.49,50.0,0.51,10.0,0.59,45.0,0.17,0.17,616.853925,1776172726000
1776172728.058,228.058,0.63,17.0,0.57,8.0,0.51,50.0,0.49,10.0,0.41,45.0,0.8,17.56,0.81,50.0,0.84,19.3,0.85,20.39,0.86,21.6,0.2,17.56,0.19,50.0,0.16,19.3,0.15,20.39,0.14,21.6,0.37,17.0,0.43,8.0,0.49,50.0,0.51,10.0,0.59,45.0,0.17,0.17,616.853925,1776172727000
1776172729.076,229.076,0.63,17.0,0.57,8.0,0.51,50.0,0.49,10.0,0.41,45.0,0.8,17.56,0.81,50.0,0.84,19.3,0.85,20.39,0.86,21.6,0.2,17.56,0.19,50.0,0.16,19.3,0.15,20.39,0.14,21.6,0.37,17.0,0.43,8.0,0.49,50.0,0.51,10.0,0.59,45.0,0.17,0.17,616.853925,1776172728000
1776172730.291,230.291,0.63,17.0,0.57,8.0,0.51,50.0,0.49,10.0,0.41,45.0,0.8,17.56,0.81,50.0,0.84,19.3,0.85,20.39,0.86,21.6,0.2,17.56,0.19,50.0,0.16,19.3,0.15,20.39,0.14,21.6,0.37,17.0,0.43,8.0,0.49,50.0,0.51,10.0,0.59,45.0,0.17,0.17,616.853925,1776172729000
1776172731.336,231.336,0.63,17.0,0.57,8.0,0.51,50.0,0.49,10.0,0.41,45.0,0.8,17.56,0.81,50.0,0.84,19.3,0.85,20.39,0.86,21.6,0.2,17.56,0.19,50.0,0.16,19.3,0.15,20.39,0.14,21.6,0.37,17.0,0.43,8.0,0.49,50.0,0.51,10.0,0.59,45.0,0.17,0.17,616.853925,1776172730000
1776172731.89,231.89,0.63,17.0,0.57,8.0,0.51,50.0,0.49,10.0,0.41,45.0,0.8,17.56,0.81,50.0,0.84,19.3,0.85,20.39,0.86,21.6,0.2,17.56,0.19,50.0,0.16,19.3,0.15,20.39,0.14,21.6,0.37,17.0,0.43,8.0,0.49,50.0,0.51,10.0,0.59,45.0,0.17,0.17,616.853925,1776172731000
1776172733.171,233.171,0.63,17.0,0.57,8.0,0.51,50.0,0.49,10.0,0.41,45.0,0.8,17.56,0.81,50.0,0.84,19.3,0.85,20.39,0.86,21.6,0.2,17.56,0.19,50.0,0.16,19.3,0.15,20.39,0.14,21.6,0.37,17.0,0.43,8.0,0.49,50.0,0.51,10.0,0.59,45.0,0.17,0.17,616.853925,1776172732000
1776172734.287,234.287,0.63,17.0,0.57,8.0,0.51,50.0,0.49,10.0,0.41,45.0,0.8,17.56,0.81,50.0,0.84,19.3,0.85,20.39,0.86,21.6,0.2,17.56,0.19,50.0,0.16,19.3,0.15,20.39,0.14,21.6,0.37,17.0,0.43,8.0,0.49,50.0,0.51,10.0,0.59,45.0,0.17,0.17,616.853925,1776172733000
1776172735.323,235.323,0.63,17.0,0.57,8.0,0.51,50.0,0.49,10.0,0.41,45.0,0.8,17.56,0.81,50.0,0.84,19.3,0.85,20.39,0.86,21.6,0.2,17.56,0.19,50.0,0.16,19.3,0.15,20.39,0.14,21.6,0.37,17.0,0.43,8.0,0.49,50.0,0.51,10.0,0.59,45.0,0.17,0.17,616.853925,1776172734000
1776172736.319,236.319,0.63,17.0,0.57,8.0,0.51,50.0,0.49,10.0,0.41,45.0,0.8,17.56,0.81,50.0,0.84,19.3,0.85,20.39,0.86,21.6,0.2,17.56,0.19,50.0,0.16,19.3,0.15,20.39,0.14,21.6,0.37,17.0,0.43,8.0,0.49,50.0,0.51,10.0,0.59,45.0,0.17,0.17,616.853925,1776172735000
1776172737.192,237.192,0.63,17.0,0.57,8.0,0.51,50.0,0.49,10.0,0.41,45.0,0.8,17.56,0.81,50.0,0.84,19.3,0.85,20.39,0.86,21.6,0.2,17.56,0.19,50.0,0.16,19.3,0.15,20.39,0.14,21.6,0.37,17.0,0.43,8.0,0.49,50.0,0.51,10.0,0.59,45.0,0.17,0.17,616.853925,1776172736000
1776172738.198,238.198,0.63,17.0,0.57,8.0,0.51,50.0,0.49,10.0,0.41,45.0,0.8,17.56,0.81,50.0,0.84,19.3,0.85,20.39,0.86,21.6,0.2,17.56,0.19,50.0,0.16,19.3,0.15,20.39,0.14,21.6,0.37,17.0,0.43,8.0,0.49,50.0,0.51,10.0,0.59,45.0,0.17,0.17,616.853925,1776172737000
1776172739.227,239.227,0.63,17.0,0.57,8.0,0.51,50.0,0.49,10.0,0.41,45.0,0.8,17.56,0.81,50.0,0.84,19.3,0.85,20.39,0.86,21.6,0.2,17.56,0.19,50.0,0.16,19.3,0.15,20.39,0.14,21.6,0.37,17.0,0.43,8.0,0.49,50.0,0.51,10.0,0.59,45.0,0.17,0.17,616.853925,1776172738000
1776172740.912,240.912,0.63,17.0,0.57,8.0,0.51,50.0,0.49,10.0,0.41,45.0,0.8,17.56,0.81,50.0,0.84,19.3,0.85,20.39,0.86,21.6,0.2,17.56,0.19,50.0,0.16,19.3,0.15,20.39,0.14,21.6,0.37,17.0,0.43,8.0,0.49,50.0,0.51,10.0,0.59,45.0,0.17,0.17,616.853925,1776172739000
1776172741.697,241.697,0.63,17.0,0.57,8.0,0.51,50.0,0.49,10.0,0.41,45.0,0.8,17.56,0.81,50.0,0.84,19.3,0.85,20.39,0.86,21.6,0.2,17.56,0.19,50.0,0.16,19.3,0.15,20.39,0.14,21.6,0.37,17.0,0.43,8.0,0.49,50.0,0.51,10.0,0.59,45.0,0.17,0.17,616.853925,1776172740000
1776172742.238,242.238,0.63,17.0,0.57,8.0,0.51,50.0,0.49,10.0,0.41,45.0,0.8,17.56,0.81,50.0,0.84,19.3,0.85,20.39,0.86,21.6,0.2,17.56,0.19,50.0,0.16,19.3,0.15,20.39,0.14,21.6,0.37,17.0,0.43,8.0,0.49,50.0,0.51,10.0,0.59,45.0,0.17,0.17,616.853925,1776172741000
1776172743.271,243.271,0.63,17.0,0.57,8.0,0.51,50.0,0.49,10.0,0.41,45.0,0.8,17.56,0.81,50.0,0.84,19.3,0.85,20.39,0.86,21.6,0.2,17.56,0.19,50.0,0.16,19.3,0.15,20.39,0.14,21.6,0.37,17.0,0.43,8.0,0.49,50.0,0.51,10.0,0.59,45.0,0.17,0.17,616.85496,1776172742000
1776172744.224,244.224,0.63,17.0,0.57,8.0,0.51,50.0,0.49,10.0,0.41,45.0,0.8,17.56,0.81,50.0,0.84,19.3,0.85,20.39,0.86,21.6,0.2,17.56,0.19,50.0,0.16,19.3,0.15,20.39,0.14,21.6,0.37,17.0,0.43,8.0,0.49,50.0,0.51,10.0,0.59,45.0,0.17,0.17,616.85496,1776172743000
1776172745.343,245.343,0.63,17.0,0.57,8.0,0.51,50.0,0.49,10.0,0.41,45.0,0.8,17.56,0.81,50.0,0.84,19.3,0.85,20.39,0.86,21.6,0.2,17.56,0.19,50.0,0.16,19.3,0.15,20.39,0.14,21.6,0.37,17.0,0.43,8.0,0.49,50.0,0.51,10.0,0.59,45.0,0.17,0.17,616.849055,1776172744000
1776172746.483,246.483,0.63,17.0,0.57,8.0,0.51,50.0,0.49,10.0,0.41,45.0,0.8,17.56,0.81,50.0,0.84,19.3,0.85,20.39,0.86,21.6,0.2,17.56,0.19,50.0,0.16,19.3,0.15,20.39,0.14,21.6,0.37,17.0,0.43,8.0,0.49,50.0,0.51,10.0,0.59,45.0,0.17,0.17,616.849055,1776172745000
1776172747.488,247.488,0.63,17.0,0.57,8.0,0.51,50.0,0.49,10.0,0.41,45.0,0.8,17.56,0.81,50.0,0.84,19.3,0.85,20.39,0.86,21.6,0.2,17.56,0.19,50.0,0.16,19.3,0.15,20.39,0.14,21.6,0.37,17.0,0.43,8.0,0.49,50.0,0.51,10.0,0.59,45.0,0.17,0.17,616.850708,1776172746000
1776172747.758,247.758,0.84,20.0,0.8,16.3,0.79,15.7,0.78,15.2,0.77,14.7,0.9,28.9,0.91,81.7,0.92,35.29,0.93,39.9,0.94,46.1,0.2,17.56,0.19,50.0,0.16,19.3,0.15,20.39,0.14,21.6,0.37,17.0,0.43,8.0,0.49,50.0,0.51,10.0,0.59,45.0,0.06,0.17,616.850708,1776172746000
1776172748.236,248.236,0.84,20.0,0.8,16.3,0.79,15.7,0.78,15.2,0.77,14.7,0.9,28.9,0.91,81.7,0.92,35.29,0.93,39.9,0.94,46.1,0.1,28.9,0.09,81.7,0.08,35.29,0.07,39.9,0.06,46.1,0.16,20.0,0.2,16.3,0.21,15.7,0.22,15.2,0.23,14.7,0.06,0.06,616.850708,1776172747000
1776172749.517,249.517,0.84,20.0,0.8,16.3,0.79,15.7,0.78,15.2,0.77,14.7,0.9,28.9,0.91,81.7,0.92,35.29,0.93,39.9,0.94,46.1,0.1,28.9,0.09,81.7,0.08,35.29,0.07,39.9,0.06,46.1,0.16,20.0,0.2,16.3,0.21,15.7,0.22,15.2,0.23,14.7,0.06,0.06,616.850708,1776172748000
1776172750.191,250.191,0.84,20.0,0.8,16.3,0.79,15.7,0.78,15.2,0.77,14.7,0.9,28.9,0.91,81.7,0.92,35.29,0.93,39.9,0.94,46.1,0.1,28.9,0.09,81.7,0.08,35.29,0.07,39.9,0.06,46.1,0.16,20.0,0.2,16.3,0.21,15.7,0.22,15.2,0.23,14.7,0.06,0.06,616.850708,1776172749000
1776172751.446,251.446,0.84,20.0,0.8,16.3,0.79,15.7,0.78,15.2,0.77,14.7,0.9,28.9,0.91,81.7,0.92,35.29,0.93,39.9,0.94,46.1,0.1,28.9,0.09,81.7,0.08,35.29,0.07,39.9,0.06,46.1,0.16,20.0,0.2,16.3,0.21,15.7,0.22,15.2,0.23,14.7,0.06,0.06,616.850708,1776172750000
1776172751.984,251.984,0.84,20.0,0.8,16.3,0.79,15.7,0.78,15.2,0.77,14.7,0.9,28.9,0.91,81.7,0.92,35.29,0.93,39.9,0.94,46.1,0.1,28.9,0.09,81.7,0.08,35.29,0.07,39.9,0.06,46.1,0.16,20.0,0.2,16.3,0.21,15.7,0.22,15.2,0.23,14.7,0.06,0.06,616.865119,1776172751000
1776172753.138,253.138,0.84,20.0,0.8,16.3,0.79,15.7,0.78,15.2,0.77,14.7,0.9,28.9,0.91,81.7,0.92,35.29,0.93,39.9,0.94,46.1,0.1,28.9,0.09,81.7,0.08,35.29,0.07,39.9,0.06,46.1,0.16,20.0,0.2,16.3,0.21,15.7,0.22,15.2,0.23,14.7,0.06,0.06,616.926,1776172752000
1776172754.383,254.383,0.84,20.0,0.8,16.3,0.79,15.7,0.78,15.2,0.77,14.7,0.9,28.9,0.91,81.7,0.92,35.29,0.93,39.9,0.94,46.1,0.1,28.9,0.09,81.7,0.08,35.29,0.07,39.9,0.06,46.1,0.16,20.0,0.2,16.3,0.21,15.7,0.22,15.2,0.23,14.7,0.06,0.06,616.933,1776172753000
1776172755.458,255.458,0.84,20.0,0.8,16.3,0.79,15.7,0.78,15.2,0.77,14.7,0.9,28.9,0.91,81.7,0.92,35.29,0.93,39.9,0.94,46.1,0.1,28.9,0.09,81.7,0.08,35.29,0.07,39.9,0.06,46.1,0.16,20.0,0.2,16.3,0.21,15.7,0.22,15.2,0.23,14.7,0.06,0.06,616.94902,1776172754000
1776172755.996,255.996,0.84,20.0,0.8,16.3,0.79,15.7,0.78,15.2,0.77,14.7,0.9,28.9,0.91,81.7,0.92,35.29,0.93,39.9,0.94,46.1,0.1,28.9,0.09,81.7,0.08,35.29,0.07,39.9,0.06,46.1,0.16,20.0,0.2,16.3,0.21,15.7,0.22,15.2,0.23,14.7,0.06,0.06,616.935868,1776172755000
1776172757.109,257.109,0.84,20.0,0.8,16.3,0.79,15.7,0.78,15.2,0.77,14.7,0.9,28.9,0.91,81.7,0.92,35.29,0.93,39.9,0.94,46.1,0.1,28.9,0.09,81.7,0.08,35.29,0.07,39.9,0.06,46.1,0.16,20.0,0.2,16.3,0.21,15.7,0.22,15.2,0.23,14.7,0.06,0.06,616.937788,1776172756000
1776172758.309,258.309,0.84,20.0,0.8,16.3,0.79,15.7,0.78,15.2,0.77,14.7,0.9,28.9,0.91,81.7,0.92,35.29,0.93,39.9,0.94,46.1,0.1,28.9,0.09,81.7,0.08,35.29,0.07,39.9,0.06,46.1,0.16,20.0,0.2,16.3,0.21,15.7,0.22,15.2,0.23,14.7,0.06,0.06,616.932893,1776172757000
1776172759.475,259.475,0.84,20.0,0.8,16.3,0.79,15.7,0.78,15.2,0.77,14.7,0.9,28.9,0.91,81.7,0.92,35.29,0.93,39.9,0.94,46.1,0.1,28.9,0.09,81.7,0.08,35.29,0.07,39.9,0.06,46.1,0.16,20.0,0.2,16.3,0.21,15.7,0.22,15.2,0.23,14.7,0.06,0.06,616.933059,1776172758000
1776172760.036,260.036,0.84,20.0,0.8,16.3,0.79,15.7,0.78,15.2,0.77,14.7,0.9,28.9,0.91,81.7,0.92,35.29,0.93,39.9,0.94,46.1,0.1,28.9,0.09,81.7,0.08,35.29,0.07,39.9,0.06,46.1,0.16,20.0,0.2,16.3,0.21,15.7,0.22,15.2,0.23,14.7,0.06,0.06,616.933059,1776172759000
1776172760.759,260.759,0.95,15.1,0.92,35.29,0.91,52.7,0.9,28.9,0.89,26.6,0.97,89.3,0.98,142.69,0.99,5728.69,,,,,0.1,28.9,0.09,81.7,0.08,35.29,0.07,39.9,0.06,46.1,0.16,20.0,0.2,16.3,0.21,15.7,0.22,15.2,0.23,14.7,0.02,0.06,616.933059,1776172759000
1776172761.099,261.099,0.95,15.1,0.92,35.29,0.91,52.7,0.9,28.9,0.89,26.6,0.97,74.72,0.98,142.69,0.99,5728.69,,,,,0.03,89.3,0.02,142.69,0.01,5728.69,,,,,0.05,15.1,0.08,35.29,0.09,52.7,0.1,28.9,0.11,26.6,0.02,0.02,616.933059,1776172759000
1776172763.093,263.093,0.95,15.1,0.92,35.29,0.91,52.7,0.9,28.9,0.89,26.6,0.97,74.72,0.98,142.69,0.99,5728.69,,,,,0.03,74.72,0.02,142.69,0.01,5728.69,,,,,0.05,15.1,0.08,35.29,0.09,52.7,0.1,28.9,0.11,26.6,0.02,0.02,616.920375,1776172762000
1776172764.368,264.368,0.95,15.1,0.92,35.29,0.91,52.7,0.9,28.9,0.89,26.6,0.97,74.72,0.98,142.69,0.99,5728.69,,,,,0.03,74.72,0.02,142.69,0.01,5728.69,,,,,0.05,15.1,0.08,35.29,0.09,52.7,0.1,28.9,0.11,26.6,0.02,0.02,616.93511,1776172763000
1776172765.026,265.026,0.95,15.1,0.92,35.29,0.91,52.7,0.9,28.9,0.89,26.6,0.97,74.72,0.98,142.69,0.99,5728.69,,,,,0.03,74.72,0.02,142.69,0.01,5728.69,,,,,0.05,15.1,0.08,35.29,0.09,52.7,0.1,28.9,0.11,26.6,0.02,0.02,616.926957,1776172764000
1776172766.908,266.908,0.95,15.1,0.92,35.29,0.91,52.7,0.9,28.9,0.89,26.6,0.97,74.72,0.98,142.69,0.99,5728.69,,,,,0.03,74.72,0.02,142.69,0.01,5728.69,,,,,0.05,15.1,0.08,35.29,0.09,52.7,0.1,28.9,0.11,26.6,0.02,0.02,616.931649,1776172765000
1776172767.661,267.661,0.95,15.1,0.92,35.29,0.91,52.7,0.9,28.9,0.89,26.6,0.97,74.72,0.98,142.69,0.99,5728.69,,,,,0.03,74.72,0.02,142.69,0.01,5728.69,,,,,0.05,15.1,0.08,35.29,0.09,52.7,0.1,28.9,0.11,26.6,0.02,0.02,616.945,1776172766000
1776172768.586,268.586,0.95,15.1,0.92,35.29,0.91,52.7,0.9,28.9,0.89,26.6,0.97,74.72,0.98,142.69,0.99,5728.69,,,,,0.03,74.72,0.02,142.69,0.01,5728.69,,,,,0.05,15.1,0.08,35.29,0.09,52.7,0.1,28.9,0.11,26.6,0.02,0.02,616.945,1776172767000
1776172769.306,269.306,0.95,15.1,0.92,35.29,0.91,52.7,0.9,28.9,0.89,26.6,0.97,74.72,0.98,142.69,0.99,5728.69,,,,,0.03,74.72,0.02,142.69,0.01,5728.69,,,,,0.05,15.1,0.08,35.29,0.09,52.7,0.1,28.9,0.11,26.6,0.02,0.02,616.926797,1776172768000
1776172770.596,270.596,0.95,15.1,0.92,35.29,0.91,52.7,0.9,28.9,0.89,26.6,0.97,74.72,0.98,142.69,0.99,5728.69,,,,,0.03,74.72,0.02,142.69,0.01,5728.69,,,,,0.05,15.1,0.08,35.29,0.09,52.7,0.1,28.9,0.11,26.6,0.02,0.02,616.930918,1776172769000
1776172771.301,271.301,0.95,15.1,0.92,35.29,0.91,52.7,0.9,28.9,0.89,26.6,0.97,74.72,0.98,142.69,0.99,5728.69,,,,,0.03,74.72,0.02,142.69,0.01,5728.69,,,,,0.05,15.1,0.08,35.29,0.09,52.7,0.1,28.9,0.11,26.6,0.02,0.02,616.939762,1776172770000
1776172772.623,272.623,0.97,89.3,0.96,72.7,0.95,69.8,0.94,46.1,0.93,39.9,0.98,8.97,0.99,628.69,,,,,,,0.02,8.97,0.01,628.69,,,,,,,0.03,89.3,0.04,72.7,0.05,69.8,0.06,46.1,0.07,39.9,0.01,0.01,617.014,1776172771000
1776172773.403,273.403,0.97,89.3,0.96,72.7,0.95,69.8,0.94,46.1,0.93,39.9,0.98,8.97,0.99,628.69,,,,,,,0.02,8.97,0.01,628.69,,,,,,,0.03,89.3,0.04,72.7,0.05,69.8,0.06,46.1,0.07,39.9,0.01,0.01,617.014,1776172772000
1776172774.624,274.624,0.97,89.3,0.96,72.7,0.95,69.8,0.94,46.1,0.93,39.9,0.98,8.97,0.99,628.69,,,,,,,0.02,8.97,0.01,628.69,,,,,,,0.03,89.3,0.04,72.7,0.05,69.8,0.06,46.1,0.07,39.9,0.01,0.01,616.997577,1776172773000
1776172775.207,275.207,0.97,89.3,0.96,72.7,0.95,69.8,0.94,46.1,0.93,39.9,0.98,8.97,0.99,628.69,,,,,,,0.02,8.97,0.01,628.69,,,,,,,0.03,89.3,0.04,72.7,0.05,69.8,0.06,46.1,0.07,39.9,0.01,0.01,617.000719,1776172774000
1776172776.483,276.483,0.97,5.0,0.96,5.0,0.95,15.1,0.91,21.0,0.89,5.0,0.98,3.97,0.99,266.09,,,,,,,0.02,8.97,0.01,628.69,,,,,,,0.03,89.3,0.04,72.7,0.05,69.8,0.06,46.1,0.07,39.9,0.01,0.01,617.000719,1776172774000
1776172777.495,277.495,0.97,5.0,0.96,5.0,0.95,15.1,0.91,21.0,0.89,5.0,0.98,3.97,0.99,266.09,,,,,,,0.02,3.97,0.01,266.09,,,,,,,0.03,5.0,0.04,5.0,0.05,15.1,0.09,21.0,0.11,5.0,0.01,0.01,616.99365,1776172776000
1776172778.101,278.101,0.97,5.0,0.96,5.0,0.95,15.1,0.91,21.0,0.89,5.0,0.98,3.97,0.99,266.09,,,,,,,0.02,3.97,0.01,266.09,,,,,,,0.03,5.0,0.04,5.0,0.05,15.1,0.09,21.0,0.11,5.0,0.01,0.01,616.99564,1776172777000
1776172779.526,279.526,0.97,5.0,0.96,5.0,0.95,15.1,0.91,21.0,0.89,5.0,0.98,3.97,0.99,266.09,,,,,,,0.02,3.97,0.01,266.09,,,,,,,0.03,5.0,0.04,5.0,0.05,15.1,0.09,21.0,0.11,5.0,0.01,0.01,616.985024,1776172778000
1776172780.255,280.255,0.97,5.0,0.96,5.0,0.95,15.1,0.91,21.0,0.89,5.0,0.98,3.97,0.99,266.09,,,,,,,0.02,3.97,0.01,266.09,,,,,,,0.03,5.0,0.04,5.0,0.05,15.1,0.09,21.0,0.11,5.0,0.01,0.01,617.001224,1776172779000
1776172781.202,281.202,0.97,5.0,0.96,5.0,0.95,15.1,0.91,21.0,0.89,5.0,0.98,3.97,0.99,266.09,,,,,,,0.02,3.97,0.01,266.09,,,,,,,0.03,5.0,0.04,5.0,0.05,15.1,0.09,21.0,0.11,5.0,0.01,0.01,617.00061,1776172780000
1776172782.261,282.261,0.97,5.0,0.96,5.0,0.95,15.1,0.91,21.0,0.89,5.0,0.98,3.97,0.99,266.09,,,,,,,0.02,3.97,0.01,266.09,,,,,,,0.03,5.0,0.04,5.0,0.05,15.1,0.09,21.0,0.11,5.0,0.01,0.01,616.996495,1776172781000
1776172783.229,283.229,0.97,5.0,0.96,5.0,0.95,15.1,0.91,21.0,0.89,5.0,0.98,3.97,0.99,266.09,,,,,,,0.02,3.97,0.01,266.09,,,,,,,0.03,5.0,0.04,5.0,0.05,15.1,0.09,21.0,0.11,5.0,0.01,0.01,616.97552,1776172782000
1776172784.409,284.409,0.97,5.0,0.96,5.0,0.95,15.1,0.91,21.0,0.89,5.0,0.98,3.82,0.99,266.09,,,,,,,0.02,3.82,0.01,266.09,,,,,,,0.03,5.0,0.04,5.0,0.05,15.1,0.09,21.0,0.11,5.0,0.01,0.01,616.98027,1776172783000
1776172784.868,284.868,0.97,5.0,0.96,5.0,0.95,15.1,0.91,21.0,0.89,5.0,0.98,3.82,0.99,266.09,,,,,,,0.02,3.82,0.01,266.09,,,,,,,0.03,5.0,0.04,5.0,0.05,15.1,0.09,21.0,0.11,5.0,0.01,0.01,616.98034,1776172784000
1776172785.573,285.573,0.97,5.0,0.96,5.0,0.95,15.1,0.91,21.0,0.89,5.0,0.99,261.09,,,,,,,,,0.02,3.82,0.01,266.09,,,,,,,0.03,5.0,0.04,5.0,0.05,15.1,0.09,21.0,0.11,5.0,0.02,0.01,616.98034,1776172784000
1776172785.97,285.97,0.97,5.0,0.96,5.0,0.95,15.1,0.91,21.0,0.89,5.0,0.99,261.09,,,,,,,,,0.01,261.09,,,,,,,,,0.03,5.0,0.04,5.0,0.05,15.1,0.09,21.0,0.11,5.0,0.02,0.02,616.956907,1776172785000
1776172786.889,286.889,0.97,5.0,0.96,5.0,0.95,15.1,0.91,21.0,0.89,5.0,0.99,261.09,,,,,,,,,0.01,261.09,,,,,,,,,0.03,5.0,0.04,5.0,0.05,15.1,0.09,21.0,0.11,5.0,0.02,0.02,616.987,1776172786000
1776172787.876,287.876,0.97,5.0,0.96,5.0,0.95,15.1,0.91,21.0,0.89,5.0,0.99,261.09,,,,,,,,,0.01,261.09,,,,,,,,,0.03,5.0,0.04,5.0,0.05,15.1,0.09,21.0,0.11,5.0,0.02,0.02,616.98075,1776172787000
1776172788.423,288.423,0.97,5.0,0.96,5.0,0.95,15.1,0.91,21.0,0.89,5.0,0.99,256.03,,,,,,,,,0.01,261.09,,,,,,,,,0.03,5.0,0.04,5.0,0.05,15.1,0.09,21.0,0.11,5.0,0.02,0.02,616.98075,1776172787000
1776172788.986,288.986,0.97,5.0,0.96,5.0,0.95,15.1,0.91,21.0,0.89,5.0,0.99,256.03,,,,,,,,,0.01,256.03,,,,,,,,,0.03,5.0,0.04,5.0,0.05,15.1,0.09,21.0,0.11,5.0,0.02,0.02,616.97866,1776172788000
1776172789.931,289.931,0.97,5.0,0.96,5.0,0.95,15.1,0.91,21.0,0.89,5.0,0.99,256.03,,,,,,,,,0.01,256.03,,,,,,,,,0.03,5.0,0.04,5.0,0.05,15.1,0.09,21.0,0.11,5.0,0.02,0.02,616.95813,1776172789000
1776172791.019,291.019,0.97,5.0,0.96,5.0,0.95,15.1,0.91,21.0,0.89,5.0,0.99,245.93,,,,,,,,,0.01,245.93,,,,,,,,,0.03,5.0,0.04,5.0,0.05,15.1,0.09,21.0,0.11,5.0,0.02,0.02,616.94513,1776172790000
1776172791.519,291.519,0.97,5.0,0.96,5.0,0.95,15.1,0.89,5.0,0.83,10.0,0.99,147.7,,,,,,,,,0.01,245.93,,,,,,,,,0.03,5.0,0.04,5.0,0.05,15.1,0.09,21.0,0.11,5.0,0.02,0.02,616.94513,1776172790000
1776172792.016,292.016,0.97,5.0,0.96,5.0,0.95,15.1,0.89,5.0,0.83,10.0,0.99,147.7,,,,,,,,,0.01,147.7,,,,,,,,,0.03,5.0,0.04,5.0,0.05,15.1,0.11,5.0,0.17,10.0,0.02,0.02,616.961241,1776172791000
1776172793.031,293.031,0.97,5.0,0.96,5.0,0.95,15.1,0.89,5.0,0.83,10.0,0.99,147.7,,,,,,,,,0.01,147.7,,,,,,,,,0.03,5.0,0.04,5.0,0.05,15.1,0.11,5.0,0.17,10.0,0.02,0.02,616.92,1776172792000
1776172793.876,293.876,0.97,5.0,0.96,5.0,0.95,15.1,0.89,5.0,0.85,10.0,0.99,122.44,,,,,,,,,0.01,142.65,,,,,,,,,0.03,5.0,0.04,5.0,0.05,15.1,0.11,5.0,0.19,50.0,0.02,0.02,616.92,1776172792000
1776172794.249,294.249,0.97,5.0,0.96,5.0,0.95,15.1,0.89,5.0,0.85,10.0,0.99,117.38,,,,,,,,,0.01,122.44,,,,,,,,,0.03,5.0,0.04,5.0,0.05,15.1,0.11,5.0,0.15,10.0,0.02,0.02,616.92,1776172792000
1776172794.516,294.516,0.97,5.0,0.96,5.0,0.95,15.1,0.89,5.0,0.85,10.0,0.99,117.38,,,,,,,,,0.01,117.38,,,,,,,,,0.03,5.0,0.04,5.0,0.05,15.1,0.11,5.0,0.15,10.0,0.02,0.02,616.916,1776172793000
1776172795.166,295.166,0.97,5.0,0.96,5.0,0.95,15.1,0.89,5.0,0.85,10.0,0.99,117.38,,,,,,,,,0.01,117.38,,,,,,,,,0.03,5.0,0.04,5.0,0.05,15.1,0.11,5.0,0.15,10.0,0.02,0.02,616.916,1776172794000
1776172795.826,295.826,0.97,5.0,0.96,5.0,0.95,25.1,0.89,5.0,0.81,50.0,0.99,115.38,,,,,,,,,0.01,117.38,,,,,,,,,0.03,5.0,0.04,5.0,0.05,15.1,0.11,5.0,0.15,10.0,0.02,0.02,616.916,1776172794000
1776172796.084,296.084,0.97,5.0,0.96,5.0,0.95,25.1,0.89,5.0,0.81,50.0,0.99,115.38,,,,,,,,,0.01,115.38,,,,,,,,,0.03,5.0,0.04,5.0,0.05,25.1,0.11,5.0,0.19,50.0,0.02,0.02,616.905528,1776172795000
1776172797.172,297.172,0.97,5.0,0.96,5.0,0.95,25.1,0.89,5.0,0.81,50.0,0.99,115.38,,,,,,,,,0.01,115.38,,,,,,,,,0.03,5.0,0.04,5.0,0.05,25.1,0.11,5.0,0.19,50.0,0.02,0.02,616.905528,1776172796000
1776172797.376,297.376,0.97,5.0,0.96,15.0,0.95,15.1,0.89,5.0,0.81,50.0,0.99,15.77,,,,,,,,,0.01,56.18,,,,,,,,,0.03,5.0,0.04,15.0,0.05,15.1,0.11,5.0,0.19,50.0,0.02,0.02,616.905528,1776172796000
1776172798.143,298.143,0.97,5.0,0.96,15.0,0.95,15.1,0.89,5.0,0.81,50.0,,,,,,,,,,,,,,,,,,,,,0.03,5.0,0.04,15.0,0.05,15.1,0.11,5.0,0.19,50.0,,,616.909,1776172797000
1776172799.071,299.071,0.97,5.0,0.96,15.0,0.95,15.1,0.89,5.0,0.81,50.0,,,,,,,,,,,,,,,,,,,,,0.03,5.0,0.04,15.0,0.05,15.1,0.11,5.0,0.19,50.0,,,616.916,1776172798000
1776172800.018,300.018,0.97,5.0,0.96,15.0,0.95,15.1,0.89,5.0,0.81,50.0,,,,,,,,,,,,,,,,,,,,,0.03,5.0,0.04,15.0,0.05,15.1,0.11,5.0,0.19,50.0,,,616.919,1776172799000
1776172800.992,300.992,0.97,5.0,0.96,15.0,0.95,15.1,0.89,5.0,0.81,50.0,,,,,,,,,,,,,,,,,,,,,0.03,5.0,0.04,15.0,0.05,15.1,0.11,5.0,0.19,50.0,,,616.922,1776172800000
1776172802.086,302.086,0.97,5.0,0.96,15.0,0.95,15.1,0.89,5.0,0.81,50.0,,,,,,,,,,,,,,,,,,,,,0.03,5.0,0.04,15.0,0.05,15.1,0.11,5.0,0.19,50.0,,,616.911,1776172801000

# RESULT,winner=Up,slug=bnb-updown-5m-1776172500,ticks=333
