timestamp,elapsed_sec,up_bid_p1,up_bid_s1,up_bid_p2,up_bid_s2,up_bid_p3,up_bid_s3,up_bid_p4,up_bid_s4,up_bid_p5,up_bid_s5,up_ask_p1,up_ask_s1,up_ask_p2,up_ask_s2,up_ask_p3,up_ask_s3,up_ask_p4,up_ask_s4,up_ask_p5,up_ask_s5,down_bid_p1,down_bid_s1,down_bid_p2,down_bid_s2,down_bid_p3,down_bid_s3,down_bid_p4,down_bid_s4,down_bid_p5,down_bid_s5,down_ask_p1,down_ask_s1,down_ask_p2,down_ask_s2,down_ask_p3,down_ask_s3,down_ask_p4,down_ask_s4,down_ask_p5,down_ask_s5,up_spread,down_spread,bnb_price,bnb_oracle_ts
1776161101.405,1.405,,,,,,,,,,,,,,,,,,,,,,,,,,,,,,,,,,,,,,,,,,,618.135,1776161100000
1776161102.022,2.022,0.33,300.0,0.31,391.0,0.27,450.0,0.25,600.0,0.21,750.0,0.52,10.0,0.67,300.0,0.69,375.0,0.73,450.0,0.75,600.0,0.44,11.0,0.33,300.0,0.31,375.0,0.27,450.0,0.25,600.0,0.65,14.0,0.67,300.0,0.69,375.0,0.73,450.0,0.75,600.0,0.19,0.21,618.135,1776161100000
1776161103.377,3.377,0.33,300.0,0.31,391.0,0.27,450.0,0.25,600.0,0.21,750.0,0.52,10.0,0.67,300.0,0.69,375.0,0.73,450.0,0.75,600.0,0.48,10.0,0.33,300.0,0.31,375.0,0.27,450.0,0.25,600.0,0.67,300.0,0.69,391.0,0.73,450.0,0.75,600.0,0.79,750.0,0.19,0.19,618.116,1776161102000
1776161103.985,3.985,0.33,300.0,0.31,391.0,0.27,450.0,0.25,600.0,0.21,750.0,0.52,10.0,0.67,300.0,0.69,375.0,0.73,450.0,0.75,600.0,0.48,10.0,0.33,300.0,0.31,375.0,0.27,450.0,0.25,600.0,0.67,300.0,0.69,391.0,0.73,450.0,0.75,600.0,0.79,750.0,0.19,0.19,618.116,1776161103000
1776161105.341,5.341,0.33,300.0,0.31,391.0,0.27,450.0,0.25,600.0,0.21,750.0,0.52,10.0,0.67,300.0,0.69,375.0,0.73,450.0,0.75,600.0,0.48,10.0,0.33,300.0,0.31,375.0,0.27,450.0,0.25,600.0,0.67,300.0,0.69,391.0,0.73,450.0,0.75,600.0,0.79,750.0,0.19,0.19,618.096,1776161104000
1776161106.592,6.592,0.33,300.0,0.31,391.0,0.27,450.0,0.25,600.0,0.21,750.0,0.52,10.0,0.67,300.0,0.69,375.0,0.73,450.0,0.75,600.0,0.48,10.0,0.33,300.0,0.31,375.0,0.27,450.0,0.25,600.0,0.67,300.0,0.69,391.0,0.73,450.0,0.75,600.0,0.79,750.0,0.19,0.19,618.147,1776161105000
1776161107.245,7.245,0.33,300.0,0.31,391.0,0.27,450.0,0.25,600.0,0.21,750.0,0.52,10.0,0.67,300.0,0.69,375.0,0.73,450.0,0.75,600.0,0.48,10.0,0.33,300.0,0.31,375.0,0.27,450.0,0.25,600.0,0.67,300.0,0.69,391.0,0.73,450.0,0.75,600.0,0.79,750.0,0.19,0.19,618.141,1776161106000
1776161108.739,8.739,0.33,300.0,0.31,391.0,0.27,450.0,0.25,600.0,0.21,750.0,0.52,10.0,0.67,300.0,0.69,375.0,0.73,450.0,0.75,600.0,0.48,10.0,0.33,300.0,0.31,375.0,0.27,450.0,0.25,600.0,0.67,300.0,0.69,391.0,0.73,450.0,0.75,600.0,0.79,750.0,0.19,0.19,618.15,1776161107000
1776161109.804,9.804,0.33,300.0,0.31,391.0,0.27,450.0,0.25,600.0,0.21,750.0,0.52,10.0,0.67,300.0,0.69,375.0,0.73,450.0,0.75,600.0,0.48,10.0,0.33,300.0,0.31,375.0,0.27,450.0,0.25,600.0,0.67,300.0,0.69,391.0,0.73,450.0,0.75,600.0,0.79,750.0,0.19,0.19,618.159,1776161108000
1776161110.062,10.062,0.58,5.0,0.41,50.0,0.38,5.0,0.31,50.0,0.21,800.0,0.66,0.5,0.68,5.0,0.69,5.0,0.71,50.0,0.79,750.0,0.48,10.0,0.33,300.0,0.31,375.0,0.27,450.0,0.25,600.0,0.67,300.0,0.69,391.0,0.73,450.0,0.75,600.0,0.79,750.0,0.08,0.19,618.159,1776161108000
1776161110.391,10.391,0.58,5.0,0.41,50.0,0.38,5.0,0.31,50.0,0.21,800.0,0.66,0.5,0.68,5.0,0.69,5.0,0.71,50.0,0.79,750.0,0.34,0.5,0.32,5.0,0.31,5.0,0.29,50.0,0.21,750.0,0.42,5.0,0.59,50.0,0.62,5.0,0.69,50.0,0.79,800.0,0.08,0.08,618.161,1776161109000
1776161111.34,11.34,0.58,5.0,0.41,50.0,0.38,5.0,0.31,50.0,0.21,800.0,0.66,0.5,0.68,5.0,0.69,5.0,0.71,50.0,0.79,750.0,0.34,0.5,0.32,5.0,0.31,5.0,0.29,50.0,0.21,750.0,0.42,5.0,0.59,50.0,0.62,5.0,0.69,50.0,0.79,800.0,0.08,0.08,618.173,1776161110000
1776161112.051,12.051,0.58,5.0,0.41,50.0,0.38,5.0,0.31,50.0,0.21,800.0,0.66,0.5,0.68,5.0,0.69,5.0,0.71,50.0,0.79,750.0,0.34,0.5,0.32,5.0,0.31,5.0,0.29,50.0,0.21,750.0,0.42,5.0,0.59,50.0,0.62,5.0,0.69,50.0,0.79,800.0,0.08,0.08,618.22156,1776161111000
1776161113.407,13.407,0.58,5.0,0.41,50.0,0.38,5.0,0.31,50.0,0.21,800.0,0.66,0.5,0.68,5.0,0.69,5.0,0.71,50.0,0.79,750.0,0.34,0.5,0.32,5.0,0.31,5.0,0.29,50.0,0.21,750.0,0.42,5.0,0.59,50.0,0.62,5.0,0.69,50.0,0.79,800.0,0.08,0.08,618.241,1776161112000
1776161114.096,14.096,0.58,5.0,0.41,50.0,0.38,5.0,0.31,50.0,0.21,800.0,0.66,0.5,0.68,5.0,0.69,5.0,0.71,50.0,0.79,750.0,0.34,0.5,0.32,5.0,0.31,5.0,0.29,50.0,0.21,750.0,0.42,5.0,0.59,50.0,0.62,5.0,0.69,50.0,0.79,800.0,0.08,0.08,618.241,1776161113000
1776161115.351,15.351,0.58,5.0,0.41,50.0,0.38,5.0,0.31,50.0,0.21,800.0,0.66,0.5,0.68,5.0,0.69,5.0,0.71,50.0,0.79,750.0,0.34,0.5,0.32,5.0,0.31,5.0,0.29,50.0,0.21,750.0,0.42,5.0,0.59,50.0,0.62,5.0,0.69,50.0,0.79,800.0,0.08,0.08,618.237,1776161114000
1776161116.404,16.404,0.58,5.0,0.41,50.0,0.38,5.0,0.31,50.0,0.21,800.0,0.66,0.5,0.68,5.0,0.69,5.0,0.71,50.0,0.79,750.0,0.34,0.5,0.32,5.0,0.31,5.0,0.29,50.0,0.21,750.0,0.42,5.0,0.59,50.0,0.62,5.0,0.69,50.0,0.79,800.0,0.08,0.08,618.249,1776161115000
1776161116.955,16.955,0.58,5.0,0.41,50.0,0.38,5.0,0.31,50.0,0.21,800.0,0.66,0.5,0.68,5.0,0.69,5.0,0.71,50.0,0.79,750.0,0.34,0.5,0.32,5.0,0.31,5.0,0.29,50.0,0.21,750.0,0.42,5.0,0.59,50.0,0.62,5.0,0.69,50.0,0.79,800.0,0.08,0.08,618.26,1776161116000
1776161118.21,18.21,0.58,5.0,0.41,50.0,0.38,5.0,0.31,50.0,0.21,800.0,0.66,0.5,0.68,5.0,0.69,5.0,0.71,50.0,0.79,750.0,0.34,0.5,0.32,5.0,0.31,5.0,0.29,50.0,0.21,750.0,0.42,5.0,0.59,50.0,0.62,5.0,0.69,50.0,0.79,800.0,0.08,0.08,618.286,1776161117000
1776161119.257,19.257,0.58,5.0,0.41,50.0,0.38,5.0,0.31,50.0,0.21,800.0,0.66,0.5,0.68,5.0,0.69,5.0,0.71,50.0,0.79,750.0,0.34,0.5,0.32,5.0,0.31,5.0,0.29,50.0,0.21,750.0,0.42,5.0,0.59,50.0,0.62,5.0,0.69,50.0,0.79,800.0,0.08,0.08,618.278,1776161118000
1776161120.37,20.37,0.58,5.0,0.41,50.0,0.38,5.0,0.31,50.0,0.21,800.0,0.66,0.5,0.68,5.0,0.69,5.0,0.71,50.0,0.79,750.0,0.34,0.5,0.32,5.0,0.31,5.0,0.29,50.0,0.21,750.0,0.42,5.0,0.59,50.0,0.62,5.0,0.69,50.0,0.79,800.0,0.08,0.08,618.234081,1776161119000
1776161121.01,21.01,0.58,5.0,0.41,50.0,0.38,5.0,0.31,50.0,0.21,800.0,0.66,0.5,0.68,5.0,0.69,5.0,0.71,50.0,0.79,750.0,0.34,0.5,0.32,5.0,0.31,5.0,0.29,50.0,0.21,750.0,0.42,5.0,0.59,50.0,0.62,5.0,0.69,50.0,0.79,800.0,0.08,0.08,618.25361,1776161120000
1776161122.061,22.061,0.58,5.0,0.41,50.0,0.38,5.0,0.31,50.0,0.21,800.0,0.66,0.5,0.68,5.0,0.69,5.0,0.71,50.0,0.79,750.0,0.34,0.5,0.32,5.0,0.31,5.0,0.29,50.0,0.21,750.0,0.42,5.0,0.59,50.0,0.62,5.0,0.69,50.0,0.79,800.0,0.08,0.08,618.25361,1776161121000
1776161123.24,23.24,0.58,5.0,0.41,50.0,0.38,5.0,0.31,50.0,0.21,800.0,0.66,0.5,0.68,5.0,0.69,5.0,0.71,50.0,0.79,750.0,0.34,0.5,0.32,5.0,0.31,5.0,0.29,50.0,0.21,750.0,0.42,5.0,0.59,50.0,0.62,5.0,0.69,50.0,0.79,800.0,0.08,0.08,618.25361,1776161122000
1776161124.727,24.727,0.58,5.0,0.41,50.0,0.38,5.0,0.31,50.0,0.21,800.0,0.66,0.5,0.68,5.0,0.69,5.0,0.71,50.0,0.79,750.0,0.34,0.5,0.32,5.0,0.31,5.0,0.29,50.0,0.21,750.0,0.42,5.0,0.59,50.0,0.62,5.0,0.69,50.0,0.79,800.0,0.08,0.08,618.25361,1776161123000
1776161125.507,25.507,0.7,5.0,0.68,5.0,0.67,5.0,0.66,5.0,0.65,5.0,0.73,18.0,0.75,10.0,0.8,10.0,0.81,60.0,0.89,100.0,0.27,18.0,0.25,10.0,0.2,10.0,0.19,60.0,0.11,100.0,0.3,5.0,0.32,5.0,0.33,5.0,0.34,5.0,0.35,5.0,0.03,0.03,618.256059,1776161124000
1776161126.123,26.123,0.7,5.0,0.68,5.0,0.67,5.0,0.66,5.0,0.65,5.0,0.73,18.0,0.75,10.0,0.8,10.0,0.81,60.0,0.89,100.0,0.27,18.0,0.25,10.0,0.2,10.0,0.19,60.0,0.11,100.0,0.3,5.0,0.32,5.0,0.33,5.0,0.34,5.0,0.35,5.0,0.03,0.03,618.256059,1776161125000
1776161127.647,27.647,0.7,5.0,0.68,5.0,0.67,5.0,0.66,5.0,0.65,5.0,0.73,18.0,0.75,10.0,0.8,10.0,0.81,60.0,0.89,100.0,0.27,18.0,0.25,10.0,0.2,10.0,0.19,60.0,0.11,100.0,0.3,5.0,0.32,5.0,0.33,5.0,0.34,5.0,0.35,5.0,0.03,0.03,618.256059,1776161126000
1776161128.376,28.376,0.7,5.0,0.68,5.0,0.67,5.0,0.66,5.0,0.65,5.0,0.73,18.0,0.75,10.0,0.8,10.0,0.81,60.0,0.89,100.0,0.27,18.0,0.25,10.0,0.2,10.0,0.19,60.0,0.11,100.0,0.3,5.0,0.32,5.0,0.33,5.0,0.34,5.0,0.35,5.0,0.03,0.03,618.255053,1776161127000
1776161129.096,29.096,0.7,5.0,0.68,5.0,0.67,5.0,0.66,5.0,0.65,5.0,0.73,18.0,0.75,10.0,0.8,10.0,0.81,60.0,0.89,100.0,0.27,18.0,0.25,10.0,0.2,10.0,0.19,60.0,0.11,100.0,0.3,5.0,0.32,5.0,0.33,5.0,0.34,5.0,0.35,5.0,0.03,0.03,618.255053,1776161128000
1776161130.37,30.37,0.69,5.0,0.68,5.0,0.67,5.0,0.66,5.0,0.65,5.0,0.72,10.0,0.73,18.0,0.8,10.0,0.81,60.0,0.89,100.0,0.28,10.0,0.27,18.0,0.2,10.0,0.19,60.0,0.11,100.0,0.31,5.0,0.32,5.0,0.33,5.0,0.34,5.0,0.35,5.0,0.03,0.03,618.255053,1776161129000
1776161131.037,31.037,0.69,5.0,0.68,5.0,0.67,5.0,0.66,5.0,0.65,5.0,0.72,10.0,0.73,18.0,0.8,10.0,0.81,60.0,0.89,100.0,0.28,10.0,0.27,18.0,0.2,10.0,0.19,60.0,0.11,100.0,0.31,5.0,0.32,5.0,0.33,5.0,0.34,5.0,0.35,5.0,0.03,0.03,618.255556,1776161130000
1776161132.277,32.277,0.69,5.0,0.68,5.0,0.67,5.0,0.66,5.0,0.65,5.0,0.72,10.0,0.73,18.0,0.8,10.0,0.81,60.0,0.89,100.0,0.28,10.0,0.27,18.0,0.2,10.0,0.19,60.0,0.11,100.0,0.31,5.0,0.32,5.0,0.33,5.0,0.34,5.0,0.35,5.0,0.03,0.03,618.256,1776161131000
1776161132.963,32.963,0.69,5.0,0.68,5.0,0.67,5.0,0.66,5.0,0.65,5.0,0.72,10.0,0.73,18.0,0.8,10.0,0.81,60.0,0.89,100.0,0.28,10.0,0.27,18.0,0.2,10.0,0.19,60.0,0.11,100.0,0.31,5.0,0.32,5.0,0.33,5.0,0.34,5.0,0.35,5.0,0.03,0.03,618.255556,1776161132000
1776161134.206,34.206,0.69,5.0,0.68,5.0,0.67,5.0,0.66,5.0,0.65,5.0,0.72,10.0,0.73,18.0,0.8,10.0,0.81,60.0,0.89,100.0,0.28,10.0,0.27,18.0,0.2,10.0,0.19,60.0,0.11,100.0,0.31,5.0,0.32,5.0,0.33,5.0,0.34,5.0,0.35,5.0,0.03,0.03,618.246,1776161133000
1776161135.581,35.581,0.69,5.0,0.68,5.0,0.67,5.0,0.66,5.0,0.65,5.0,0.72,10.0,0.73,18.0,0.8,10.0,0.81,60.0,0.89,100.0,0.28,10.0,0.27,18.0,0.2,10.0,0.19,60.0,0.11,100.0,0.31,5.0,0.32,5.0,0.33,5.0,0.34,5.0,0.35,5.0,0.03,0.03,618.218,1776161134000
1776161136.252,36.252,0.69,5.0,0.68,5.0,0.67,5.0,0.66,5.0,0.65,5.0,0.72,10.0,0.73,18.0,0.8,10.0,0.81,60.0,0.89,100.0,0.28,10.0,0.27,18.0,0.2,10.0,0.19,60.0,0.11,100.0,0.31,5.0,0.32,5.0,0.33,5.0,0.34,5.0,0.35,5.0,0.03,0.03,618.218,1776161135000
1776161137.616,37.616,0.69,5.0,0.68,5.0,0.67,5.0,0.66,5.0,0.65,5.0,0.72,10.0,0.73,18.0,0.8,10.0,0.81,60.0,0.89,100.0,0.28,10.0,0.27,18.0,0.2,10.0,0.19,60.0,0.11,100.0,0.31,5.0,0.32,5.0,0.33,5.0,0.34,5.0,0.35,5.0,0.03,0.03,618.225,1776161136000
1776161138.196,38.196,0.69,5.0,0.68,5.0,0.67,5.0,0.66,5.0,0.65,5.0,0.72,10.0,0.73,18.0,0.8,10.0,0.81,60.0,0.89,100.0,0.28,10.0,0.27,18.0,0.2,10.0,0.19,60.0,0.11,100.0,0.31,5.0,0.32,5.0,0.33,5.0,0.34,5.0,0.35,5.0,0.03,0.03,618.225,1776161137000
1776161139.6,39.6,0.69,5.0,0.68,5.0,0.67,5.0,0.66,5.0,0.65,5.0,0.72,10.0,0.73,18.0,0.8,10.0,0.81,60.0,0.89,100.0,0.28,10.0,0.27,18.0,0.2,10.0,0.19,60.0,0.11,100.0,0.31,5.0,0.32,5.0,0.33,5.0,0.34,5.0,0.35,5.0,0.03,0.03,618.206,1776161138000
1776161140.237,40.237,0.69,5.0,0.68,5.0,0.67,5.0,0.66,5.0,0.65,5.0,0.72,10.0,0.73,18.0,0.8,10.0,0.81,60.0,0.89,100.0,0.28,10.0,0.27,18.0,0.2,10.0,0.19,60.0,0.11,100.0,0.31,5.0,0.32,5.0,0.33,5.0,0.34,5.0,0.35,5.0,0.03,0.03,618.206,1776161139000
1776161141.818,41.818,0.69,5.0,0.68,5.0,0.67,5.0,0.66,5.0,0.65,5.0,0.72,10.0,0.73,18.0,0.8,10.0,0.81,60.0,0.89,100.0,0.28,10.0,0.27,18.0,0.2,10.0,0.19,60.0,0.11,100.0,0.31,5.0,0.32,5.0,0.33,5.0,0.34,5.0,0.35,5.0,0.03,0.03,618.121,1776161140000
1776161142.41,42.41,0.69,5.0,0.68,5.0,0.67,5.0,0.66,5.0,0.65,5.0,0.72,10.0,0.73,18.0,0.8,10.0,0.81,60.0,0.89,100.0,0.28,10.0,0.27,18.0,0.2,10.0,0.19,60.0,0.11,100.0,0.31,5.0,0.32,5.0,0.33,5.0,0.34,5.0,0.35,5.0,0.03,0.03,618.142,1776161141000
1776161142.958,42.958,0.69,5.0,0.68,5.0,0.67,5.0,0.66,5.0,0.65,5.0,0.72,10.0,0.73,18.0,0.8,10.0,0.81,60.0,0.89,100.0,0.28,10.0,0.27,18.0,0.2,10.0,0.19,60.0,0.11,100.0,0.31,5.0,0.32,5.0,0.33,5.0,0.34,5.0,0.35,5.0,0.03,0.03,618.142,1776161142000
1776161144.101,44.101,0.69,5.0,0.68,5.0,0.67,5.0,0.66,5.0,0.65,5.0,0.72,10.0,0.73,18.0,0.8,10.0,0.81,60.0,0.89,100.0,0.28,10.0,0.27,18.0,0.2,10.0,0.19,60.0,0.11,100.0,0.31,5.0,0.32,5.0,0.33,5.0,0.34,5.0,0.35,5.0,0.03,0.03,618.189,1776161143000
1776161145.305,45.305,0.69,5.0,0.68,5.0,0.67,5.0,0.66,5.0,0.65,5.0,0.72,10.0,0.73,18.0,0.8,10.0,0.81,60.0,0.89,100.0,0.28,10.0,0.27,18.0,0.2,10.0,0.19,60.0,0.11,100.0,0.31,5.0,0.32,5.0,0.33,5.0,0.34,5.0,0.35,5.0,0.03,0.03,618.152,1776161144000
1776161146.35,46.35,0.69,5.0,0.68,5.0,0.67,5.0,0.66,5.0,0.65,5.0,0.72,10.0,0.73,18.0,0.8,10.0,0.81,60.0,0.89,100.0,0.28,10.0,0.27,18.0,0.2,10.0,0.19,60.0,0.11,100.0,0.31,5.0,0.32,5.0,0.33,5.0,0.34,5.0,0.35,5.0,0.03,0.03,618.152,1776161145000
1776161147.511,47.511,0.69,5.0,0.68,5.0,0.67,5.0,0.66,5.0,0.65,5.0,0.72,10.0,0.73,18.0,0.8,10.0,0.81,60.0,0.89,100.0,0.28,10.0,0.27,18.0,0.2,10.0,0.19,60.0,0.11,100.0,0.31,5.0,0.32,5.0,0.33,5.0,0.34,5.0,0.35,5.0,0.03,0.03,618.146,1776161146000
1776161148.081,48.081,0.69,5.0,0.68,5.0,0.67,5.0,0.66,5.0,0.65,5.0,0.72,10.0,0.73,18.0,0.8,10.0,0.81,60.0,0.89,100.0,0.28,10.0,0.27,18.0,0.2,10.0,0.19,60.0,0.11,100.0,0.31,5.0,0.32,5.0,0.33,5.0,0.34,5.0,0.35,5.0,0.03,0.03,618.148,1776161147000
1776161149.261,49.261,0.69,5.0,0.68,5.0,0.67,5.0,0.66,5.0,0.65,5.0,0.72,10.0,0.73,18.0,0.8,10.0,0.81,60.0,0.89,100.0,0.28,10.0,0.27,18.0,0.2,10.0,0.19,60.0,0.11,100.0,0.31,5.0,0.32,5.0,0.33,5.0,0.34,5.0,0.35,5.0,0.03,0.03,618.154,1776161148000
1776161150.397,50.397,0.69,5.0,0.68,5.0,0.67,5.0,0.66,5.0,0.65,5.0,0.72,10.0,0.73,18.0,0.8,10.0,0.81,60.0,0.89,100.0,0.28,10.0,0.27,18.0,0.2,10.0,0.19,60.0,0.11,100.0,0.31,5.0,0.32,5.0,0.33,5.0,0.34,5.0,0.35,5.0,0.03,0.03,618.153,1776161149000
1776161150.953,50.953,0.69,5.0,0.68,5.0,0.67,5.0,0.66,5.0,0.65,5.0,0.72,10.0,0.73,18.0,0.8,10.0,0.81,60.0,0.89,100.0,0.28,10.0,0.27,18.0,0.2,10.0,0.19,60.0,0.11,100.0,0.31,5.0,0.32,5.0,0.33,5.0,0.34,5.0,0.35,5.0,0.03,0.03,618.153,1776161150000
1776161152.03,52.03,0.69,5.0,0.68,5.0,0.67,5.0,0.66,5.0,0.65,5.0,0.72,10.0,0.73,18.0,0.8,10.0,0.81,60.0,0.89,100.0,0.28,10.0,0.27,18.0,0.2,10.0,0.19,60.0,0.11,100.0,0.31,5.0,0.32,5.0,0.33,5.0,0.34,5.0,0.35,5.0,0.03,0.03,618.184,1776161151000
1776161153.176,53.176,0.69,5.0,0.68,5.0,0.67,5.0,0.66,5.0,0.65,5.0,0.72,10.0,0.73,18.0,0.8,10.0,0.81,60.0,0.89,100.0,0.28,10.0,0.27,18.0,0.2,10.0,0.19,60.0,0.11,100.0,0.31,5.0,0.32,5.0,0.33,5.0,0.34,5.0,0.35,5.0,0.03,0.03,618.181,1776161152000
1776161154.186,54.186,0.69,5.0,0.68,5.0,0.67,5.0,0.66,5.0,0.65,5.0,0.72,10.0,0.73,18.0,0.8,10.0,0.81,60.0,0.89,100.0,0.28,10.0,0.27,18.0,0.2,10.0,0.19,60.0,0.11,100.0,0.31,5.0,0.32,5.0,0.33,5.0,0.34,5.0,0.35,5.0,0.03,0.03,618.18,1776161153000
1776161155.238,55.238,0.69,5.0,0.68,5.0,0.67,5.0,0.66,5.0,0.65,5.0,0.72,10.0,0.73,18.0,0.8,10.0,0.81,60.0,0.89,100.0,0.28,10.0,0.27,18.0,0.2,10.0,0.19,60.0,0.11,100.0,0.31,5.0,0.32,5.0,0.33,5.0,0.34,5.0,0.35,5.0,0.03,0.03,618.18,1776161154000
1776161156.345,56.345,0.69,5.0,0.68,5.0,0.67,5.0,0.66,5.0,0.65,5.0,0.72,10.0,0.73,18.0,0.8,10.0,0.81,60.0,0.89,100.0,0.28,10.0,0.27,18.0,0.2,10.0,0.19,60.0,0.11,100.0,0.31,5.0,0.32,5.0,0.33,5.0,0.34,5.0,0.35,5.0,0.03,0.03,618.191,1776161155000
1776161157.293,57.293,0.69,5.0,0.68,5.0,0.67,5.0,0.66,5.0,0.65,5.0,0.72,10.0,0.73,18.0,0.8,10.0,0.81,60.0,0.89,100.0,0.28,10.0,0.27,18.0,0.2,10.0,0.19,60.0,0.11,100.0,0.31,5.0,0.32,5.0,0.33,5.0,0.34,5.0,0.35,5.0,0.03,0.03,618.191,1776161156000
1776161157.88,57.88,0.69,5.0,0.68,5.0,0.67,5.0,0.66,5.0,0.65,5.0,0.72,10.0,0.73,18.0,0.8,10.0,0.81,60.0,0.89,100.0,0.28,10.0,0.27,18.0,0.2,10.0,0.19,60.0,0.11,100.0,0.31,5.0,0.32,5.0,0.33,5.0,0.34,5.0,0.35,5.0,0.03,0.03,618.182,1776161157000
1776161158.917,58.917,0.69,5.0,0.68,5.0,0.67,5.0,0.66,5.0,0.65,5.0,0.72,10.0,0.73,18.0,0.8,10.0,0.81,60.0,0.89,100.0,0.28,10.0,0.27,18.0,0.2,10.0,0.19,60.0,0.11,100.0,0.31,5.0,0.32,5.0,0.33,5.0,0.34,5.0,0.35,5.0,0.03,0.03,618.183,1776161158000
1776161159.915,59.915,0.69,5.0,0.68,5.0,0.67,5.0,0.66,5.0,0.65,5.0,0.72,10.0,0.73,18.0,0.8,10.0,0.81,60.0,0.89,100.0,0.28,10.0,0.27,18.0,0.2,10.0,0.19,60.0,0.11,100.0,0.31,5.0,0.32,5.0,0.33,5.0,0.34,5.0,0.35,5.0,0.03,0.03,618.189,1776161159000
1776161160.902,60.902,0.69,5.0,0.68,5.0,0.67,5.0,0.66,5.0,0.65,5.0,0.72,10.0,0.73,18.0,0.8,10.0,0.81,60.0,0.89,100.0,0.28,10.0,0.27,18.0,0.2,10.0,0.19,60.0,0.11,100.0,0.31,5.0,0.32,5.0,0.33,5.0,0.34,5.0,0.35,5.0,0.03,0.03,618.188,1776161160000
1776161161.925,61.925,0.69,5.0,0.68,5.0,0.67,5.0,0.66,5.0,0.65,5.0,0.72,10.0,0.73,18.0,0.8,10.0,0.81,60.0,0.89,100.0,0.28,10.0,0.27,18.0,0.2,10.0,0.19,60.0,0.11,100.0,0.31,5.0,0.32,5.0,0.33,5.0,0.34,5.0,0.35,5.0,0.03,0.03,618.192,1776161161000
1776161162.983,62.983,0.69,5.0,0.68,5.0,0.67,5.0,0.66,5.0,0.65,5.0,0.72,10.0,0.73,18.0,0.8,10.0,0.81,60.0,0.89,100.0,0.28,10.0,0.27,18.0,0.2,10.0,0.19,60.0,0.11,100.0,0.31,5.0,0.32,5.0,0.33,5.0,0.34,5.0,0.35,5.0,0.03,0.03,618.191,1776161162000
1776161163.909,63.909,0.69,5.0,0.68,5.0,0.67,5.0,0.66,5.0,0.65,5.0,0.72,10.0,0.73,18.0,0.8,10.0,0.81,60.0,0.89,100.0,0.28,10.0,0.27,18.0,0.2,10.0,0.19,60.0,0.11,100.0,0.31,5.0,0.32,5.0,0.33,5.0,0.34,5.0,0.35,5.0,0.03,0.03,618.194,1776161163000
1776161164.972,64.972,0.69,5.0,0.68,5.0,0.67,5.0,0.66,5.0,0.65,5.0,0.72,10.0,0.73,18.0,0.8,10.0,0.81,60.0,0.89,100.0,0.28,10.0,0.27,18.0,0.2,10.0,0.19,60.0,0.11,100.0,0.31,5.0,0.32,5.0,0.33,5.0,0.34,5.0,0.35,5.0,0.03,0.03,618.2,1776161164000
1776161165.87,65.87,0.69,5.0,0.68,5.0,0.67,5.0,0.66,5.0,0.65,5.0,0.72,10.0,0.73,18.0,0.8,10.0,0.81,60.0,0.89,100.0,0.28,10.0,0.27,18.0,0.2,10.0,0.19,60.0,0.11,100.0,0.31,5.0,0.32,5.0,0.33,5.0,0.34,5.0,0.35,5.0,0.03,0.03,618.201,1776161165000
1776161166.84,66.84,0.69,5.0,0.68,5.0,0.67,5.0,0.66,5.0,0.65,5.0,0.72,10.0,0.73,18.0,0.8,10.0,0.81,60.0,0.89,100.0,0.28,10.0,0.27,18.0,0.2,10.0,0.19,60.0,0.11,100.0,0.31,5.0,0.32,5.0,0.33,5.0,0.34,5.0,0.35,5.0,0.03,0.03,618.193,1776161166000
1776161167.943,67.943,0.69,5.0,0.68,5.0,0.67,5.0,0.66,5.0,0.65,5.0,0.72,10.0,0.73,18.0,0.8,10.0,0.81,60.0,0.89,100.0,0.28,10.0,0.27,18.0,0.2,10.0,0.19,60.0,0.11,100.0,0.31,5.0,0.32,5.0,0.33,5.0,0.34,5.0,0.35,5.0,0.03,0.03,618.197,1776161167000
1776161169.198,69.198,0.69,5.0,0.68,5.0,0.67,5.0,0.66,5.0,0.65,5.0,0.72,10.0,0.73,18.0,0.8,10.0,0.81,60.0,0.89,100.0,0.28,10.0,0.27,18.0,0.2,10.0,0.19,60.0,0.11,100.0,0.31,5.0,0.32,5.0,0.33,5.0,0.34,5.0,0.35,5.0,0.03,0.03,618.224,1776161168000
1776161170.086,70.086,0.69,5.0,0.68,5.0,0.67,5.0,0.66,5.0,0.65,5.0,0.72,10.0,0.73,18.0,0.8,10.0,0.81,60.0,0.89,100.0,0.28,10.0,0.27,18.0,0.2,10.0,0.19,60.0,0.11,100.0,0.31,5.0,0.32,5.0,0.33,5.0,0.34,5.0,0.35,5.0,0.03,0.03,618.236,1776161169000
1776161171.336,71.336,0.69,5.0,0.68,5.0,0.67,5.0,0.66,5.0,0.65,5.0,0.72,10.0,0.73,18.0,0.8,10.0,0.81,60.0,0.89,100.0,0.28,10.0,0.27,18.0,0.2,10.0,0.19,60.0,0.11,100.0,0.31,5.0,0.32,5.0,0.33,5.0,0.34,5.0,0.35,5.0,0.03,0.03,618.257,1776161170000
1776161172.39,72.39,0.69,5.0,0.68,5.0,0.67,5.0,0.66,5.0,0.65,5.0,0.72,10.0,0.73,18.0,0.8,10.0,0.81,60.0,0.89,100.0,0.28,10.0,0.27,18.0,0.2,10.0,0.19,60.0,0.11,100.0,0.31,5.0,0.32,5.0,0.33,5.0,0.34,5.0,0.35,5.0,0.03,0.03,618.234,1776161171000
1776161172.967,72.967,0.69,5.0,0.68,5.0,0.67,5.0,0.66,5.0,0.65,5.0,0.72,10.0,0.73,18.0,0.8,10.0,0.81,60.0,0.89,100.0,0.28,10.0,0.27,18.0,0.2,10.0,0.19,60.0,0.11,100.0,0.31,5.0,0.32,5.0,0.33,5.0,0.34,5.0,0.35,5.0,0.03,0.03,618.234,1776161172000
1776161174.063,74.063,0.69,5.0,0.68,5.0,0.67,5.0,0.66,5.0,0.65,5.0,0.72,10.0,0.73,18.0,0.8,10.0,0.81,60.0,0.89,100.0,0.28,10.0,0.27,18.0,0.2,10.0,0.19,60.0,0.11,100.0,0.31,5.0,0.32,5.0,0.33,5.0,0.34,5.0,0.35,5.0,0.03,0.03,618.266,1776161173000
1776161175.092,75.092,0.69,5.0,0.68,5.0,0.67,5.0,0.66,5.0,0.65,5.0,0.72,10.0,0.73,18.0,0.8,10.0,0.81,60.0,0.89,100.0,0.28,10.0,0.27,18.0,0.2,10.0,0.19,60.0,0.11,100.0,0.31,5.0,0.32,5.0,0.33,5.0,0.34,5.0,0.35,5.0,0.03,0.03,618.261,1776161174000
1776161176.479,76.479,0.69,5.0,0.68,5.0,0.67,5.0,0.66,5.0,0.65,5.0,0.72,10.0,0.73,18.0,0.8,10.0,0.81,60.0,0.89,100.0,0.28,10.0,0.27,18.0,0.2,10.0,0.19,60.0,0.11,100.0,0.31,5.0,0.32,5.0,0.33,5.0,0.34,5.0,0.35,5.0,0.03,0.03,618.262,1776161175000
1776161177.031,77.031,0.69,5.0,0.68,5.0,0.67,5.0,0.66,5.0,0.65,5.0,0.72,10.0,0.73,18.0,0.8,10.0,0.81,60.0,0.89,100.0,0.28,10.0,0.27,18.0,0.2,10.0,0.19,60.0,0.11,100.0,0.31,5.0,0.32,5.0,0.33,5.0,0.34,5.0,0.35,5.0,0.03,0.03,618.261,1776161176000
1776161178.372,78.372,0.69,5.0,0.68,5.0,0.67,5.0,0.66,5.0,0.65,5.0,0.72,10.0,0.73,18.0,0.8,10.0,0.81,60.0,0.89,100.0,0.28,10.0,0.27,18.0,0.2,10.0,0.19,60.0,0.11,100.0,0.31,5.0,0.32,5.0,0.33,5.0,0.34,5.0,0.35,5.0,0.03,0.03,618.257,1776161177000
1776161178.896,78.896,0.69,5.0,0.68,5.0,0.67,5.0,0.66,5.0,0.65,5.0,0.72,10.0,0.73,18.0,0.8,10.0,0.81,60.0,0.89,100.0,0.28,10.0,0.27,18.0,0.2,10.0,0.19,60.0,0.11,100.0,0.31,5.0,0.32,5.0,0.33,5.0,0.34,5.0,0.35,5.0,0.03,0.03,618.258,1776161178000
1776161179.994,79.994,0.69,5.0,0.68,5.0,0.67,5.0,0.66,5.0,0.65,5.0,0.72,10.0,0.73,18.0,0.8,10.0,0.81,60.0,0.89,100.0,0.28,10.0,0.27,18.0,0.2,10.0,0.19,60.0,0.11,100.0,0.31,5.0,0.32,5.0,0.33,5.0,0.34,5.0,0.35,5.0,0.03,0.03,618.258,1776161179000
1776161181.196,81.196,0.69,5.0,0.68,5.0,0.67,5.0,0.66,5.0,0.65,5.0,0.72,10.0,0.73,18.0,0.8,10.0,0.81,60.0,0.89,100.0,0.28,10.0,0.27,18.0,0.2,10.0,0.19,60.0,0.11,100.0,0.31,5.0,0.32,5.0,0.33,5.0,0.34,5.0,0.35,5.0,0.03,0.03,618.228,1776161180000
1776161182.399,82.399,0.69,5.0,0.68,5.0,0.67,5.0,0.66,5.0,0.65,5.0,0.72,10.0,0.73,18.0,0.8,10.0,0.81,60.0,0.89,100.0,0.28,10.0,0.27,18.0,0.2,10.0,0.19,60.0,0.11,100.0,0.31,5.0,0.32,5.0,0.33,5.0,0.34,5.0,0.35,5.0,0.03,0.03,618.184,1776161181000
1776161182.947,82.947,0.69,5.0,0.68,5.0,0.67,5.0,0.66,5.0,0.65,5.0,0.72,10.0,0.73,18.0,0.8,10.0,0.81,60.0,0.89,100.0,0.28,10.0,0.27,18.0,0.2,10.0,0.19,60.0,0.11,100.0,0.31,5.0,0.32,5.0,0.33,5.0,0.34,5.0,0.35,5.0,0.03,0.03,618.184,1776161182000
1776161183.961,83.961,0.69,5.0,0.68,5.0,0.67,5.0,0.66,5.0,0.65,5.0,0.72,10.0,0.73,18.0,0.8,10.0,0.81,60.0,0.89,100.0,0.28,10.0,0.27,18.0,0.2,10.0,0.19,60.0,0.11,100.0,0.31,5.0,0.32,5.0,0.33,5.0,0.34,5.0,0.35,5.0,0.03,0.03,618.18,1776161183000
1776161184.888,84.888,0.69,5.0,0.68,5.0,0.67,5.0,0.66,5.0,0.65,5.0,0.72,10.0,0.73,18.0,0.8,10.0,0.81,60.0,0.89,100.0,0.28,10.0,0.27,18.0,0.2,10.0,0.19,60.0,0.11,100.0,0.31,5.0,0.32,5.0,0.33,5.0,0.34,5.0,0.35,5.0,0.03,0.03,618.178,1776161184000
1776161185.233,85.233,0.64,4.86,0.63,10.0,0.62,10.0,0.61,5.0,0.52,10.0,0.66,10.0,0.67,11.8,0.68,11.9,0.69,12.2,0.7,12.4,0.28,10.0,0.27,18.0,0.2,10.0,0.19,60.0,0.11,100.0,0.31,5.0,0.32,5.0,0.33,5.0,0.34,5.0,0.35,5.0,0.02,0.03,618.178,1776161184000
1776161185.851,85.851,0.64,4.86,0.63,10.0,0.62,10.0,0.61,5.0,0.52,10.0,0.66,10.0,0.67,11.8,0.68,11.9,0.69,12.2,0.7,12.4,0.34,10.0,0.33,11.8,0.32,11.9,0.31,12.2,0.3,12.4,0.36,4.86,0.37,10.0,0.38,10.0,0.39,5.0,0.48,10.0,0.02,0.02,618.177,1776161185000
1776161186.842,86.842,0.64,4.86,0.63,10.0,0.62,10.0,0.61,5.0,0.52,10.0,0.66,10.0,0.67,11.8,0.68,11.9,0.69,12.2,0.7,12.4,0.34,10.0,0.33,11.8,0.32,11.9,0.31,12.2,0.3,12.4,0.36,4.86,0.37,10.0,0.38,10.0,0.39,5.0,0.48,10.0,0.02,0.02,618.179,1776161186000
1776161188.25,88.25,0.64,4.86,0.63,10.0,0.62,10.0,0.61,5.0,0.52,10.0,0.66,10.0,0.67,11.8,0.68,11.9,0.69,12.2,0.7,12.4,0.34,10.0,0.33,11.8,0.32,11.9,0.31,12.2,0.3,12.4,0.36,4.86,0.37,10.0,0.38,10.0,0.39,5.0,0.48,10.0,0.02,0.02,618.181,1776161187000
1776161189.196,89.196,0.64,4.86,0.63,10.0,0.62,10.0,0.61,5.0,0.52,10.0,0.66,10.0,0.67,11.8,0.68,11.9,0.69,12.2,0.7,12.4,0.34,10.0,0.33,11.8,0.32,11.9,0.31,12.2,0.3,12.4,0.36,4.86,0.37,10.0,0.38,10.0,0.39,5.0,0.48,10.0,0.02,0.02,618.183,1776161188000
1776161190.139,90.139,0.64,4.86,0.63,10.0,0.62,10.0,0.61,5.0,0.52,10.0,0.66,10.0,0.67,11.8,0.68,11.9,0.69,12.2,0.7,12.4,0.34,10.0,0.33,11.8,0.32,11.9,0.31,12.2,0.3,12.4,0.36,4.86,0.37,10.0,0.38,10.0,0.39,5.0,0.48,10.0,0.02,0.02,618.183,1776161189000
1776161191.119,91.119,0.64,4.86,0.63,10.0,0.62,10.0,0.61,5.0,0.52,10.0,0.66,10.0,0.67,11.8,0.68,11.9,0.69,12.2,0.7,12.4,0.34,10.0,0.33,11.8,0.32,11.9,0.31,12.2,0.3,12.4,0.36,4.86,0.37,10.0,0.38,10.0,0.39,5.0,0.48,10.0,0.02,0.02,618.191,1776161190000
1776161192.077,92.077,0.64,4.86,0.63,10.0,0.62,10.0,0.61,5.0,0.52,10.0,0.66,10.0,0.67,11.8,0.68,11.9,0.69,12.2,0.7,12.4,0.34,10.0,0.33,11.8,0.32,11.9,0.31,12.2,0.3,12.4,0.36,4.86,0.37,10.0,0.38,10.0,0.39,5.0,0.48,10.0,0.02,0.02,618.222,1776161191000
1776161193.125,93.125,0.64,4.86,0.63,10.0,0.62,10.0,0.61,5.0,0.52,10.0,0.66,10.0,0.67,11.8,0.68,11.9,0.69,12.2,0.7,12.4,0.34,10.0,0.33,11.8,0.32,11.9,0.31,12.2,0.3,12.4,0.36,4.86,0.37,10.0,0.38,10.0,0.39,5.0,0.48,10.0,0.02,0.02,618.222,1776161192000
1776161194.107,94.107,0.64,4.86,0.63,10.0,0.62,10.0,0.61,5.0,0.52,10.0,0.66,10.0,0.67,11.8,0.68,11.9,0.69,12.2,0.7,12.4,0.34,10.0,0.33,11.8,0.32,11.9,0.31,12.2,0.3,12.4,0.36,4.86,0.37,10.0,0.38,10.0,0.39,5.0,0.48,10.0,0.02,0.02,618.222,1776161193000
1776161194.32,94.32,0.63,9.86,0.62,10.0,0.61,5.0,0.52,10.0,0.5,10.4,0.69,22.2,0.7,12.4,0.71,62.6,0.72,12.9,0.73,31.2,0.34,10.0,0.33,11.8,0.32,11.9,0.31,12.2,0.3,12.4,0.36,4.86,0.37,10.0,0.38,10.0,0.39,5.0,0.48,10.0,0.06,0.02,618.222,1776161193000
1776161195.063,95.063,0.63,9.86,0.62,10.0,0.61,5.0,0.52,10.0,0.5,10.4,0.69,22.2,0.7,12.4,0.71,62.6,0.72,12.9,0.73,31.2,0.31,22.2,0.3,12.4,0.29,62.6,0.28,12.9,0.27,31.2,0.37,9.86,0.38,10.0,0.39,5.0,0.48,10.0,0.5,10.4,0.06,0.06,618.212,1776161194000
1776161196.389,96.389,0.63,9.86,0.62,10.0,0.61,5.0,0.52,10.0,0.5,10.4,0.69,22.2,0.7,12.4,0.71,62.6,0.72,12.9,0.73,31.2,0.31,22.2,0.3,12.4,0.29,62.6,0.28,12.9,0.27,31.2,0.37,9.86,0.38,10.0,0.39,5.0,0.48,10.0,0.5,10.4,0.06,0.06,618.21,1776161195000
1776161196.98,96.98,0.63,9.86,0.62,10.0,0.61,5.0,0.52,10.0,0.5,10.4,0.69,22.2,0.7,12.4,0.71,62.6,0.72,12.9,0.73,31.2,0.31,22.2,0.3,12.4,0.29,62.6,0.28,12.9,0.27,31.2,0.37,9.86,0.38,10.0,0.39,5.0,0.48,10.0,0.5,10.4,0.06,0.06,618.21,1776161196000
1776161198.078,98.078,0.63,9.86,0.62,10.0,0.61,5.0,0.52,10.0,0.5,10.4,0.69,22.2,0.7,12.4,0.71,62.6,0.72,12.9,0.73,31.2,0.31,22.2,0.3,12.4,0.29,62.6,0.28,12.9,0.27,31.2,0.37,9.86,0.38,10.0,0.39,5.0,0.48,10.0,0.5,10.4,0.06,0.06,618.182,1776161197000
1776161199.135,99.135,0.63,9.86,0.62,10.0,0.61,5.0,0.52,10.0,0.5,10.4,0.69,22.2,0.7,12.4,0.71,62.6,0.72,12.9,0.73,31.2,0.31,22.2,0.3,12.4,0.29,62.6,0.28,12.9,0.27,31.2,0.37,9.86,0.38,10.0,0.39,5.0,0.48,10.0,0.5,10.4,0.06,0.06,618.173528,1776161198000
1776161200.187,100.187,0.63,9.86,0.62,10.0,0.61,5.0,0.52,10.0,0.5,10.4,0.69,22.2,0.7,12.4,0.71,62.6,0.72,12.9,0.73,31.2,0.31,22.2,0.3,12.4,0.29,62.6,0.28,12.9,0.27,31.2,0.37,9.86,0.38,10.0,0.39,5.0,0.48,10.0,0.5,10.4,0.06,0.06,618.173528,1776161199000
1776161201.284,101.284,0.63,9.86,0.62,10.0,0.61,5.0,0.52,10.0,0.5,10.4,0.69,22.2,0.7,12.4,0.71,62.6,0.72,12.9,0.73,31.2,0.31,22.2,0.3,12.4,0.29,62.6,0.28,12.9,0.27,31.2,0.37,9.86,0.38,10.0,0.39,5.0,0.48,10.0,0.5,10.4,0.06,0.06,618.173528,1776161200000
1776161202.335,102.335,0.63,9.86,0.62,10.0,0.61,5.0,0.52,10.0,0.5,10.4,0.69,22.2,0.7,12.4,0.71,62.6,0.72,12.9,0.73,31.2,0.31,22.2,0.3,12.4,0.29,62.6,0.28,12.9,0.27,31.2,0.37,9.86,0.38,10.0,0.39,5.0,0.48,10.0,0.5,10.4,0.06,0.06,618.162947,1776161201000
1776161202.975,102.975,0.63,9.86,0.62,10.0,0.61,5.0,0.52,10.0,0.5,10.4,0.69,22.2,0.7,12.4,0.71,62.6,0.72,12.9,0.73,31.2,0.31,22.2,0.3,12.4,0.29,62.6,0.28,12.9,0.27,31.2,0.37,9.86,0.38,10.0,0.39,5.0,0.48,10.0,0.5,10.4,0.06,0.06,618.162947,1776161202000
1776161204.095,104.095,0.63,9.86,0.62,10.0,0.61,5.0,0.52,10.0,0.5,10.4,0.69,22.2,0.7,12.4,0.71,62.6,0.72,12.9,0.73,31.2,0.31,22.2,0.3,12.4,0.29,62.6,0.28,12.9,0.27,31.2,0.37,9.86,0.38,10.0,0.39,5.0,0.48,10.0,0.5,10.4,0.06,0.06,618.146036,1776161203000
1776161204.978,104.978,0.58,5.0,0.49,10.0,0.47,10.0,0.46,10.5,0.45,10.5,0.61,10.0,0.62,11.0,0.63,11.2,0.64,11.3,0.65,11.4,0.31,22.2,0.3,12.4,0.29,62.6,0.28,12.9,0.27,31.2,0.37,9.86,0.38,10.0,0.39,5.0,0.48,10.0,0.5,10.4,0.03,0.06,618.146036,1776161203000
1776161206.264,106.264,0.58,5.0,0.49,10.0,0.47,10.0,0.46,10.5,0.45,10.5,0.61,10.0,0.62,11.0,0.63,11.2,0.64,11.3,0.65,11.4,0.39,10.0,0.38,11.0,0.37,11.2,0.36,11.3,0.35,11.4,0.42,5.0,0.51,10.0,0.53,10.0,0.54,10.5,0.55,10.5,0.03,0.03,618.145942,1776161205000
1776161207.268,107.268,0.56,5.0,0.47,10.0,0.44,10.6,0.43,10.6,0.42,10.7,0.61,15.7,0.62,11.0,0.63,11.2,0.64,11.3,0.65,11.4,0.39,15.7,0.38,11.0,0.37,11.2,0.36,11.3,0.35,11.4,0.44,5.0,0.53,10.0,0.56,10.6,0.57,10.6,0.58,10.7,0.05,0.05,618.134564,1776161206000
1776161208.343,108.343,0.56,5.0,0.47,10.0,0.44,10.6,0.43,10.6,0.42,10.7,0.61,15.7,0.62,11.0,0.63,11.2,0.64,11.3,0.65,11.4,0.39,15.7,0.38,11.0,0.37,11.2,0.36,11.3,0.35,11.4,0.44,5.0,0.53,10.0,0.56,10.6,0.57,10.6,0.58,10.7,0.05,0.05,618.119,1776161207000
1776161208.938,108.938,0.56,5.0,0.47,10.0,0.44,10.6,0.43,10.6,0.42,10.7,0.61,15.7,0.62,11.0,0.63,11.2,0.64,11.3,0.65,11.4,0.39,15.7,0.38,11.0,0.37,11.2,0.36,11.3,0.35,11.4,0.44,5.0,0.53,10.0,0.56,10.6,0.57,10.6,0.58,10.7,0.05,0.05,618.125,1776161208000
1776161210.962,110.962,0.56,5.0,0.47,10.0,0.44,10.6,0.43,10.6,0.42,10.7,0.61,15.7,0.62,11.0,0.63,11.2,0.64,11.3,0.65,11.4,0.39,15.7,0.38,11.0,0.37,11.2,0.36,11.3,0.35,11.4,0.44,5.0,0.53,10.0,0.56,10.6,0.57,10.6,0.58,10.7,0.05,0.05,618.131,1776161209000
1776161211.297,111.297,0.41,50.0,0.39,22.0,0.36,11.3,0.35,11.4,0.34,11.6,0.53,10.4,0.54,10.5,0.55,10.5,0.56,10.6,0.57,10.6,0.39,15.7,0.38,11.0,0.37,11.2,0.36,11.3,0.35,11.4,0.44,5.0,0.53,10.0,0.56,10.6,0.57,10.6,0.58,10.7,0.12,0.05,618.131,1776161209000
1776161211.861,111.861,0.41,50.0,0.39,22.0,0.36,11.3,0.35,11.4,0.34,11.6,0.53,10.4,0.54,10.5,0.55,10.5,0.56,10.6,0.57,10.6,0.47,10.4,0.46,10.5,0.45,10.5,0.44,10.6,0.43,10.6,0.59,50.0,0.61,22.0,0.64,11.3,0.65,11.4,0.66,11.6,0.12,0.12,618.138,1776161210000
1776161212.979,112.979,0.41,50.0,0.39,22.0,0.36,11.3,0.35,11.4,0.34,11.6,0.53,10.4,0.54,10.5,0.55,10.5,0.56,10.6,0.57,10.6,0.47,10.4,0.46,10.5,0.45,10.5,0.44,10.6,0.43,10.6,0.59,50.0,0.61,22.0,0.64,11.3,0.65,11.4,0.66,11.6,0.12,0.12,618.134,1776161211000
1776161214.005,114.005,0.41,50.0,0.39,22.0,0.36,11.3,0.35,11.4,0.34,11.6,0.53,10.4,0.54,10.5,0.55,10.5,0.56,10.6,0.57,10.6,0.47,10.4,0.46,10.5,0.45,10.5,0.44,10.6,0.43,10.6,0.59,50.0,0.61,22.0,0.64,11.3,0.65,11.4,0.66,11.6,0.12,0.12,618.137,1776161212000
1776161215.177,115.177,0.41,50.0,0.39,22.0,0.36,11.3,0.35,11.4,0.34,11.6,0.53,10.4,0.54,10.5,0.55,10.5,0.56,10.6,0.57,10.6,0.47,10.4,0.46,10.5,0.45,10.5,0.44,10.6,0.43,10.6,0.59,50.0,0.61,22.0,0.64,11.3,0.65,11.4,0.66,11.6,0.12,0.12,618.14,1776161213000
1776161216.047,116.047,0.41,50.0,0.39,22.0,0.36,11.3,0.35,11.4,0.34,11.6,0.53,10.4,0.54,10.5,0.55,10.5,0.56,10.6,0.57,10.6,0.47,10.4,0.46,10.5,0.45,10.5,0.44,10.6,0.43,10.6,0.59,50.0,0.61,22.0,0.64,11.3,0.65,11.4,0.66,11.6,0.12,0.12,618.144,1776161214000
1776161217.091,117.091,0.41,50.0,0.39,22.0,0.36,11.3,0.35,11.4,0.34,11.6,0.53,10.4,0.54,10.5,0.55,10.5,0.56,10.6,0.57,10.6,0.47,10.4,0.46,10.5,0.45,10.5,0.44,10.6,0.43,10.6,0.59,50.0,0.61,22.0,0.64,11.3,0.65,11.4,0.66,11.6,0.12,0.12,618.137,1776161215000
1776161218.128,118.128,0.41,50.0,0.39,22.0,0.36,11.3,0.35,11.4,0.34,11.6,0.53,10.4,0.54,10.5,0.55,10.5,0.56,10.6,0.57,10.6,0.47,10.4,0.46,10.5,0.45,10.5,0.44,10.6,0.43,10.6,0.59,50.0,0.61,22.0,0.64,11.3,0.65,11.4,0.66,11.6,0.12,0.12,618.146,1776161216000
1776161219.206,119.206,0.41,50.0,0.39,22.0,0.36,11.3,0.35,11.4,0.34,11.6,0.53,10.4,0.54,10.5,0.55,10.5,0.56,10.6,0.57,10.6,0.47,10.4,0.46,10.5,0.45,10.5,0.44,10.6,0.43,10.6,0.59,50.0,0.61,22.0,0.64,11.3,0.65,11.4,0.66,11.6,0.12,0.12,618.139,1776161217000
1776161219.888,119.888,0.41,50.0,0.39,22.0,0.36,11.3,0.35,11.4,0.34,11.6,0.53,10.4,0.54,10.5,0.55,10.5,0.56,10.6,0.57,10.6,0.47,10.4,0.46,10.5,0.45,10.5,0.44,10.6,0.43,10.6,0.59,50.0,0.61,22.0,0.64,11.3,0.65,11.4,0.66,11.6,0.12,0.12,618.14,1776161218000
1776161220.689,120.689,0.41,50.0,0.39,22.0,0.36,11.3,0.35,11.4,0.34,11.6,0.53,10.4,0.54,10.5,0.55,10.5,0.56,10.6,0.57,10.6,0.47,10.4,0.46,10.5,0.45,10.5,0.44,10.6,0.43,10.6,0.59,50.0,0.61,22.0,0.64,11.3,0.65,11.4,0.66,11.6,0.12,0.12,618.149,1776161219000
1776161221.414,121.414,0.41,50.0,0.39,22.0,0.36,11.3,0.35,11.4,0.34,11.6,0.53,10.4,0.54,10.5,0.55,10.5,0.56,10.6,0.57,10.6,0.47,10.4,0.46,10.5,0.45,10.5,0.44,10.6,0.43,10.6,0.59,50.0,0.61,22.0,0.64,11.3,0.65,11.4,0.66,11.6,0.12,0.12,618.156,1776161220000
1776161222.59,122.59,0.41,50.0,0.39,22.0,0.36,11.3,0.35,11.4,0.34,11.6,0.53,10.4,0.54,10.5,0.55,10.5,0.56,10.6,0.57,10.6,0.47,10.4,0.46,10.5,0.45,10.5,0.44,10.6,0.43,10.6,0.59,50.0,0.61,22.0,0.64,11.3,0.65,11.4,0.66,11.6,0.12,0.12,618.156,1776161221000
1776161223.599,123.599,0.41,50.0,0.39,22.0,0.36,11.3,0.35,11.4,0.34,11.6,0.53,10.4,0.54,10.5,0.55,10.5,0.56,10.6,0.57,10.6,0.47,10.4,0.46,10.5,0.45,10.5,0.44,10.6,0.43,10.6,0.59,50.0,0.61,22.0,0.64,11.3,0.65,11.4,0.66,11.6,0.12,0.12,618.165,1776161222000
1776161224.501,124.501,0.41,50.0,0.39,22.0,0.36,11.3,0.35,11.4,0.34,11.6,0.53,10.4,0.54,10.5,0.55,10.5,0.56,10.6,0.57,10.6,0.47,10.4,0.46,10.5,0.45,10.5,0.44,10.6,0.43,10.6,0.59,50.0,0.61,22.0,0.64,11.3,0.65,11.4,0.66,11.6,0.12,0.12,618.163,1776161223000
1776161225.1,125.1,0.41,50.0,0.39,22.0,0.36,11.3,0.35,11.4,0.34,11.6,0.53,10.4,0.54,10.5,0.55,10.5,0.56,10.6,0.57,10.6,0.47,10.4,0.46,10.5,0.45,10.5,0.44,10.6,0.43,10.6,0.59,50.0,0.61,22.0,0.64,11.3,0.65,11.4,0.66,11.6,0.12,0.12,618.165,1776161224000
1776161226.468,126.468,0.41,50.0,0.39,22.0,0.36,11.3,0.35,11.4,0.34,11.6,0.53,10.4,0.54,10.5,0.55,10.5,0.56,10.6,0.57,10.6,0.47,10.4,0.46,10.5,0.45,10.5,0.44,10.6,0.43,10.6,0.59,50.0,0.61,22.0,0.64,11.3,0.65,11.4,0.66,11.6,0.12,0.12,618.189,1776161225000
1776161227.126,127.126,0.41,50.0,0.39,22.0,0.36,11.3,0.35,11.4,0.34,11.6,0.53,10.4,0.54,10.5,0.55,10.5,0.56,10.6,0.57,10.6,0.47,10.4,0.46,10.5,0.45,10.5,0.44,10.6,0.43,10.6,0.59,50.0,0.61,22.0,0.64,11.3,0.65,11.4,0.66,11.6,0.12,0.12,618.189,1776161226000
1776161228.591,128.591,0.41,50.0,0.39,22.0,0.36,11.3,0.35,11.4,0.34,11.6,0.53,10.4,0.54,10.5,0.55,10.5,0.56,10.6,0.57,10.6,0.47,10.4,0.46,10.5,0.45,10.5,0.44,10.6,0.43,10.6,0.59,50.0,0.61,22.0,0.64,11.3,0.65,11.4,0.66,11.6,0.12,0.12,618.218,1776161227000
1776161229.42,129.42,0.41,50.0,0.39,22.0,0.36,11.3,0.35,11.4,0.34,11.6,0.53,10.4,0.54,10.5,0.55,10.5,0.56,10.6,0.57,10.6,0.47,10.4,0.46,10.5,0.45,10.5,0.44,10.6,0.43,10.6,0.59,50.0,0.61,22.0,0.64,11.3,0.65,11.4,0.66,11.6,0.12,0.12,618.224,1776161228000
1776161230.149,130.149,0.41,50.0,0.39,22.0,0.36,11.3,0.35,11.4,0.34,11.6,0.53,10.4,0.54,10.5,0.55,10.5,0.56,10.6,0.57,10.6,0.47,10.4,0.46,10.5,0.45,10.5,0.44,10.6,0.43,10.6,0.59,50.0,0.61,22.0,0.64,11.3,0.65,11.4,0.66,11.6,0.12,0.12,618.224,1776161229000
1776161231.699,131.699,0.41,50.0,0.39,22.0,0.36,11.3,0.35,11.4,0.34,11.6,0.53,10.4,0.54,10.5,0.55,10.5,0.56,10.6,0.57,10.6,0.47,10.4,0.46,10.5,0.45,10.5,0.44,10.6,0.43,10.6,0.59,50.0,0.61,22.0,0.64,11.3,0.65,11.4,0.66,11.6,0.12,0.12,618.227,1776161230000
1776161233.221,133.221,0.41,50.0,0.39,22.0,0.36,11.3,0.35,11.4,0.34,11.6,0.53,10.4,0.54,10.5,0.55,10.5,0.56,10.6,0.57,10.6,0.47,10.4,0.46,10.5,0.45,10.5,0.44,10.6,0.43,10.6,0.59,50.0,0.61,22.0,0.64,11.3,0.65,11.4,0.66,11.6,0.12,0.12,618.228,1776161232000
1776161234.092,134.092,0.41,50.0,0.39,22.0,0.36,11.3,0.35,11.4,0.34,11.6,0.53,10.4,0.54,10.5,0.55,10.5,0.56,10.6,0.57,10.6,0.47,10.4,0.46,10.5,0.45,10.5,0.44,10.6,0.43,10.6,0.59,50.0,0.61,22.0,0.64,11.3,0.65,11.4,0.66,11.6,0.12,0.12,618.228,1776161233000
1776161235.26,135.26,0.41,50.0,0.39,22.0,0.36,11.3,0.35,11.4,0.34,11.6,0.53,10.4,0.54,10.5,0.55,10.5,0.56,10.6,0.57,10.6,0.47,10.4,0.46,10.5,0.45,10.5,0.44,10.6,0.43,10.6,0.59,50.0,0.61,22.0,0.64,11.3,0.65,11.4,0.66,11.6,0.12,0.12,618.23,1776161234000
1776161236.013,136.013,0.56,41.0,0.54,10.5,0.53,10.4,0.52,10.4,0.51,60.4,0.75,10.0,0.78,15.2,0.79,15.7,0.8,16.2,0.81,71.89,0.47,10.4,0.46,10.5,0.45,10.5,0.44,10.6,0.43,10.6,0.59,50.0,0.61,22.0,0.64,11.3,0.65,11.4,0.66,11.6,0.19,0.12,618.23,1776161234000
1776161236.371,136.371,0.56,41.0,0.54,10.5,0.53,10.4,0.52,10.4,0.51,60.4,0.75,10.0,0.78,15.2,0.79,15.7,0.8,16.2,0.81,71.89,0.25,10.0,0.22,15.2,0.21,15.7,0.2,16.2,0.19,71.89,0.44,41.0,0.46,10.5,0.47,10.4,0.48,10.4,0.49,60.4,0.19,0.19,618.229,1776161235000
1776161236.909,136.909,0.56,41.0,0.54,10.5,0.53,10.4,0.52,10.4,0.51,60.4,0.75,10.0,0.78,15.2,0.79,15.7,0.8,16.2,0.81,71.89,0.25,10.0,0.22,15.2,0.21,15.7,0.2,16.2,0.19,71.89,0.44,41.0,0.46,10.5,0.47,10.4,0.48,10.4,0.49,60.4,0.19,0.19,618.229,1776161236000
1776161238.278,138.278,0.56,41.0,0.54,10.5,0.53,10.4,0.52,10.4,0.51,60.4,0.75,10.0,0.78,15.2,0.79,15.7,0.8,16.2,0.81,71.89,0.25,10.0,0.22,15.2,0.21,15.7,0.2,16.2,0.19,71.89,0.44,41.0,0.46,10.5,0.47,10.4,0.48,10.4,0.49,60.4,0.19,0.19,618.323,1776161237000
1776161238.97,138.97,0.56,41.0,0.54,10.5,0.53,10.4,0.52,10.4,0.51,60.4,0.75,10.0,0.78,15.2,0.79,15.7,0.8,16.2,0.81,71.89,0.25,10.0,0.22,15.2,0.21,15.7,0.2,16.2,0.19,71.89,0.44,41.0,0.46,10.5,0.47,10.4,0.48,10.4,0.49,60.4,0.19,0.19,618.323,1776161238000
1776161240.554,140.554,0.56,41.0,0.54,10.5,0.53,10.4,0.52,10.4,0.51,60.4,0.75,10.0,0.78,15.2,0.79,15.7,0.8,16.2,0.81,71.89,0.25,10.0,0.22,15.2,0.21,15.7,0.2,16.2,0.19,71.89,0.44,41.0,0.46,10.5,0.47,10.4,0.48,10.4,0.49,60.4,0.19,0.19,618.353,1776161239000
1776161241.862,141.862,0.56,41.0,0.54,10.5,0.53,10.4,0.52,10.4,0.51,60.4,0.75,10.0,0.78,15.2,0.79,15.7,0.8,16.2,0.81,71.89,0.25,10.0,0.22,15.2,0.21,15.7,0.2,16.2,0.19,71.89,0.44,41.0,0.46,10.5,0.47,10.4,0.48,10.4,0.49,60.4,0.19,0.19,618.391,1776161240000
1776161242.435,142.435,0.56,41.0,0.54,10.5,0.53,10.4,0.52,10.4,0.51,60.4,0.75,10.0,0.78,15.2,0.79,15.7,0.8,16.2,0.81,71.89,0.25,10.0,0.22,15.2,0.21,15.7,0.2,16.2,0.19,71.89,0.44,41.0,0.46,10.5,0.47,10.4,0.48,10.4,0.49,60.4,0.19,0.19,618.413,1776161241000
1776161243.002,143.002,0.56,41.0,0.54,10.5,0.53,10.4,0.52,10.4,0.51,60.4,0.75,10.0,0.78,15.2,0.79,15.7,0.8,16.2,0.81,71.89,0.25,10.0,0.22,15.2,0.21,15.7,0.2,16.2,0.19,71.89,0.44,41.0,0.46,10.5,0.47,10.4,0.48,10.4,0.49,60.4,0.19,0.19,618.413,1776161242000
1776161244.331,144.331,0.56,41.0,0.54,10.5,0.53,10.4,0.52,10.4,0.51,60.4,0.75,10.0,0.78,15.2,0.79,15.7,0.8,16.2,0.81,71.89,0.25,10.0,0.22,15.2,0.21,15.7,0.2,16.2,0.19,71.89,0.44,41.0,0.46,10.5,0.47,10.4,0.48,10.4,0.49,60.4,0.19,0.19,618.408,1776161243000
1776161245.012,145.012,0.56,41.0,0.54,10.5,0.53,10.4,0.52,10.4,0.51,60.4,0.75,10.0,0.78,15.2,0.79,15.7,0.8,16.2,0.81,71.89,0.25,10.0,0.22,15.2,0.21,15.7,0.2,16.2,0.19,71.89,0.44,41.0,0.46,10.5,0.47,10.4,0.48,10.4,0.49,60.4,0.19,0.19,618.412308,1776161244000
1776161246.168,146.168,0.56,41.0,0.54,10.5,0.53,10.4,0.52,10.4,0.51,60.4,0.75,10.0,0.78,15.2,0.79,15.7,0.8,16.2,0.81,71.89,0.25,10.0,0.22,15.2,0.21,15.7,0.2,16.2,0.19,71.89,0.44,41.0,0.46,10.5,0.47,10.4,0.48,10.4,0.49,60.4,0.19,0.19,618.447,1776161245000
1776161247.397,147.397,0.56,41.0,0.54,10.5,0.53,10.4,0.52,10.4,0.51,60.4,0.75,10.0,0.78,15.2,0.79,15.7,0.8,16.2,0.81,71.89,0.25,10.0,0.22,15.2,0.21,15.7,0.2,16.2,0.19,71.89,0.44,41.0,0.46,10.5,0.47,10.4,0.48,10.4,0.49,60.4,0.19,0.19,618.448,1776161246000
1776161248.016,148.016,0.56,41.0,0.54,10.5,0.53,10.4,0.52,10.4,0.51,60.4,0.75,10.0,0.78,15.2,0.79,15.7,0.8,16.2,0.81,71.89,0.25,10.0,0.22,15.2,0.21,15.7,0.2,16.2,0.19,71.89,0.44,41.0,0.46,10.5,0.47,10.4,0.48,10.4,0.49,60.4,0.19,0.19,618.448,1776161247000
1776161249.34,149.34,0.56,41.0,0.54,10.5,0.53,10.4,0.52,10.4,0.51,60.4,0.75,10.0,0.78,15.2,0.79,15.7,0.8,16.2,0.81,71.89,0.25,10.0,0.22,15.2,0.21,15.7,0.2,16.2,0.19,71.89,0.44,41.0,0.46,10.5,0.47,10.4,0.48,10.4,0.49,60.4,0.19,0.19,618.468,1776161248000
1776161250.156,150.156,0.56,41.0,0.54,10.5,0.53,10.4,0.52,10.4,0.51,60.4,0.75,10.0,0.78,15.2,0.79,15.7,0.8,16.2,0.81,71.89,0.25,10.0,0.22,15.2,0.21,15.7,0.2,16.2,0.19,71.89,0.44,41.0,0.46,10.5,0.47,10.4,0.48,10.4,0.49,60.4,0.19,0.19,618.468,1776161249000
1776161251.2,151.2,0.56,41.0,0.54,10.5,0.53,10.4,0.52,10.4,0.51,60.4,0.75,10.0,0.78,15.2,0.79,15.7,0.8,16.2,0.81,71.89,0.25,10.0,0.22,15.2,0.21,15.7,0.2,16.2,0.19,71.89,0.44,41.0,0.46,10.5,0.47,10.4,0.48,10.4,0.49,60.4,0.19,0.19,618.467,1776161250000
1776161252.91,152.91,0.56,41.0,0.54,10.5,0.53,10.4,0.52,10.4,0.51,60.4,0.75,10.0,0.78,15.2,0.79,15.7,0.8,16.2,0.81,71.89,0.25,10.0,0.22,15.2,0.21,15.7,0.2,16.2,0.19,71.89,0.44,41.0,0.46,10.5,0.47,10.4,0.48,10.4,0.49,60.4,0.19,0.19,618.464,1776161251000
1776161253.541,153.541,0.56,41.0,0.54,10.5,0.53,10.4,0.52,10.4,0.51,60.4,0.75,10.0,0.78,15.2,0.79,15.7,0.8,16.2,0.81,71.89,0.25,10.0,0.22,15.2,0.21,15.7,0.2,16.2,0.19,71.89,0.44,41.0,0.46,10.5,0.47,10.4,0.48,10.4,0.49,60.4,0.19,0.19,618.47,1776161252000
1776161254.306,154.306,0.56,41.0,0.54,10.5,0.53,10.4,0.52,10.4,0.51,60.4,0.75,10.0,0.78,15.2,0.79,15.7,0.8,16.2,0.81,71.89,0.25,10.0,0.22,15.2,0.21,15.7,0.2,16.2,0.19,71.89,0.44,41.0,0.46,10.5,0.47,10.4,0.48,10.4,0.49,60.4,0.19,0.19,618.47,1776161253000
1776161255.559,155.559,0.56,41.0,0.54,10.5,0.53,10.4,0.52,10.4,0.51,60.4,0.75,10.0,0.78,15.2,0.79,15.7,0.8,16.2,0.81,71.89,0.25,10.0,0.22,15.2,0.21,15.7,0.2,16.2,0.19,71.89,0.44,41.0,0.46,10.5,0.47,10.4,0.48,10.4,0.49,60.4,0.19,0.19,618.469,1776161254000
1776161256.206,156.206,0.56,41.0,0.54,10.5,0.53,10.4,0.52,10.4,0.51,60.4,0.75,10.0,0.78,15.2,0.79,15.7,0.8,16.2,0.81,71.89,0.25,10.0,0.22,15.2,0.21,15.7,0.2,16.2,0.19,71.89,0.44,41.0,0.46,10.5,0.47,10.4,0.48,10.4,0.49,60.4,0.19,0.19,618.469,1776161255000
1776161257.561,157.561,0.56,41.0,0.54,10.5,0.53,10.4,0.52,10.4,0.51,60.4,0.75,10.0,0.78,15.2,0.79,15.7,0.8,16.2,0.81,71.89,0.25,10.0,0.22,15.2,0.21,15.7,0.2,16.2,0.19,71.89,0.44,41.0,0.46,10.5,0.47,10.4,0.48,10.4,0.49,60.4,0.19,0.19,618.469,1776161256000
1776161258.265,158.265,0.56,41.0,0.54,10.5,0.53,10.4,0.52,10.4,0.51,60.4,0.75,10.0,0.78,15.2,0.79,15.7,0.8,16.2,0.81,71.89,0.25,10.0,0.22,15.2,0.21,15.7,0.2,16.2,0.19,71.89,0.44,41.0,0.46,10.5,0.47,10.4,0.48,10.4,0.49,60.4,0.19,0.19,618.469,1776161257000
1776161259.543,159.543,0.56,41.0,0.54,10.5,0.53,10.4,0.52,10.4,0.51,60.4,0.75,10.0,0.78,15.2,0.79,15.7,0.8,16.2,0.81,71.89,0.25,10.0,0.22,15.2,0.21,15.7,0.2,16.2,0.19,71.89,0.44,41.0,0.46,10.5,0.47,10.4,0.48,10.4,0.49,60.4,0.19,0.19,618.477,1776161258000
1776161260.217,160.217,0.56,41.0,0.54,10.5,0.53,10.4,0.52,10.4,0.51,60.4,0.75,10.0,0.78,15.2,0.79,15.7,0.8,16.2,0.81,71.89,0.25,10.0,0.22,15.2,0.21,15.7,0.2,16.2,0.19,71.89,0.44,41.0,0.46,10.5,0.47,10.4,0.48,10.4,0.49,60.4,0.19,0.19,618.48,1776161259000
1776161261.559,161.559,0.56,41.0,0.54,10.5,0.53,10.4,0.52,10.4,0.51,60.4,0.75,10.0,0.78,15.2,0.79,15.7,0.8,16.2,0.81,71.89,0.25,10.0,0.22,15.2,0.21,15.7,0.2,16.2,0.19,71.89,0.44,41.0,0.46,10.5,0.47,10.4,0.48,10.4,0.49,60.4,0.19,0.19,618.481,1776161260000
1776161262.316,162.316,0.56,41.0,0.54,10.5,0.53,10.4,0.52,10.4,0.51,60.4,0.75,10.0,0.78,15.2,0.79,15.7,0.8,16.2,0.81,71.89,0.25,10.0,0.22,15.2,0.21,15.7,0.2,16.2,0.19,71.89,0.44,41.0,0.46,10.5,0.47,10.4,0.48,10.4,0.49,60.4,0.19,0.19,618.481,1776161261000
1776161263.624,163.624,0.56,41.0,0.54,10.5,0.53,10.4,0.52,10.4,0.51,60.4,0.75,10.0,0.78,15.2,0.79,15.7,0.8,16.2,0.81,71.89,0.25,10.0,0.22,15.2,0.21,15.7,0.2,16.2,0.19,71.89,0.44,41.0,0.46,10.5,0.47,10.4,0.48,10.4,0.49,60.4,0.19,0.19,618.46,1776161262000
1776161264.403,164.403,0.56,41.0,0.54,10.5,0.53,10.4,0.52,10.4,0.51,60.4,0.75,10.0,0.78,15.2,0.79,15.7,0.8,16.2,0.81,71.89,0.25,10.0,0.22,15.2,0.21,15.7,0.2,16.2,0.19,71.89,0.44,41.0,0.46,10.5,0.47,10.4,0.48,10.4,0.49,60.4,0.19,0.19,618.458,1776161263000
1776161265.124,165.124,0.56,41.0,0.54,10.5,0.53,10.4,0.52,10.4,0.51,60.4,0.75,10.0,0.78,15.2,0.79,15.7,0.8,16.2,0.81,71.89,0.25,10.0,0.22,15.2,0.21,15.7,0.2,16.2,0.19,71.89,0.44,41.0,0.46,10.5,0.47,10.4,0.48,10.4,0.49,60.4,0.19,0.19,618.465,1776161264000
1776161266.432,166.432,0.56,41.0,0.54,10.5,0.53,10.4,0.52,10.4,0.51,60.4,0.75,10.0,0.78,15.2,0.79,15.7,0.8,16.2,0.81,71.89,0.25,10.0,0.22,15.2,0.21,15.7,0.2,16.2,0.19,71.89,0.44,41.0,0.46,10.5,0.47,10.4,0.48,10.4,0.49,60.4,0.19,0.19,618.448,1776161265000
1776161267.153,167.153,0.56,41.0,0.54,10.5,0.53,10.4,0.52,10.4,0.51,60.4,0.75,10.0,0.78,15.2,0.79,15.7,0.8,16.2,0.81,71.89,0.25,10.0,0.22,15.2,0.21,15.7,0.2,16.2,0.19,71.89,0.44,41.0,0.46,10.5,0.47,10.4,0.48,10.4,0.49,60.4,0.19,0.19,618.458,1776161266000
1776161268.976,168.976,0.56,41.0,0.54,10.5,0.53,10.4,0.52,10.4,0.51,60.4,0.75,10.0,0.78,15.2,0.79,15.7,0.8,16.2,0.81,71.89,0.25,10.0,0.22,15.2,0.21,15.7,0.2,16.2,0.19,71.89,0.44,41.0,0.46,10.5,0.47,10.4,0.48,10.4,0.49,60.4,0.19,0.19,618.472,1776161268000
1776161270.037,170.037,0.56,41.0,0.54,10.5,0.53,10.4,0.52,10.4,0.51,60.4,0.75,10.0,0.78,15.2,0.79,15.7,0.8,16.2,0.81,71.89,0.25,10.0,0.22,15.2,0.21,15.7,0.2,16.2,0.19,71.89,0.44,41.0,0.46,10.5,0.47,10.4,0.48,10.4,0.49,60.4,0.19,0.19,618.478,1776161269000
1776161271.135,171.135,0.56,41.0,0.54,10.5,0.53,10.4,0.52,10.4,0.51,60.4,0.75,10.0,0.78,15.2,0.79,15.7,0.8,16.2,0.81,71.89,0.25,10.0,0.22,15.2,0.21,15.7,0.2,16.2,0.19,71.89,0.44,41.0,0.46,10.5,0.47,10.4,0.48,10.4,0.49,60.4,0.19,0.19,618.485,1776161270000
1776161272.144,172.144,0.56,41.0,0.54,10.5,0.53,10.4,0.52,10.4,0.51,60.4,0.75,10.0,0.78,15.2,0.79,15.7,0.8,16.2,0.81,71.89,0.25,10.0,0.22,15.2,0.21,15.7,0.2,16.2,0.19,71.89,0.44,41.0,0.46,10.5,0.47,10.4,0.48,10.4,0.49,60.4,0.19,0.19,618.482,1776161271000
1776161272.621,172.621,0.86,21.6,0.85,20.39,0.84,19.3,0.83,18.39,0.82,17.6,0.93,24.57,0.94,46.1,0.95,54.7,0.96,67.7,0.97,89.3,0.25,10.0,0.22,15.2,0.21,15.7,0.2,16.2,0.19,71.89,0.44,41.0,0.46,10.5,0.47,10.4,0.48,10.4,0.49,60.4,0.07,0.19,618.482,1776161271000
1776161273.855,173.855,0.86,21.6,0.85,20.39,0.84,19.3,0.83,18.39,0.82,17.6,0.93,24.57,0.94,46.1,0.95,54.7,0.96,67.7,0.97,89.3,0.07,24.57,0.06,46.1,0.05,54.7,0.04,67.7,0.03,89.3,0.14,21.6,0.15,20.39,0.16,19.3,0.17,18.39,0.18,17.6,0.07,0.07,618.481,1776161272000
1776161274.484,174.484,0.86,21.6,0.85,20.39,0.84,19.3,0.83,18.39,0.82,17.6,0.93,24.57,0.94,46.1,0.95,54.7,0.96,67.7,0.97,89.3,0.07,24.57,0.06,46.1,0.05,54.7,0.04,67.7,0.03,89.3,0.14,21.6,0.15,20.39,0.16,19.3,0.17,18.39,0.18,17.6,0.07,0.07,618.482,1776161273000
1776161275.044,175.044,0.86,21.6,0.85,20.39,0.84,19.3,0.83,18.39,0.82,17.6,0.93,24.57,0.94,46.1,0.95,54.7,0.96,67.7,0.97,89.3,0.07,24.57,0.06,46.1,0.05,54.7,0.04,67.7,0.03,89.3,0.14,21.6,0.15,20.39,0.16,19.3,0.17,18.39,0.18,17.6,0.07,0.07,618.482,1776161274000
1776161276.093,176.093,0.86,21.6,0.85,20.39,0.84,19.3,0.83,18.39,0.82,17.6,0.93,24.57,0.94,46.1,0.95,54.7,0.96,67.7,0.97,89.3,0.07,24.57,0.06,46.1,0.05,54.7,0.04,67.7,0.03,89.3,0.14,21.6,0.15,20.39,0.16,19.3,0.17,18.39,0.18,17.6,0.07,0.07,618.475,1776161275000
1776161277.279,177.279,0.86,21.6,0.85,20.39,0.84,19.3,0.83,18.39,0.82,17.6,0.93,24.57,0.94,46.1,0.95,54.7,0.96,67.7,0.97,89.3,0.07,24.57,0.06,46.1,0.05,54.7,0.04,67.7,0.03,89.3,0.14,21.6,0.15,20.39,0.16,19.3,0.17,18.39,0.18,17.6,0.07,0.07,618.478,1776161276000
1776161278.461,178.461,0.86,21.6,0.85,20.39,0.84,19.3,0.83,18.39,0.82,17.6,0.93,24.57,0.94,46.1,0.95,54.7,0.96,67.7,0.97,89.3,0.07,24.57,0.06,46.1,0.05,54.7,0.04,67.7,0.03,89.3,0.14,21.6,0.15,20.39,0.16,19.3,0.17,18.39,0.18,17.6,0.07,0.07,618.477,1776161277000
1776161279.02,179.02,0.86,21.6,0.85,20.39,0.84,19.3,0.83,18.39,0.82,17.6,0.93,24.57,0.94,46.1,0.95,54.7,0.96,67.7,0.97,89.3,0.07,24.57,0.06,46.1,0.05,54.7,0.04,67.7,0.03,89.3,0.14,21.6,0.15,20.39,0.16,19.3,0.17,18.39,0.18,17.6,0.07,0.07,618.477,1776161278000
1776161280.076,180.076,0.86,21.6,0.85,20.39,0.84,19.3,0.83,18.39,0.82,17.6,0.93,24.57,0.94,46.1,0.95,54.7,0.96,67.7,0.97,89.3,0.07,24.57,0.06,46.1,0.05,54.7,0.04,67.7,0.03,89.3,0.14,21.6,0.15,20.39,0.16,19.3,0.17,18.39,0.18,17.6,0.07,0.07,618.473,1776161279000
1776161280.419,180.419,0.91,16.16,0.9,28.9,0.89,26.6,0.88,29.6,0.87,23.0,0.98,145.69,0.99,743.69,,,,,,,0.07,24.57,0.06,46.1,0.05,54.7,0.04,67.7,0.03,89.3,0.14,21.6,0.15,20.39,0.16,19.3,0.17,18.39,0.18,17.6,0.07,0.07,618.473,1776161279000
1776161281.329,181.329,0.91,16.16,0.9,28.9,0.89,26.6,0.88,29.6,0.87,23.0,0.98,145.69,0.99,743.69,,,,,,,0.02,145.69,0.01,743.69,,,,,,,0.09,16.16,0.1,28.9,0.11,26.6,0.12,29.6,0.13,23.0,0.07,0.07,618.539,1776161280000
1776161282.44,182.44,0.91,16.16,0.9,28.9,0.89,26.6,0.88,29.6,0.87,23.0,0.98,145.69,0.99,743.69,,,,,,,0.02,145.69,0.01,743.69,,,,,,,0.09,16.16,0.1,28.9,0.11,26.6,0.12,29.6,0.13,23.0,0.07,0.07,618.576,1776161281000
1776161282.995,182.995,0.91,16.16,0.9,28.9,0.89,26.6,0.88,29.6,0.87,23.0,0.98,145.69,0.99,743.69,,,,,,,0.02,145.69,0.01,743.69,,,,,,,0.09,16.16,0.1,28.9,0.11,26.6,0.12,29.6,0.13,23.0,0.07,0.07,618.576,1776161282000
1776161284.055,184.055,0.91,16.16,0.9,28.9,0.89,26.6,0.88,29.6,0.87,23.0,0.98,145.69,0.99,743.69,,,,,,,0.02,145.69,0.01,743.69,,,,,,,0.09,16.16,0.1,28.9,0.11,26.6,0.12,29.6,0.13,23.0,0.07,0.07,618.559,1776161283000
1776161284.964,184.964,0.91,16.16,0.9,28.9,0.89,26.6,0.88,29.6,0.87,23.0,0.98,145.69,0.99,743.69,,,,,,,0.02,145.69,0.01,743.69,,,,,,,0.09,16.16,0.1,28.9,0.11,26.6,0.12,29.6,0.13,23.0,0.07,0.07,618.564,1776161284000
1776161285.933,185.933,0.91,16.16,0.9,28.9,0.89,26.6,0.88,29.6,0.87,23.0,0.98,145.69,0.99,743.69,,,,,,,0.02,145.69,0.01,743.69,,,,,,,0.09,16.16,0.1,28.9,0.11,26.6,0.12,29.6,0.13,23.0,0.07,0.07,618.569,1776161285000
1776161286.964,186.964,0.91,16.16,0.9,28.9,0.89,26.6,0.88,29.6,0.87,23.0,0.98,145.69,0.99,743.69,,,,,,,0.02,145.69,0.01,743.69,,,,,,,0.09,16.16,0.1,28.9,0.11,26.6,0.12,29.6,0.13,23.0,0.07,0.07,618.57,1776161286000
1776161287.923,187.923,0.91,16.16,0.9,28.9,0.89,26.6,0.88,29.6,0.87,23.0,0.98,145.69,0.99,743.69,,,,,,,0.02,145.69,0.01,743.69,,,,,,,0.09,16.16,0.1,28.9,0.11,26.6,0.12,29.6,0.13,23.0,0.07,0.07,618.556,1776161287000
1776161288.951,188.951,0.91,16.16,0.9,28.9,0.89,26.6,0.88,29.6,0.87,23.0,0.98,145.69,0.99,743.69,,,,,,,0.02,145.69,0.01,743.69,,,,,,,0.09,16.16,0.1,28.9,0.11,26.6,0.12,29.6,0.13,23.0,0.07,0.07,618.516,1776161288000
1776161289.902,189.902,0.91,16.16,0.9,28.9,0.89,26.6,0.88,29.6,0.87,23.0,0.98,145.69,0.99,743.69,,,,,,,0.02,145.69,0.01,743.69,,,,,,,0.09,16.16,0.1,28.9,0.11,26.6,0.12,29.6,0.13,23.0,0.07,0.07,618.501,1776161289000
1776161290.845,190.845,0.91,16.16,0.9,28.9,0.89,26.6,0.88,29.6,0.87,23.0,0.98,145.69,0.99,743.69,,,,,,,0.02,145.69,0.01,743.69,,,,,,,0.09,16.16,0.1,28.9,0.11,26.6,0.12,29.6,0.13,23.0,0.07,0.07,618.499,1776161290000
1776161291.826,191.826,0.91,16.16,0.9,28.9,0.89,26.6,0.88,29.6,0.87,23.0,0.98,145.69,0.99,743.69,,,,,,,0.02,145.69,0.01,743.69,,,,,,,0.09,16.16,0.1,28.9,0.11,26.6,0.12,29.6,0.13,23.0,0.07,0.07,618.506,1776161291000
1776161292.777,192.777,0.91,16.16,0.9,28.9,0.89,26.6,0.88,29.6,0.87,23.0,0.98,145.69,0.99,743.69,,,,,,,0.02,145.69,0.01,743.69,,,,,,,0.09,16.16,0.1,28.9,0.11,26.6,0.12,29.6,0.13,23.0,0.07,0.07,618.505,1776161292000
1776161294.302,194.302,0.91,16.16,0.9,28.9,0.89,26.6,0.88,29.6,0.87,23.0,0.98,145.69,0.99,743.69,,,,,,,0.02,145.69,0.01,743.69,,,,,,,0.09,16.16,0.1,28.9,0.11,26.6,0.12,29.6,0.13,23.0,0.07,0.07,618.51,1776161293000
1776161295.183,195.183,0.91,16.16,0.9,28.9,0.89,26.6,0.88,29.6,0.87,23.0,0.98,145.69,0.99,743.69,,,,,,,0.02,145.69,0.01,743.69,,,,,,,0.09,16.16,0.1,28.9,0.11,26.6,0.12,29.6,0.13,23.0,0.07,0.07,618.51,1776161294000
1776161296.697,196.697,0.91,16.16,0.9,28.9,0.89,26.6,0.88,29.6,0.87,23.0,0.98,145.69,0.99,743.69,,,,,,,0.02,145.69,0.01,743.69,,,,,,,0.09,16.16,0.1,28.9,0.11,26.6,0.12,29.6,0.13,23.0,0.07,0.07,618.509,1776161295000
1776161297.124,197.124,0.91,16.16,0.9,28.9,0.89,26.6,0.88,29.6,0.87,23.0,0.98,145.69,0.99,743.69,,,,,,,0.02,145.69,0.01,743.69,,,,,,,0.09,16.16,0.1,28.9,0.11,26.6,0.12,29.6,0.13,23.0,0.07,0.07,618.509,1776161296000
1776161298.084,198.084,0.91,16.16,0.9,28.9,0.89,26.6,0.88,29.6,0.87,23.0,0.98,145.69,0.99,743.69,,,,,,,0.02,145.69,0.01,743.69,,,,,,,0.09,16.16,0.1,28.9,0.11,26.6,0.12,29.6,0.13,23.0,0.07,0.07,618.513,1776161297000
1776161299.0,199.0,0.91,16.16,0.9,28.9,0.89,26.6,0.88,29.6,0.87,23.0,0.98,145.69,0.99,743.69,,,,,,,0.02,145.69,0.01,743.69,,,,,,,0.09,16.16,0.1,28.9,0.11,26.6,0.12,29.6,0.13,23.0,0.07,0.07,618.513,1776161298000
1776161300.012,200.012,0.91,16.16,0.9,28.9,0.89,26.6,0.88,29.6,0.87,23.0,0.98,145.69,0.99,743.69,,,,,,,0.02,145.69,0.01,743.69,,,,,,,0.09,16.16,0.1,28.9,0.11,26.6,0.12,29.6,0.13,23.0,0.07,0.07,618.504,1776161299000
1776161300.933,200.933,0.91,16.16,0.9,28.9,0.89,26.6,0.88,29.6,0.87,23.0,0.98,145.69,0.99,743.69,,,,,,,0.02,145.69,0.01,743.69,,,,,,,0.09,16.16,0.1,28.9,0.11,26.6,0.12,29.6,0.13,23.0,0.07,0.07,618.508,1776161300000
1776161301.901,201.901,0.95,59.7,0.94,46.1,0.93,39.9,0.92,35.29,0.91,16.16,0.98,117.28,0.99,743.69,,,,,,,0.02,117.28,0.01,743.69,,,,,,,0.05,59.7,0.06,46.1,0.07,39.9,0.08,35.29,0.09,16.16,0.03,0.03,618.505,1776161301000
1776161302.847,202.847,0.95,59.7,0.94,46.1,0.93,39.9,0.92,35.29,0.91,16.16,0.98,117.28,0.99,743.69,,,,,,,0.02,117.28,0.01,743.69,,,,,,,0.05,59.7,0.06,46.1,0.07,39.9,0.08,35.29,0.09,16.16,0.03,0.03,618.504,1776161302000
1776161303.885,203.885,0.95,59.7,0.94,46.1,0.93,39.9,0.92,35.29,0.91,16.16,0.98,117.28,0.99,743.69,,,,,,,0.02,117.28,0.01,743.69,,,,,,,0.05,59.7,0.06,46.1,0.07,39.9,0.08,35.29,0.09,16.16,0.03,0.03,618.505,1776161303000
1776161304.812,204.812,0.95,59.7,0.94,46.1,0.93,39.9,0.92,35.29,0.91,16.16,0.98,117.28,0.99,743.69,,,,,,,0.02,117.28,0.01,743.69,,,,,,,0.05,59.7,0.06,46.1,0.07,39.9,0.08,35.29,0.09,16.16,0.03,0.03,618.51,1776161304000
1776161306.032,206.032,0.89,16.23,0.88,24.6,0.87,23.0,0.86,21.6,0.85,20.39,0.96,67.7,0.97,94.3,0.98,117.28,0.99,738.69,,,0.02,117.28,0.01,743.69,,,,,,,0.05,59.7,0.06,46.1,0.07,39.9,0.08,35.29,0.09,16.16,0.07,0.03,618.51,1776161304000
1776161307.226,207.226,0.89,16.23,0.88,24.6,0.87,23.0,0.86,21.6,0.85,20.39,0.96,67.7,0.97,94.3,0.98,117.28,0.99,738.69,,,0.04,67.7,0.03,94.3,0.02,117.28,0.01,738.69,,,0.11,16.23,0.12,24.6,0.13,23.0,0.14,21.6,0.15,20.39,0.07,0.07,618.463043,1776161306000
1776161308.268,208.268,0.89,16.23,0.88,24.6,0.87,23.0,0.86,21.6,0.85,20.39,0.96,67.7,0.97,94.3,0.98,117.28,0.99,738.69,,,0.04,67.7,0.03,94.3,0.02,117.28,0.01,738.69,,,0.11,16.23,0.12,24.6,0.13,23.0,0.14,21.6,0.15,20.39,0.07,0.07,618.41607,1776161307000
1776161308.574,208.574,0.71,12.6,0.7,12.4,0.69,12.2,0.68,11.9,0.67,11.8,0.91,81.7,0.92,35.29,0.93,39.9,0.94,46.1,0.95,59.7,0.04,67.7,0.03,94.3,0.02,117.28,0.01,738.69,,,0.11,16.23,0.12,24.6,0.13,23.0,0.14,21.6,0.15,20.39,0.2,0.07,618.41607,1776161307000
1776161309.226,209.226,0.71,12.6,0.7,12.4,0.69,12.2,0.68,11.9,0.67,11.8,0.91,81.7,0.92,35.29,0.93,39.9,0.94,46.1,0.95,59.7,0.09,81.7,0.08,35.29,0.07,39.9,0.06,46.1,0.05,59.7,0.29,12.6,0.3,12.4,0.31,12.2,0.32,11.9,0.33,11.8,0.2,0.2,618.389,1776161308000
1776161310.184,210.184,0.71,12.6,0.7,12.4,0.69,12.2,0.68,11.9,0.67,11.8,0.91,81.7,0.92,35.29,0.93,39.9,0.94,46.1,0.95,59.7,0.09,81.7,0.08,35.29,0.07,39.9,0.06,46.1,0.05,59.7,0.29,12.6,0.3,12.4,0.31,12.2,0.32,11.9,0.33,11.8,0.2,0.2,618.37,1776161309000
1776161311.21,211.21,0.71,12.6,0.7,12.4,0.69,12.2,0.68,11.9,0.67,11.8,0.91,81.7,0.92,35.29,0.93,39.9,0.94,46.1,0.95,59.7,0.09,81.7,0.08,35.29,0.07,39.9,0.06,46.1,0.05,59.7,0.29,12.6,0.3,12.4,0.31,12.2,0.32,11.9,0.33,11.8,0.2,0.2,618.398,1776161310000
1776161312.208,212.208,0.71,12.6,0.7,12.4,0.69,12.2,0.68,11.9,0.67,11.8,0.91,81.7,0.92,35.29,0.93,39.9,0.94,46.1,0.95,59.7,0.09,81.7,0.08,35.29,0.07,39.9,0.06,46.1,0.05,59.7,0.29,12.6,0.3,12.4,0.31,12.2,0.32,11.9,0.33,11.8,0.2,0.2,618.42146,1776161311000
1776161313.313,213.313,0.71,12.6,0.7,12.4,0.69,12.2,0.68,11.9,0.67,11.8,0.91,81.7,0.92,35.29,0.93,39.9,0.94,46.1,0.95,59.7,0.09,81.7,0.08,35.29,0.07,39.9,0.06,46.1,0.05,59.7,0.29,12.6,0.3,12.4,0.31,12.2,0.32,11.9,0.33,11.8,0.2,0.2,618.429,1776161312000
1776161313.857,213.857,0.71,12.6,0.7,12.4,0.69,12.2,0.68,11.9,0.67,11.8,0.91,81.7,0.92,35.29,0.93,39.9,0.94,46.1,0.95,59.7,0.09,81.7,0.08,35.29,0.07,39.9,0.06,46.1,0.05,59.7,0.29,12.6,0.3,12.4,0.31,12.2,0.32,11.9,0.33,11.8,0.2,0.2,618.42229,1776161313000
1776161314.837,214.837,0.71,12.6,0.7,12.4,0.69,12.2,0.68,11.9,0.67,11.8,0.91,81.7,0.92,35.29,0.93,39.9,0.94,46.1,0.95,59.7,0.09,81.7,0.08,35.29,0.07,39.9,0.06,46.1,0.05,59.7,0.29,12.6,0.3,12.4,0.31,12.2,0.32,11.9,0.33,11.8,0.2,0.2,618.41629,1776161314000
1776161315.943,215.943,0.71,12.6,0.7,12.4,0.69,12.2,0.68,11.9,0.67,11.8,0.91,81.7,0.92,35.29,0.93,39.9,0.94,46.1,0.95,59.7,0.09,81.7,0.08,35.29,0.07,39.9,0.06,46.1,0.05,59.7,0.29,12.6,0.3,12.4,0.31,12.2,0.32,11.9,0.33,11.8,0.2,0.2,618.41631,1776161315000
1776161316.942,216.942,0.71,12.6,0.7,12.4,0.69,12.2,0.68,11.9,0.67,11.8,0.91,81.7,0.92,35.29,0.93,39.9,0.94,46.1,0.95,59.7,0.09,81.7,0.08,35.29,0.07,39.9,0.06,46.1,0.05,59.7,0.29,12.6,0.3,12.4,0.31,12.2,0.32,11.9,0.33,11.8,0.2,0.2,618.414,1776161316000
1776161317.716,217.716,0.85,5.0,0.84,20.0,0.76,10.0,0.75,13.9,0.74,13.5,0.93,3.92,0.94,46.1,0.95,54.7,0.96,67.7,0.97,94.3,0.09,81.7,0.08,35.29,0.07,39.9,0.06,46.1,0.05,59.7,0.29,12.6,0.3,12.4,0.31,12.2,0.32,11.9,0.33,11.8,0.08,0.2,618.414,1776161316000
1776161317.939,217.939,0.85,5.0,0.84,20.0,0.76,10.0,0.75,13.9,0.74,13.5,0.93,3.92,0.94,46.1,0.95,54.7,0.96,67.7,0.97,94.3,0.07,3.92,0.06,46.1,0.05,54.7,0.04,67.7,0.03,94.3,0.15,5.0,0.16,20.0,0.24,10.0,0.25,13.9,0.26,13.5,0.08,0.08,618.428,1776161317000
1776161318.757,218.757,0.85,5.0,0.84,20.0,0.77,14.7,0.76,24.3,0.75,13.9,0.95,0.72,0.96,67.7,0.97,94.3,0.98,117.28,0.99,738.69,0.07,3.92,0.06,46.1,0.05,54.7,0.04,67.7,0.03,94.3,0.15,5.0,0.16,20.0,0.24,10.0,0.25,13.9,0.26,13.5,0.1,0.08,618.428,1776161317000
1776161319.893,219.893,0.85,5.0,0.84,20.0,0.77,14.7,0.76,24.3,0.75,13.9,0.95,0.72,0.96,67.7,0.97,94.3,0.98,117.28,0.99,738.69,0.05,0.72,0.04,67.7,0.03,94.3,0.02,117.28,0.01,738.69,0.15,5.0,0.16,20.0,0.23,14.7,0.24,24.3,0.25,13.9,0.1,0.1,618.449,1776161319000
1776161320.821,220.821,0.85,5.0,0.84,20.0,0.77,14.7,0.76,24.3,0.75,13.9,0.95,0.72,0.96,67.7,0.97,94.3,0.98,117.28,0.99,738.69,0.05,0.72,0.04,67.7,0.03,94.3,0.02,117.28,0.01,738.69,0.15,5.0,0.16,20.0,0.23,14.7,0.24,24.3,0.25,13.9,0.1,0.1,618.438,1776161320000
1776161322.525,222.525,0.85,5.0,0.84,20.0,0.77,14.7,0.76,24.3,0.75,13.9,0.95,0.72,0.96,67.7,0.97,94.3,0.98,117.28,0.99,738.69,0.05,0.72,0.04,67.7,0.03,94.3,0.02,117.28,0.01,738.69,0.15,5.0,0.16,20.0,0.23,14.7,0.24,24.3,0.25,13.9,0.1,0.1,618.443,1776161321000
1776161323.401,223.401,0.85,5.0,0.84,20.0,0.77,14.7,0.76,24.3,0.75,13.9,0.95,0.72,0.96,67.7,0.97,94.3,0.98,117.28,0.99,738.69,0.05,0.72,0.04,67.7,0.03,94.3,0.02,117.28,0.01,738.69,0.15,5.0,0.16,20.0,0.23,14.7,0.24,24.3,0.25,13.9,0.1,0.1,618.443,1776161322000
1776161323.969,223.969,0.85,5.0,0.84,20.0,0.77,14.7,0.76,24.3,0.75,13.9,0.95,0.72,0.96,67.7,0.97,94.3,0.98,117.28,0.99,738.69,0.05,0.72,0.04,67.7,0.03,94.3,0.02,117.28,0.01,738.69,0.15,5.0,0.16,20.0,0.23,14.7,0.24,24.3,0.25,13.9,0.1,0.1,618.444,1776161323000
1776161325.641,225.641,0.85,5.0,0.84,20.0,0.77,14.7,0.76,24.3,0.75,13.9,0.95,0.72,0.96,67.7,0.97,94.3,0.98,117.28,0.99,738.69,0.05,0.72,0.04,67.7,0.03,94.3,0.02,117.28,0.01,738.69,0.15,5.0,0.16,20.0,0.23,14.7,0.24,24.3,0.25,13.9,0.1,0.1,618.44,1776161324000
1776161326.236,226.236,0.85,5.0,0.84,20.0,0.77,14.7,0.76,24.3,0.75,13.9,0.95,0.72,0.96,67.7,0.97,94.3,0.98,117.28,0.99,738.69,0.05,0.72,0.04,67.7,0.03,94.3,0.02,117.28,0.01,738.69,0.15,5.0,0.16,20.0,0.23,14.7,0.24,24.3,0.25,13.9,0.1,0.1,618.435,1776161325000
1776161327.832,227.832,0.85,5.0,0.84,20.0,0.77,14.7,0.76,24.3,0.75,13.9,0.95,0.72,0.96,67.7,0.97,94.3,0.98,117.28,0.99,738.69,0.05,0.72,0.04,67.7,0.03,94.3,0.02,117.28,0.01,738.69,0.15,5.0,0.16,20.0,0.23,14.7,0.24,24.3,0.25,13.9,0.1,0.1,618.435,1776161326000
1776161328.564,228.564,0.85,5.0,0.84,20.0,0.77,14.7,0.76,24.3,0.75,13.9,0.95,0.72,0.96,67.7,0.97,94.3,0.98,117.28,0.99,738.69,0.05,0.72,0.04,67.7,0.03,94.3,0.02,117.28,0.01,738.69,0.15,5.0,0.16,20.0,0.23,14.7,0.24,24.3,0.25,13.9,0.1,0.1,618.435,1776161327000
1776161329.236,229.236,0.85,5.0,0.84,20.0,0.77,14.7,0.76,24.3,0.75,13.9,0.95,0.72,0.96,67.7,0.97,94.3,0.98,117.28,0.99,738.69,0.05,0.72,0.04,67.7,0.03,94.3,0.02,117.28,0.01,738.69,0.15,5.0,0.16,20.0,0.23,14.7,0.24,24.3,0.25,13.9,0.1,0.1,618.437,1776161328000
1776161330.627,230.627,0.85,5.0,0.84,20.0,0.77,14.7,0.76,24.3,0.75,13.9,0.95,0.72,0.96,67.7,0.97,94.3,0.98,117.28,0.99,738.69,0.05,0.72,0.04,67.7,0.03,94.3,0.02,117.28,0.01,738.69,0.15,5.0,0.16,20.0,0.23,14.7,0.24,24.3,0.25,13.9,0.1,0.1,618.431,1776161329000
1776161331.359,231.359,0.85,5.0,0.84,20.0,0.77,14.7,0.76,24.3,0.75,13.9,0.95,0.72,0.96,67.7,0.97,94.3,0.98,117.28,0.99,738.69,0.05,0.72,0.04,67.7,0.03,94.3,0.02,117.28,0.01,738.69,0.15,5.0,0.16,20.0,0.23,14.7,0.24,24.3,0.25,13.9,0.1,0.1,618.44,1776161330000
1776161331.675,231.675,0.95,54.7,0.94,46.1,0.93,39.9,0.92,35.29,0.91,31.7,0.99,738.69,,,,,,,,,0.05,0.72,0.04,67.7,0.03,94.3,0.02,117.28,0.01,738.69,0.15,5.0,0.16,20.0,0.23,14.7,0.24,24.3,0.25,13.9,0.04,0.1,618.44,1776161330000
1776161332.081,232.081,0.95,54.7,0.94,46.1,0.93,39.9,0.92,35.29,0.91,31.7,0.99,738.69,,,,,,,,,0.01,738.69,,,,,,,,,0.05,54.7,0.06,46.1,0.07,39.9,0.08,35.29,0.09,31.7,0.04,0.04,618.44,1776161331000
1776161332.702,232.702,0.97,89.3,0.96,72.7,0.95,54.7,0.94,46.1,0.93,39.9,0.99,718.48,,,,,,,,,0.01,738.69,,,,,,,,,0.05,54.7,0.06,46.1,0.07,39.9,0.08,35.29,0.09,31.7,0.02,0.04,618.44,1776161331000
1776161333.374,233.374,0.96,68.42,0.95,54.7,0.94,46.1,0.93,39.9,0.92,35.29,0.99,718.48,,,,,,,,,0.01,718.48,,,,,,,,,0.03,89.3,0.04,72.7,0.05,54.7,0.06,46.1,0.07,39.9,0.03,0.02,618.44,1776161331000
1776161334.257,234.257,0.96,68.42,0.95,54.7,0.94,46.1,0.93,39.9,0.92,35.29,0.99,718.48,,,,,,,,,0.01,718.48,,,,,,,,,0.04,68.42,0.05,54.7,0.06,46.1,0.07,39.9,0.08,35.29,0.03,0.03,618.490234,1776161333000
1776161335.739,235.739,0.96,68.42,0.95,54.7,0.94,46.1,0.93,39.9,0.92,35.29,0.99,718.48,,,,,,,,,0.01,718.48,,,,,,,,,0.04,68.42,0.05,54.7,0.06,46.1,0.07,39.9,0.08,35.29,0.03,0.03,618.479,1776161334000
1776161336.33,236.33,0.96,68.42,0.95,54.7,0.94,46.1,0.93,39.9,0.92,35.29,0.99,718.48,,,,,,,,,0.01,718.48,,,,,,,,,0.04,68.42,0.05,54.7,0.06,46.1,0.07,39.9,0.08,35.29,0.03,0.03,618.483,1776161335000
1776161337.071,237.071,0.96,68.42,0.95,54.7,0.94,46.1,0.93,39.9,0.92,35.29,0.99,718.48,,,,,,,,,0.01,718.48,,,,,,,,,0.04,68.42,0.05,54.7,0.06,46.1,0.07,39.9,0.08,35.29,0.03,0.03,618.483,1776161336000
1776161338.426,238.426,0.96,68.42,0.95,54.7,0.94,46.1,0.93,39.9,0.92,35.29,0.99,718.48,,,,,,,,,0.01,718.48,,,,,,,,,0.04,68.42,0.05,54.7,0.06,46.1,0.07,39.9,0.08,35.29,0.03,0.03,618.486,1776161337000
1776161339.111,239.111,0.96,68.42,0.95,54.7,0.94,46.1,0.93,39.9,0.92,35.29,0.99,718.48,,,,,,,,,0.01,718.48,,,,,,,,,0.04,68.42,0.05,54.7,0.06,46.1,0.07,39.9,0.08,35.29,0.03,0.03,618.486,1776161338000
1776161341.136,241.136,0.96,68.42,0.95,54.7,0.94,46.1,0.93,39.9,0.92,35.29,0.99,718.48,,,,,,,,,0.01,718.48,,,,,,,,,0.04,68.42,0.05,54.7,0.06,46.1,0.07,39.9,0.08,35.29,0.03,0.03,618.432,1776161340000
1776161342.355,242.355,0.96,68.42,0.95,54.7,0.94,46.1,0.93,39.9,0.92,35.29,0.99,718.48,,,,,,,,,0.01,718.48,,,,,,,,,0.04,68.42,0.05,54.7,0.06,46.1,0.07,39.9,0.08,35.29,0.03,0.03,618.461,1776161341000
1776161342.988,242.988,0.96,68.42,0.95,54.7,0.94,46.1,0.93,39.9,0.92,35.29,0.99,718.48,,,,,,,,,0.01,718.48,,,,,,,,,0.04,68.42,0.05,54.7,0.06,46.1,0.07,39.9,0.08,35.29,0.03,0.03,618.461,1776161342000
1776161344.213,244.213,0.96,68.42,0.95,54.7,0.94,46.1,0.93,39.9,0.92,35.29,0.99,718.48,,,,,,,,,0.01,718.48,,,,,,,,,0.04,68.42,0.05,54.7,0.06,46.1,0.07,39.9,0.08,35.29,0.03,0.03,618.456,1776161343000
1776161345.322,245.322,0.96,68.42,0.95,54.7,0.94,46.1,0.93,39.9,0.92,35.29,0.99,718.48,,,,,,,,,0.01,718.48,,,,,,,,,0.04,68.42,0.05,54.7,0.06,46.1,0.07,39.9,0.08,35.29,0.03,0.03,618.472,1776161344000
1776161345.982,245.982,0.96,68.42,0.95,54.7,0.94,46.1,0.93,39.9,0.92,35.29,0.99,718.48,,,,,,,,,0.01,718.48,,,,,,,,,0.04,68.42,0.05,54.7,0.06,46.1,0.07,39.9,0.08,35.29,0.03,0.03,618.472,1776161345000
1776161347.136,247.136,0.96,68.42,0.95,54.7,0.94,46.1,0.93,39.9,0.92,35.29,0.99,718.48,,,,,,,,,0.01,718.48,,,,,,,,,0.04,68.42,0.05,54.7,0.06,46.1,0.07,39.9,0.08,35.29,0.03,0.03,618.465,1776161346000
1776161347.717,247.717,0.98,15.1,0.96,74.42,0.95,54.7,0.94,46.1,0.93,39.9,0.99,374.86,,,,,,,,,0.01,718.48,,,,,,,,,0.04,68.42,0.05,54.7,0.06,46.1,0.07,39.9,0.08,35.29,0.01,0.03,618.465,1776161346000
1776161348.956,248.956,0.98,15.1,0.96,74.42,0.95,54.7,0.94,46.1,0.93,39.9,0.99,374.86,,,,,,,,,0.01,374.86,,,,,,,,,0.02,15.1,0.04,74.42,0.05,54.7,0.06,46.1,0.07,39.9,0.01,0.01,618.472,1776161348000
1776161350.216,250.216,0.98,15.1,0.96,74.42,0.95,54.7,0.94,46.1,0.93,39.9,0.99,374.86,,,,,,,,,0.01,374.86,,,,,,,,,0.02,15.1,0.04,74.42,0.05,54.7,0.06,46.1,0.07,39.9,0.01,0.01,618.467,1776161349000
1776161351.275,251.275,0.98,15.1,0.96,74.42,0.95,54.7,0.94,46.1,0.93,39.9,0.99,374.86,,,,,,,,,0.01,374.86,,,,,,,,,0.02,15.1,0.04,74.42,0.05,54.7,0.06,46.1,0.07,39.9,0.01,0.01,618.467,1776161350000
1776161351.914,251.914,0.98,15.1,0.96,74.42,0.95,54.7,0.94,46.1,0.93,39.9,0.99,374.86,,,,,,,,,0.01,374.86,,,,,,,,,0.02,15.1,0.04,74.42,0.05,54.7,0.06,46.1,0.07,39.9,0.01,0.01,618.457,1776161351000
1776161353.094,253.094,0.98,15.1,0.96,74.42,0.95,54.7,0.94,46.1,0.93,39.9,0.99,374.86,,,,,,,,,0.01,374.86,,,,,,,,,0.02,15.1,0.04,74.42,0.05,54.7,0.06,46.1,0.07,39.9,0.01,0.01,618.467,1776161352000
1776161354.255,254.255,0.98,15.1,0.96,74.42,0.95,54.7,0.94,46.1,0.93,39.9,0.99,374.86,,,,,,,,,0.01,374.86,,,,,,,,,0.02,15.1,0.04,74.42,0.05,54.7,0.06,46.1,0.07,39.9,0.01,0.01,618.466,1776161353000
1776161355.355,255.355,0.98,15.1,0.96,74.42,0.95,54.7,0.94,46.1,0.93,39.9,0.99,374.86,,,,,,,,,0.01,374.86,,,,,,,,,0.02,15.1,0.04,74.42,0.05,54.7,0.06,46.1,0.07,39.9,0.01,0.01,618.457,1776161354000
1776161356.539,256.539,0.98,15.1,0.96,74.42,0.95,54.7,0.94,46.1,0.93,39.9,0.99,374.86,,,,,,,,,0.01,374.86,,,,,,,,,0.02,15.1,0.04,74.42,0.05,54.7,0.06,46.1,0.07,39.9,0.01,0.01,618.471,1776161355000
1776161357.165,257.165,0.98,15.1,0.96,74.42,0.95,54.7,0.94,46.1,0.93,39.9,0.99,374.86,,,,,,,,,0.01,374.86,,,,,,,,,0.02,15.1,0.04,74.42,0.05,54.7,0.06,46.1,0.07,39.9,0.01,0.01,618.471,1776161356000
1776161357.739,257.739,0.98,15.1,0.96,73.7,0.95,54.7,0.94,46.1,0.93,39.9,0.99,368.86,,,,,,,,,0.01,374.86,,,,,,,,,0.02,15.1,0.04,74.42,0.05,54.7,0.06,46.1,0.07,39.9,0.01,0.01,618.471,1776161356000
1776161358.428,258.428,0.98,15.1,0.96,73.7,0.95,54.7,0.94,46.1,0.93,39.9,0.99,368.86,,,,,,,,,0.01,368.86,,,,,,,,,0.02,15.1,0.04,73.7,0.05,54.7,0.06,46.1,0.07,39.9,0.01,0.01,618.475,1776161357000
1776161359.308,259.308,0.98,15.1,0.96,73.7,0.95,54.7,0.94,46.1,0.93,39.9,0.99,368.86,,,,,,,,,0.01,368.86,,,,,,,,,0.02,15.1,0.04,73.7,0.05,54.7,0.06,46.1,0.07,39.9,0.01,0.01,618.466,1776161358000
1776161360.259,260.259,0.98,15.1,0.96,73.7,0.95,54.7,0.94,46.1,0.93,39.9,0.99,368.86,,,,,,,,,0.01,368.86,,,,,,,,,0.02,15.1,0.04,73.7,0.05,54.7,0.06,46.1,0.07,39.9,0.01,0.01,618.459,1776161359000
1776161361.288,261.288,0.98,15.1,0.96,73.7,0.95,54.7,0.94,46.1,0.93,39.9,0.99,368.86,,,,,,,,,0.01,368.86,,,,,,,,,0.02,15.1,0.04,73.7,0.05,54.7,0.06,46.1,0.07,39.9,0.01,0.01,618.457,1776161360000
1776161361.807,261.807,0.98,15.1,0.96,73.7,0.95,54.7,0.94,46.1,0.93,39.9,0.99,368.86,,,,,,,,,0.01,368.86,,,,,,,,,0.02,15.1,0.04,73.7,0.05,54.7,0.06,46.1,0.07,39.9,0.01,0.01,618.457,1776161361000
1776161362.878,262.878,0.98,15.1,0.96,73.7,0.95,54.7,0.94,46.1,0.93,39.9,0.99,368.86,,,,,,,,,0.01,368.86,,,,,,,,,0.02,15.1,0.04,73.7,0.05,54.7,0.06,46.1,0.07,39.9,0.01,0.01,618.456,1776161362000
1776161363.902,263.902,0.98,15.1,0.96,73.7,0.95,54.7,0.94,46.1,0.93,39.9,0.99,368.86,,,,,,,,,0.01,368.86,,,,,,,,,0.02,15.1,0.04,73.7,0.05,54.7,0.06,46.1,0.07,39.9,0.01,0.01,618.456,1776161363000
1776161364.922,264.922,0.98,15.1,0.96,73.7,0.95,54.7,0.94,46.1,0.93,39.9,0.99,368.86,,,,,,,,,0.01,368.86,,,,,,,,,0.02,15.1,0.04,73.7,0.05,54.7,0.06,46.1,0.07,39.9,0.01,0.01,618.459,1776161364000
1776161365.409,265.409,0.98,15.1,0.96,73.7,0.95,54.7,0.94,46.1,0.93,39.9,0.99,272.84,,,,,,,,,0.01,368.86,,,,,,,,,0.02,15.1,0.04,73.7,0.05,54.7,0.06,46.1,0.07,39.9,0.01,0.01,618.459,1776161364000
1776161365.968,265.968,0.98,15.1,0.96,73.7,0.95,54.7,0.94,46.1,0.93,39.9,0.99,272.84,,,,,,,,,0.01,272.84,,,,,,,,,0.02,15.1,0.04,73.7,0.05,54.7,0.06,46.1,0.07,39.9,0.01,0.01,618.456,1776161365000
1776161366.971,266.971,0.98,15.1,0.96,73.7,0.95,54.7,0.94,46.1,0.93,39.9,0.99,272.84,,,,,,,,,0.01,272.84,,,,,,,,,0.02,15.1,0.04,73.7,0.05,54.7,0.06,46.1,0.07,39.9,0.01,0.01,618.456,1776161366000
1776161367.991,267.991,0.98,15.1,0.96,73.7,0.95,54.7,0.94,46.1,0.93,39.9,0.99,272.84,,,,,,,,,0.01,272.84,,,,,,,,,0.02,15.1,0.04,73.7,0.05,54.7,0.06,46.1,0.07,39.9,0.01,0.01,618.459,1776161367000
1776161369.015,269.015,0.98,15.1,0.96,73.7,0.95,54.7,0.94,46.1,0.93,39.9,0.99,272.84,,,,,,,,,0.01,272.84,,,,,,,,,0.02,15.1,0.04,73.7,0.05,54.7,0.06,46.1,0.07,39.9,0.01,0.01,618.467,1776161368000
1776161370.16,270.16,0.98,15.1,0.96,73.7,0.95,54.7,0.94,46.1,0.93,39.9,0.99,272.84,,,,,,,,,0.01,272.84,,,,,,,,,0.02,15.1,0.04,73.7,0.05,54.7,0.06,46.1,0.07,39.9,0.01,0.01,618.478,1776161369000
1776161371.03,271.03,0.98,147.79,0.97,89.3,0.96,73.7,0.95,54.7,0.94,46.1,0.99,166.77,,,,,,,,,0.01,166.77,,,,,,,,,0.02,147.79,0.03,89.3,0.04,73.7,0.05,54.7,0.06,46.1,0.01,0.01,618.478,1776161370000
1776161372.096,272.096,0.98,147.79,0.97,89.3,0.96,73.7,0.95,54.7,0.94,46.1,0.99,166.77,,,,,,,,,0.01,166.77,,,,,,,,,0.02,147.79,0.03,89.3,0.04,73.7,0.05,54.7,0.06,46.1,0.01,0.01,618.468,1776161371000
1776161373.101,273.101,0.98,147.79,0.97,89.3,0.96,73.7,0.95,54.7,0.94,46.1,0.99,166.77,,,,,,,,,0.01,166.77,,,,,,,,,0.02,147.79,0.03,89.3,0.04,73.7,0.05,54.7,0.06,46.1,0.01,0.01,618.468,1776161372000
1776161374.085,274.085,0.98,147.79,0.97,89.3,0.96,73.7,0.95,54.7,0.94,46.1,0.99,166.77,,,,,,,,,0.01,166.77,,,,,,,,,0.02,147.79,0.03,89.3,0.04,73.7,0.05,54.7,0.06,46.1,0.01,0.01,618.475,1776161373000
1776161375.045,275.045,0.98,147.79,0.97,89.3,0.96,73.7,0.95,54.7,0.94,46.1,0.99,166.77,,,,,,,,,0.01,166.77,,,,,,,,,0.02,147.79,0.03,89.3,0.04,73.7,0.05,54.7,0.06,46.1,0.01,0.01,618.48,1776161374000
1776161376.053,276.053,0.98,147.79,0.97,89.3,0.96,73.7,0.95,54.7,0.94,46.1,0.99,166.77,,,,,,,,,0.01,166.77,,,,,,,,,0.02,147.79,0.03,89.3,0.04,73.7,0.05,54.7,0.06,46.1,0.01,0.01,618.481,1776161375000
1776161377.078,277.078,0.98,147.79,0.97,89.3,0.96,73.7,0.95,54.7,0.94,46.1,0.99,166.77,,,,,,,,,0.01,166.77,,,,,,,,,0.02,147.79,0.03,89.3,0.04,73.7,0.05,54.7,0.06,46.1,0.01,0.01,618.473,1776161376000
1776161378.058,278.058,0.98,147.79,0.97,89.3,0.96,73.7,0.95,54.7,0.94,46.1,0.99,166.77,,,,,,,,,0.01,166.77,,,,,,,,,0.02,147.79,0.03,89.3,0.04,73.7,0.05,54.7,0.06,46.1,0.01,0.01,618.417,1776161377000
1776161379.196,279.196,0.98,147.79,0.97,89.3,0.96,73.7,0.95,54.7,0.94,46.1,0.99,166.77,,,,,,,,,0.01,166.77,,,,,,,,,0.02,147.79,0.03,89.3,0.04,73.7,0.05,54.7,0.06,46.1,0.01,0.01,618.419,1776161378000
1776161380.051,280.051,0.98,147.79,0.97,89.3,0.96,73.7,0.95,54.7,0.94,46.1,0.99,166.77,,,,,,,,,0.01,166.77,,,,,,,,,0.02,147.79,0.03,89.3,0.04,73.7,0.05,54.7,0.06,46.1,0.01,0.01,618.416,1776161379000
1776161381.044,281.044,0.98,147.79,0.97,89.3,0.96,73.7,0.95,54.7,0.94,46.1,0.99,166.77,,,,,,,,,0.01,166.77,,,,,,,,,0.02,147.79,0.03,89.3,0.04,73.7,0.05,54.7,0.06,46.1,0.01,0.01,618.419,1776161380000
1776161381.961,281.961,0.98,147.79,0.97,89.3,0.96,73.7,0.95,54.7,0.94,46.1,0.99,166.77,,,,,,,,,0.01,166.77,,,,,,,,,0.02,147.79,0.03,89.3,0.04,73.7,0.05,54.7,0.06,46.1,0.01,0.01,618.417,1776161381000
1776161382.942,282.942,0.98,147.79,0.97,89.3,0.96,73.7,0.95,54.7,0.94,46.1,0.99,166.77,,,,,,,,,0.01,166.77,,,,,,,,,0.02,147.79,0.03,89.3,0.04,73.7,0.05,54.7,0.06,46.1,0.01,0.01,618.42,1776161382000
1776161383.979,283.979,0.98,147.79,0.97,89.3,0.96,73.7,0.95,54.7,0.94,46.1,0.99,166.77,,,,,,,,,0.01,166.77,,,,,,,,,0.02,147.79,0.03,89.3,0.04,73.7,0.05,54.7,0.06,46.1,0.01,0.01,618.425,1776161383000
1776161385.067,285.067,0.98,147.79,0.97,89.3,0.96,73.7,0.95,54.7,0.94,46.1,0.99,166.77,,,,,,,,,0.01,166.77,,,,,,,,,0.02,147.79,0.03,89.3,0.04,73.7,0.05,54.7,0.06,46.1,0.01,0.01,618.413,1776161384000
1776161385.583,285.583,0.98,15.1,0.94,10.0,0.88,5.0,0.81,50.0,0.71,50.0,0.99,156.37,,,,,,,,,0.01,166.77,,,,,,,,,0.02,147.79,0.03,89.3,0.04,73.7,0.05,54.7,0.06,46.1,0.01,0.01,618.413,1776161384000
1776161386.329,286.329,0.98,15.1,0.94,10.0,0.88,5.0,0.81,50.0,0.71,50.0,0.99,151.31,,,,,,,,,0.01,151.31,,,,,,,,,0.02,15.1,0.06,10.0,0.12,5.0,0.19,50.0,0.29,50.0,0.01,0.01,618.414,1776161385000
1776161387.119,287.119,0.98,15.1,0.94,10.0,0.88,5.0,0.81,50.0,0.71,50.0,0.99,151.31,,,,,,,,,0.01,151.31,,,,,,,,,0.02,15.1,0.06,10.0,0.12,5.0,0.19,50.0,0.29,50.0,0.01,0.01,618.414,1776161386000
1776161388.282,288.282,0.98,15.1,0.94,10.0,0.88,5.0,0.81,50.0,0.71,50.0,0.99,151.31,,,,,,,,,0.01,151.31,,,,,,,,,0.02,15.1,0.06,10.0,0.12,5.0,0.19,50.0,0.29,50.0,0.01,0.01,618.402,1776161387000
1776161389.47,289.47,0.98,15.1,0.94,10.0,0.88,5.0,0.81,50.0,0.71,50.0,0.99,151.31,,,,,,,,,0.01,151.31,,,,,,,,,0.02,15.1,0.06,10.0,0.12,5.0,0.19,50.0,0.29,50.0,0.01,0.01,618.398,1776161388000
1776161390.03,290.03,0.98,15.1,0.94,10.0,0.88,5.0,0.81,50.0,0.71,50.0,0.99,151.31,,,,,,,,,0.01,151.31,,,,,,,,,0.02,15.1,0.06,10.0,0.12,5.0,0.19,50.0,0.29,50.0,0.01,0.01,618.398,1776161389000
1776161391.219,291.219,0.98,15.1,0.94,10.0,0.88,5.0,0.81,50.0,0.71,50.0,0.99,151.31,,,,,,,,,0.01,151.31,,,,,,,,,0.02,15.1,0.06,10.0,0.12,5.0,0.19,50.0,0.29,50.0,0.01,0.01,618.398,1776161390000
1776161391.569,291.569,0.98,10.1,0.96,10.0,0.88,5.0,0.81,50.0,0.71,50.0,0.99,128.21,,,,,,,,,0.01,146.25,,,,,,,,,0.02,10.1,0.04,10.0,0.12,5.0,0.19,50.0,0.29,50.0,0.01,0.01,618.398,1776161390000
1776161392.376,292.376,0.98,10.1,0.96,10.0,0.88,5.0,0.81,50.0,0.71,50.0,0.99,128.21,,,,,,,,,0.01,128.21,,,,,,,,,0.02,10.1,0.04,10.0,0.12,5.0,0.19,50.0,0.29,50.0,0.01,0.01,618.402,1776161391000
1776161392.806,292.806,0.98,15.1,0.96,10.0,0.88,5.0,0.81,50.0,0.71,50.0,0.99,123.16,,,,,,,,,0.01,128.21,,,,,,,,,0.02,10.1,0.04,10.0,0.12,5.0,0.19,50.0,0.29,50.0,0.01,0.01,618.402,1776161391000
1776161393.641,293.641,0.98,5.0,0.95,10.0,0.88,5.0,0.81,50.0,0.71,50.0,0.99,122.14,,,,,,,,,0.01,123.16,,,,,,,,,0.02,15.1,0.04,10.0,0.12,5.0,0.19,50.0,0.29,50.0,0.01,0.01,618.402,1776161392000
1776161393.988,293.988,0.98,5.0,0.95,10.0,0.88,5.0,0.81,50.0,0.71,50.0,0.99,122.14,,,,,,,,,0.01,122.14,,,,,,,,,0.02,5.0,0.05,10.0,0.12,5.0,0.19,50.0,0.29,50.0,0.01,0.01,618.408,1776161393000
1776161395.145,295.145,0.98,5.0,0.88,5.0,0.81,50.0,0.71,50.0,0.61,50.0,0.99,101.93,,,,,,,,,0.01,101.93,,,,,,,,,0.02,5.0,0.12,5.0,0.19,50.0,0.29,50.0,0.39,50.0,0.01,0.01,618.398,1776161394000
1776161395.567,295.567,0.98,5.0,0.88,5.0,0.81,50.0,0.8,10.0,0.71,50.0,0.99,93.91,,,,,,,,,0.01,95.91,,,,,,,,,0.02,5.0,0.12,5.0,0.19,50.0,0.21,10.0,0.29,50.0,0.01,0.01,618.398,1776161394000
1776161396.287,296.287,0.98,5.0,0.88,5.0,0.81,50.0,0.8,10.0,0.71,50.0,0.99,93.91,,,,,,,,,0.01,93.91,,,,,,,,,0.02,5.0,0.12,5.0,0.19,50.0,0.2,10.0,0.29,50.0,0.01,0.01,618.358,1776161395000
1776161397.133,297.133,0.98,5.0,0.88,5.0,0.85,10.0,0.81,50.0,0.71,50.0,0.99,58.85,,,,,,,,,0.01,93.91,,,,,,,,,0.02,5.0,0.12,5.0,0.19,50.0,0.2,10.0,0.29,50.0,0.01,0.01,618.358,1776161395000
1776161397.414,297.414,0.98,5.0,0.88,5.0,0.86,10.0,0.81,50.0,0.71,50.0,0.99,18.44,,,,,,,,,0.01,58.85,,,,,,,,,0.02,5.0,0.12,5.0,0.15,10.0,0.19,50.0,0.29,50.0,0.01,0.01,618.358,1776161395000
1776161397.792,297.792,0.98,5.0,0.88,5.0,0.87,10.0,0.81,50.0,0.71,50.0,,,,,,,,,,,,,,,,,,,,,0.02,5.0,0.12,5.0,0.13,10.0,0.19,50.0,0.29,50.0,,,618.38613,1776161396000
1776161398.215,298.215,0.98,5.0,0.88,5.0,0.87,10.0,0.81,50.0,0.71,50.0,,,,,,,,,,,,,,,,,,,,,0.02,5.0,0.12,5.0,0.13,10.0,0.19,50.0,0.29,50.0,,,618.38615,1776161397000
1776161399.235,299.235,0.98,5.0,0.88,5.0,0.87,10.0,0.81,50.0,0.71,50.0,,,,,,,,,,,,,,,,,,,,,0.02,5.0,0.12,5.0,0.13,10.0,0.19,50.0,0.29,50.0,,,618.38287,1776161398000
1776161400.216,300.216,0.98,5.0,0.88,5.0,0.87,10.0,0.81,50.0,0.71,50.0,,,,,,,,,,,,,,,,,,,,,0.02,5.0,0.12,5.0,0.13,10.0,0.19,50.0,0.29,50.0,,,618.38287,1776161399000

# RESULT,winner=Up,slug=bnb-updown-5m-1776161100,ticks=316
