timestamp,elapsed_sec,up_bid_p1,up_bid_s1,up_bid_p2,up_bid_s2,up_ask_p1,up_ask_s1,up_ask_p2,up_ask_s2,down_bid_p1,down_bid_s1,down_bid_p2,down_bid_s2,down_ask_p1,down_ask_s1,down_ask_p2,down_ask_s2,up_spread,down_spread,bnb_price,bnb_oracle_ts
1776221101.484,1.484,0.51,5.0,0.5,40.0,0.59,5.0,0.67,300.0,0.41,5.0,0.33,300.0,0.49,5.0,0.5,40.0,0.08,0.08,616.60847,1776221099000
1776221101.935,1.935,0.51,5.0,0.5,40.0,0.64,5.0,0.67,300.0,0.41,5.0,0.33,300.0,0.49,5.0,0.5,40.0,0.13,0.08,616.60847,1776221100000
1776221103.26,3.26,0.51,5.0,0.5,40.0,0.64,5.0,0.67,300.0,0.36,5.0,0.33,300.0,0.49,5.0,0.5,40.0,0.13,0.13,616.614386,1776221102000
1776221103.869,3.869,0.52,14.4,0.51,10.0,0.58,5.0,0.62,5.0,0.36,5.0,0.33,300.0,0.49,5.0,0.5,40.0,0.06,0.13,616.614386,1776221102000
1776221104.581,4.581,0.52,14.4,0.51,10.0,0.58,5.0,0.62,5.0,0.42,5.0,0.38,5.0,0.48,14.4,0.49,10.0,0.06,0.06,616.632602,1776221103000
1776221105.196,5.196,0.52,14.4,0.51,10.0,0.58,5.0,0.62,5.0,0.42,5.0,0.38,5.0,0.48,14.4,0.49,10.0,0.06,0.06,616.632602,1776221104000
1776221106.35,6.35,0.52,14.4,0.51,10.0,0.58,5.0,0.62,5.0,0.42,5.0,0.38,5.0,0.48,14.4,0.49,10.0,0.06,0.06,616.629217,1776221105000
1776221106.923,6.923,0.52,14.4,0.51,10.0,0.58,5.0,0.62,5.0,0.42,5.0,0.38,5.0,0.48,14.4,0.49,10.0,0.06,0.06,616.62229,1776221106000
1776221107.598,7.598,0.52,9.4,0.51,5.0,0.55,10.0,0.58,5.0,0.42,5.0,0.38,5.0,0.48,14.4,0.49,10.0,0.03,0.06,616.62229,1776221106000
1776221108.177,8.177,0.52,9.4,0.51,5.0,0.55,10.0,0.58,5.0,0.45,10.0,0.42,5.0,0.48,9.4,0.49,5.0,0.03,0.03,616.612019,1776221107000
1776221109.27,9.27,0.52,9.4,0.51,5.0,0.55,10.0,0.58,5.0,0.45,10.0,0.42,5.0,0.48,9.4,0.49,5.0,0.03,0.03,616.599999,1776221108000
1776221110.456,10.456,0.52,9.4,0.51,5.0,0.55,10.0,0.58,5.0,0.45,10.0,0.42,5.0,0.48,9.4,0.49,5.0,0.03,0.03,616.575175,1776221109000
1776221111.009,11.009,0.52,9.4,0.51,5.0,0.55,10.0,0.58,5.0,0.45,10.0,0.42,5.0,0.48,9.4,0.49,5.0,0.03,0.03,616.575175,1776221110000
1776221111.523,11.523,0.5,40.0,0.48,5.0,0.55,10.0,0.58,5.0,0.45,10.0,0.42,5.0,0.48,9.4,0.49,5.0,0.05,0.03,616.575175,1776221110000
1776221112.167,12.167,0.5,40.0,0.48,5.0,0.55,10.0,0.58,5.0,0.45,10.0,0.42,5.0,0.5,40.0,0.52,5.0,0.05,0.05,616.595246,1776221111000
1776221113.35,13.35,0.5,40.0,0.48,5.0,0.55,10.0,0.58,5.0,0.45,10.0,0.42,5.0,0.5,40.0,0.52,5.0,0.05,0.05,616.599,1776221112000
1776221114.457,14.457,0.5,40.0,0.48,5.0,0.55,10.0,0.58,5.0,0.45,10.0,0.42,5.0,0.5,40.0,0.52,5.0,0.05,0.05,616.57609,1776221113000
1776221114.687,14.687,0.51,5.0,0.5,40.0,0.52,17.0,0.57,20.0,0.45,10.0,0.42,5.0,0.5,40.0,0.52,5.0,0.01,0.05,616.57609,1776221113000
1776221115.031,15.031,0.51,5.0,0.5,40.0,0.52,17.0,0.57,20.0,0.48,17.0,0.43,20.0,0.49,5.0,0.5,40.0,0.01,0.01,616.57609,1776221114000
1776221115.237,15.237,0.5,40.0,0.46,5.0,0.52,17.0,0.53,5.0,0.48,17.0,0.43,20.0,0.49,5.0,0.5,40.0,0.02,0.01,616.57609,1776221114000
1776221115.973,15.973,0.5,40.0,0.46,5.0,0.52,17.0,0.53,5.0,0.48,17.0,0.47,5.0,0.5,40.0,0.54,5.0,0.02,0.02,616.543028,1776221115000
1776221116.544,16.544,0.5,40.0,0.46,5.0,0.52,17.0,0.53,5.0,0.48,17.0,0.47,5.0,0.5,40.0,0.54,5.0,0.02,0.02,616.543028,1776221115000
1776221116.967,16.967,0.5,35.0,0.46,5.0,0.52,17.0,0.53,5.0,0.48,17.0,0.47,5.0,0.5,40.0,0.54,5.0,0.02,0.02,616.543028,1776221115000
1776221118.218,18.218,0.5,35.0,0.46,5.0,0.52,17.0,0.53,5.0,0.48,17.0,0.47,5.0,0.5,35.0,0.54,5.0,0.02,0.02,616.530946,1776221117000
1776221119.24,19.24,0.5,35.0,0.46,5.0,0.52,17.0,0.53,5.0,0.48,17.0,0.47,5.0,0.5,35.0,0.54,5.0,0.02,0.02,616.528527,1776221118000
1776221120.253,20.253,0.5,35.0,0.46,5.0,0.52,17.0,0.53,5.0,0.48,17.0,0.47,5.0,0.5,35.0,0.54,5.0,0.02,0.02,616.516043,1776221119000
1776221120.493,20.493,0.5,27.22,0.45,5.0,0.51,50.0,0.52,17.0,0.48,17.0,0.47,5.0,0.5,35.0,0.54,5.0,0.01,0.02,616.516043,1776221119000
1776221121.352,21.352,0.5,27.22,0.45,5.0,0.51,50.0,0.52,17.0,0.49,50.0,0.48,17.0,0.5,27.22,0.55,5.0,0.01,0.01,616.516,1776221120000
1776221122.341,22.341,0.5,27.22,0.45,5.0,0.51,50.0,0.52,17.0,0.49,50.0,0.48,17.0,0.5,27.22,0.55,5.0,0.01,0.01,616.526,1776221121000
1776221123.351,23.351,0.5,27.22,0.45,5.0,0.51,50.0,0.52,17.0,0.49,50.0,0.48,17.0,0.5,27.22,0.55,5.0,0.01,0.01,616.539,1776221122000
1776221123.824,23.824,0.5,27.22,0.45,5.0,0.51,50.0,0.52,17.0,0.49,50.0,0.48,17.0,0.5,27.22,0.55,5.0,0.01,0.01,616.54,1776221123000
1776221125.004,25.004,0.5,27.22,0.45,5.0,0.51,50.0,0.52,17.0,0.49,50.0,0.48,17.0,0.5,27.22,0.55,5.0,0.01,0.01,616.54,1776221124000
1776221126.01,26.01,0.5,27.22,0.45,5.0,0.51,50.0,0.52,17.0,0.49,50.0,0.48,17.0,0.5,27.22,0.55,5.0,0.01,0.01,616.542,1776221125000
1776221127.065,27.065,0.5,27.22,0.45,5.0,0.51,50.0,0.52,17.0,0.49,50.0,0.48,17.0,0.5,27.22,0.55,5.0,0.01,0.01,616.553,1776221126000
1776221128.16,28.16,0.5,27.22,0.45,5.0,0.51,50.0,0.52,17.0,0.49,50.0,0.48,17.0,0.5,27.22,0.55,5.0,0.01,0.01,616.552694,1776221127000
1776221128.965,28.965,0.5,22.22,0.45,5.0,0.51,50.0,0.52,17.0,0.49,50.0,0.48,17.0,0.5,27.22,0.55,5.0,0.01,0.01,616.552694,1776221127000
1776221129.705,29.705,0.5,22.22,0.45,5.0,0.51,50.0,0.52,17.0,0.49,50.0,0.48,17.0,0.5,22.22,0.55,5.0,0.01,0.01,616.528234,1776221128000
1776221130.293,30.293,0.5,22.22,0.45,5.0,0.51,50.0,0.52,17.0,0.49,50.0,0.48,17.0,0.5,22.22,0.55,5.0,0.01,0.01,616.521155,1776221129000
1776221131.432,31.432,0.5,22.22,0.45,5.0,0.51,50.0,0.52,17.0,0.49,50.0,0.48,17.0,0.5,22.22,0.55,5.0,0.01,0.01,616.540644,1776221130000
1776221132.243,32.243,0.5,22.22,0.45,5.0,0.51,50.0,0.52,17.0,0.49,50.0,0.48,17.0,0.5,22.22,0.55,5.0,0.01,0.01,616.53872,1776221131000
1776221132.657,32.657,0.5,17.12,0.46,10.0,0.52,12.0,0.55,5.0,0.49,50.0,0.48,17.0,0.5,22.22,0.55,5.0,0.02,0.01,616.53872,1776221131000
1776221133.307,33.307,0.5,17.12,0.46,10.0,0.52,12.0,0.55,5.0,0.48,12.0,0.45,5.0,0.5,17.12,0.54,10.0,0.02,0.02,616.525816,1776221132000
1776221133.904,33.904,0.5,17.12,0.46,10.0,0.52,12.0,0.55,5.0,0.48,12.0,0.45,5.0,0.5,17.12,0.54,10.0,0.02,0.02,616.549,1776221133000
1776221135.027,35.027,0.5,17.12,0.46,10.0,0.52,12.0,0.55,5.0,0.48,12.0,0.45,5.0,0.5,17.12,0.54,10.0,0.02,0.02,616.549,1776221134000
1776221136.497,36.497,0.5,17.12,0.46,10.0,0.52,12.0,0.55,5.0,0.48,12.0,0.45,5.0,0.5,17.12,0.54,10.0,0.02,0.02,616.556383,1776221135000
1776221137.055,37.055,0.5,17.12,0.46,10.0,0.52,12.0,0.55,5.0,0.48,12.0,0.45,5.0,0.5,17.12,0.54,10.0,0.02,0.02,616.57,1776221136000
1776221138.182,38.182,0.5,17.12,0.46,10.0,0.52,12.0,0.55,5.0,0.48,12.0,0.45,5.0,0.5,17.12,0.54,10.0,0.02,0.02,616.59473,1776221137000
1776221139.4,39.4,0.5,17.12,0.46,10.0,0.52,12.0,0.55,5.0,0.48,12.0,0.45,5.0,0.5,17.12,0.54,10.0,0.02,0.02,616.592948,1776221138000
1776221140.078,40.078,0.5,17.12,0.46,10.0,0.52,12.0,0.55,5.0,0.48,12.0,0.45,5.0,0.5,17.12,0.54,10.0,0.02,0.02,616.592948,1776221139000
1776221141.248,41.248,0.5,17.12,0.46,10.0,0.52,12.0,0.55,5.0,0.48,12.0,0.45,5.0,0.5,17.12,0.54,10.0,0.02,0.02,616.604891,1776221140000
1776221142.304,42.304,0.5,17.12,0.46,10.0,0.52,12.0,0.55,5.0,0.48,12.0,0.45,5.0,0.5,17.12,0.54,10.0,0.02,0.02,616.592422,1776221141000
1776221143.145,43.145,0.5,17.12,0.46,10.0,0.52,12.0,0.55,5.0,0.48,12.0,0.45,5.0,0.5,17.12,0.54,10.0,0.02,0.02,616.592422,1776221142000
1776221143.901,43.901,0.5,17.12,0.46,10.0,0.52,12.0,0.55,5.0,0.48,12.0,0.45,5.0,0.5,17.12,0.54,10.0,0.02,0.02,616.586727,1776221143000
1776221146.178,46.178,0.5,17.12,0.46,10.0,0.52,12.0,0.55,5.0,0.48,12.0,0.45,5.0,0.5,17.12,0.54,10.0,0.02,0.02,616.602486,1776221145000
1776221147.923,47.923,0.5,17.12,0.46,10.0,0.52,12.0,0.55,5.0,0.48,12.0,0.45,5.0,0.5,17.12,0.54,10.0,0.02,0.02,616.576246,1776221146000
1776221148.595,48.595,0.5,17.12,0.46,10.0,0.52,12.0,0.55,5.0,0.48,12.0,0.45,5.0,0.5,17.12,0.54,10.0,0.02,0.02,616.581768,1776221147000
1776221149.18,49.18,0.5,17.12,0.46,10.0,0.52,12.0,0.55,5.0,0.48,12.0,0.45,5.0,0.5,17.12,0.54,10.0,0.02,0.02,616.585168,1776221148000
1776221150.671,50.671,0.5,17.12,0.46,10.0,0.52,12.0,0.55,5.0,0.48,12.0,0.45,5.0,0.5,17.12,0.54,10.0,0.02,0.02,616.605135,1776221149000
1776221151.456,51.456,0.5,17.12,0.46,10.0,0.52,12.0,0.55,5.0,0.48,12.0,0.45,5.0,0.5,17.12,0.54,10.0,0.02,0.02,616.609385,1776221150000
1776221152.209,52.209,0.5,17.12,0.46,10.0,0.52,12.0,0.55,5.0,0.48,12.0,0.45,5.0,0.5,17.12,0.54,10.0,0.02,0.02,616.609926,1776221151000
1776221153.427,53.427,0.5,17.12,0.46,10.0,0.52,12.0,0.55,5.0,0.48,12.0,0.45,5.0,0.5,17.12,0.54,10.0,0.02,0.02,616.611347,1776221152000
1776221154.118,54.118,0.5,17.12,0.46,10.0,0.52,12.0,0.55,5.0,0.48,12.0,0.45,5.0,0.5,17.12,0.54,10.0,0.02,0.02,616.611346,1776221153000
1776221155.662,55.662,0.5,17.12,0.46,10.0,0.52,12.0,0.55,5.0,0.48,12.0,0.45,5.0,0.5,17.12,0.54,10.0,0.02,0.02,616.611461,1776221154000
1776221156.343,56.343,0.5,17.12,0.46,10.0,0.52,12.0,0.55,5.0,0.48,12.0,0.45,5.0,0.5,17.12,0.54,10.0,0.02,0.02,616.593475,1776221155000
1776221157.037,57.037,0.5,17.12,0.46,10.0,0.52,12.0,0.55,5.0,0.48,12.0,0.45,5.0,0.5,17.12,0.54,10.0,0.02,0.02,616.59428,1776221156000
1776221158.423,58.423,0.5,17.12,0.46,10.0,0.52,12.0,0.55,5.0,0.48,12.0,0.45,5.0,0.5,17.12,0.54,10.0,0.02,0.02,616.606239,1776221157000
1776221159.084,59.084,0.5,17.12,0.46,10.0,0.52,12.0,0.55,5.0,0.48,12.0,0.45,5.0,0.5,17.12,0.54,10.0,0.02,0.02,616.60489,1776221158000
1776221160.542,60.542,0.5,17.12,0.46,10.0,0.52,12.0,0.55,5.0,0.48,12.0,0.45,5.0,0.5,17.12,0.54,10.0,0.02,0.02,616.615,1776221159000
1776221161.224,61.224,0.5,17.12,0.46,10.0,0.52,12.0,0.55,5.0,0.48,12.0,0.45,5.0,0.5,17.12,0.54,10.0,0.02,0.02,616.615,1776221160000
1776221162.661,62.661,0.5,17.12,0.46,10.0,0.52,12.0,0.55,5.0,0.48,12.0,0.45,5.0,0.5,17.12,0.54,10.0,0.02,0.02,616.608,1776221161000
1776221163.595,63.595,0.5,17.12,0.46,10.0,0.52,12.0,0.55,5.0,0.48,12.0,0.45,5.0,0.5,17.12,0.54,10.0,0.02,0.02,616.608,1776221162000
1776221164.536,64.536,0.5,17.12,0.46,10.0,0.52,12.0,0.55,5.0,0.48,12.0,0.45,5.0,0.5,17.12,0.54,10.0,0.02,0.02,616.607,1776221163000
1776221165.061,65.061,0.5,17.12,0.46,10.0,0.52,12.0,0.55,5.0,0.48,12.0,0.45,5.0,0.5,17.12,0.54,10.0,0.02,0.02,616.607,1776221164000
1776221166.113,66.113,0.5,17.12,0.46,10.0,0.52,12.0,0.55,5.0,0.48,12.0,0.45,5.0,0.5,17.12,0.54,10.0,0.02,0.02,616.619213,1776221165000
1776221167.076,67.076,0.5,17.12,0.46,10.0,0.52,12.0,0.55,5.0,0.48,12.0,0.45,5.0,0.5,17.12,0.54,10.0,0.02,0.02,616.601909,1776221166000
1776221168.013,68.013,0.5,17.12,0.46,10.0,0.52,12.0,0.55,5.0,0.48,12.0,0.45,5.0,0.5,17.12,0.54,10.0,0.02,0.02,616.582,1776221167000
1776221168.971,68.971,0.5,12.12,0.45,5.0,0.51,5.0,0.52,5.0,0.48,12.0,0.45,5.0,0.5,17.12,0.54,10.0,0.01,0.02,616.582,1776221167000
1776221170.034,70.034,0.5,12.12,0.45,5.0,0.51,5.0,0.52,5.0,0.49,5.0,0.48,5.0,0.5,12.12,0.55,5.0,0.01,0.01,616.585004,1776221169000
1776221171.037,71.037,0.5,12.12,0.45,5.0,0.51,5.0,0.52,5.0,0.49,5.0,0.48,5.0,0.5,12.12,0.55,5.0,0.01,0.01,616.530525,1776221170000
1776221172.03,72.03,0.5,6.06,0.45,5.0,0.51,17.0,0.52,5.0,0.49,17.0,0.48,5.0,0.5,6.06,0.55,5.0,0.01,0.01,616.500642,1776221171000
1776221172.489,72.489,0.5,1.06,0.45,5.0,0.51,95.0,0.52,5.0,0.49,17.0,0.48,5.0,0.5,6.06,0.55,5.0,0.01,0.01,616.500642,1776221171000
1776221173.047,73.047,0.5,1.06,0.45,5.0,0.51,95.0,0.52,5.0,0.49,95.0,0.48,5.0,0.5,1.06,0.55,5.0,0.01,0.01,616.521,1776221172000
1776221173.98,73.98,0.5,1.06,0.45,5.0,0.51,95.0,0.52,5.0,0.49,95.0,0.48,5.0,0.5,1.06,0.55,5.0,0.01,0.01,616.519,1776221173000
1776221175.078,75.078,0.5,1.06,0.45,5.0,0.51,95.0,0.52,5.0,0.49,95.0,0.48,5.0,0.5,1.06,0.55,5.0,0.01,0.01,616.466324,1776221174000
1776221176.042,76.042,0.5,1.06,0.45,5.0,0.51,95.0,0.52,5.0,0.49,95.0,0.48,5.0,0.5,1.06,0.55,5.0,0.01,0.01,616.467752,1776221175000
1776221177.693,77.693,0.5,1.06,0.45,5.0,0.51,95.0,0.52,5.0,0.49,95.0,0.48,5.0,0.5,1.06,0.55,5.0,0.01,0.01,616.468424,1776221176000
1776221178.114,78.114,0.5,1.06,0.45,5.0,0.51,95.0,0.52,5.0,0.49,95.0,0.48,5.0,0.5,1.06,0.55,5.0,0.01,0.01,616.46833,1776221177000
1776221179.175,79.175,0.5,1.06,0.45,5.0,0.51,95.0,0.52,5.0,0.49,95.0,0.48,5.0,0.5,1.06,0.55,5.0,0.01,0.01,616.477378,1776221178000
1776221180.302,80.302,0.5,1.06,0.45,5.0,0.51,95.0,0.52,5.0,0.49,95.0,0.48,5.0,0.5,1.06,0.55,5.0,0.01,0.01,616.477818,1776221179000
1776221181.38,81.38,0.5,1.06,0.45,5.0,0.51,95.0,0.52,5.0,0.49,95.0,0.48,5.0,0.5,1.06,0.55,5.0,0.01,0.01,616.479465,1776221180000
1776221181.9,81.9,0.5,1.06,0.45,5.0,0.51,95.0,0.52,5.0,0.49,95.0,0.48,5.0,0.5,1.06,0.55,5.0,0.01,0.01,616.479619,1776221181000
1776221182.91,82.91,0.5,1.06,0.45,5.0,0.51,95.0,0.52,5.0,0.49,95.0,0.48,5.0,0.5,1.06,0.55,5.0,0.01,0.01,616.484119,1776221182000
1776221184.011,84.011,0.5,1.06,0.45,5.0,0.51,95.0,0.52,5.0,0.49,95.0,0.48,5.0,0.5,1.06,0.55,5.0,0.01,0.01,616.481,1776221183000
1776221185.038,85.038,0.5,1.06,0.45,5.0,0.51,95.0,0.52,5.0,0.49,95.0,0.48,5.0,0.5,1.06,0.55,5.0,0.01,0.01,616.486,1776221184000
1776221186.028,86.028,0.5,1.06,0.45,5.0,0.51,95.0,0.52,5.0,0.49,95.0,0.48,5.0,0.5,1.06,0.55,5.0,0.01,0.01,616.504,1776221185000
1776221186.268,86.268,0.5,1.06,0.45,5.0,0.51,95.4,0.52,15.4,0.49,95.0,0.48,5.0,0.5,1.06,0.55,5.0,0.01,0.01,616.504,1776221185000
1776221187.301,87.301,0.5,1.06,0.45,5.0,0.51,95.4,0.52,15.4,0.49,95.4,0.48,15.4,0.5,1.06,0.55,5.0,0.01,0.01,616.504,1776221186000
1776221188.242,88.242,0.5,1.06,0.45,5.0,0.51,95.4,0.52,15.4,0.49,95.4,0.48,15.4,0.5,1.06,0.55,5.0,0.01,0.01,616.508,1776221187000
1776221189.388,89.388,0.5,1.06,0.45,5.0,0.51,95.4,0.52,15.4,0.49,95.4,0.48,15.4,0.5,1.06,0.55,5.0,0.01,0.01,616.542,1776221188000
1776221189.947,89.947,0.5,1.06,0.45,5.0,0.51,95.4,0.52,15.4,0.49,95.4,0.48,15.4,0.5,1.06,0.55,5.0,0.01,0.01,616.542,1776221189000
1776221191.835,91.835,0.37,22.86,0.36,5.0,0.44,7.94,0.51,100.4,0.56,7.94,0.49,100.4,0.63,22.86,0.64,5.0,0.07,0.07,616.544558,1776221190000
1776221192.541,92.541,0.37,22.86,0.36,5.0,0.44,7.94,0.51,100.4,0.56,7.94,0.49,100.4,0.63,22.86,0.64,5.0,0.07,0.07,616.538468,1776221191000
1776221193.161,93.161,0.37,22.86,0.36,5.0,0.44,7.94,0.51,100.4,0.56,7.94,0.49,100.4,0.63,22.86,0.64,5.0,0.07,0.07,616.538468,1776221192000
1776221194.254,94.254,0.37,22.86,0.36,5.0,0.44,7.94,0.51,100.4,0.56,7.94,0.49,100.4,0.63,22.86,0.64,5.0,0.07,0.07,616.54,1776221193000
1776221194.997,94.997,0.37,22.86,0.36,5.0,0.44,7.94,0.51,100.4,0.56,7.94,0.49,100.4,0.63,22.86,0.64,5.0,0.07,0.07,616.54,1776221194000
1776221196.149,96.149,0.37,22.86,0.36,5.0,0.44,7.94,0.51,100.4,0.56,7.94,0.49,100.4,0.63,22.86,0.64,5.0,0.07,0.07,616.542,1776221195000
1776221197.307,97.307,0.37,22.86,0.36,5.0,0.44,7.94,0.51,100.4,0.56,7.94,0.49,100.4,0.63,22.86,0.64,5.0,0.07,0.07,616.506053,1776221196000
1776221197.969,97.969,0.37,22.86,0.36,5.0,0.44,7.94,0.51,100.4,0.56,7.94,0.49,100.4,0.63,22.86,0.64,5.0,0.07,0.07,616.538809,1776221197000
1776221199.097,99.097,0.37,22.86,0.36,5.0,0.44,7.94,0.51,100.4,0.56,7.94,0.49,100.4,0.63,22.86,0.64,5.0,0.07,0.07,616.541085,1776221198000
1776221200.286,100.286,0.37,22.86,0.36,5.0,0.44,7.94,0.51,100.4,0.56,7.94,0.49,100.4,0.63,22.86,0.64,5.0,0.07,0.07,616.553,1776221199000
1776221201.386,101.386,0.37,22.86,0.36,5.0,0.44,7.94,0.51,100.4,0.56,7.94,0.49,100.4,0.63,22.86,0.64,5.0,0.07,0.07,616.547,1776221200000
1776221202.062,102.062,0.37,22.86,0.36,5.0,0.44,7.94,0.51,100.4,0.56,7.94,0.49,100.4,0.63,22.86,0.64,5.0,0.07,0.07,616.546,1776221201000
1776221203.151,103.151,0.37,22.86,0.36,5.0,0.44,7.94,0.51,100.4,0.56,7.94,0.49,100.4,0.63,22.86,0.64,5.0,0.07,0.07,616.548,1776221202000
1776221204.317,104.317,0.37,22.86,0.36,5.0,0.44,7.94,0.51,100.4,0.56,7.94,0.49,100.4,0.63,22.86,0.64,5.0,0.07,0.07,616.511892,1776221203000
1776221204.944,104.944,0.37,22.86,0.36,5.0,0.44,7.94,0.51,100.4,0.56,7.94,0.49,100.4,0.63,22.86,0.64,5.0,0.07,0.07,616.511798,1776221204000
1776221206.112,106.112,0.37,22.86,0.36,5.0,0.44,7.94,0.51,100.4,0.56,7.94,0.49,100.4,0.63,22.86,0.64,5.0,0.07,0.07,616.542067,1776221205000
1776221207.087,107.087,0.37,22.86,0.36,5.0,0.44,7.94,0.51,100.4,0.56,7.94,0.49,100.4,0.63,22.86,0.64,5.0,0.07,0.07,616.541,1776221206000
1776221208.137,108.137,0.37,22.86,0.36,5.0,0.44,7.94,0.51,100.4,0.56,7.94,0.49,100.4,0.63,22.86,0.64,5.0,0.07,0.07,616.541,1776221207000
1776221209.214,109.214,0.37,22.86,0.36,5.0,0.44,7.94,0.51,100.4,0.56,7.94,0.49,100.4,0.63,22.86,0.64,5.0,0.07,0.07,616.543,1776221208000
1776221210.222,110.222,0.37,22.86,0.36,5.0,0.44,7.94,0.51,100.4,0.56,7.94,0.49,100.4,0.63,22.86,0.64,5.0,0.07,0.07,616.543,1776221209000
1776221211.766,111.766,0.37,22.86,0.36,5.0,0.44,7.94,0.51,100.4,0.56,7.94,0.49,100.4,0.63,22.86,0.64,5.0,0.07,0.07,616.544,1776221210000
1776221212.359,112.359,0.37,22.86,0.36,5.0,0.44,7.94,0.51,100.4,0.56,7.94,0.49,100.4,0.63,22.86,0.64,5.0,0.07,0.07,616.541,1776221211000
1776221213.046,113.046,0.37,22.86,0.36,5.0,0.44,7.94,0.51,100.4,0.56,7.94,0.49,100.4,0.63,22.86,0.64,5.0,0.07,0.07,616.541,1776221212000
1776221214.285,114.285,0.37,22.86,0.36,5.0,0.44,7.94,0.51,100.4,0.56,7.94,0.49,100.4,0.63,22.86,0.64,5.0,0.07,0.07,616.541517,1776221213000
1776221215.701,115.701,0.37,22.86,0.36,5.0,0.44,7.94,0.51,100.4,0.56,7.94,0.49,100.4,0.63,22.86,0.64,5.0,0.07,0.07,616.546,1776221214000
1776221216.167,116.167,0.37,22.86,0.36,5.0,0.44,7.94,0.51,100.4,0.56,7.94,0.49,100.4,0.63,22.86,0.64,5.0,0.07,0.07,616.545,1776221215000
1776221217.439,117.439,0.37,22.86,0.36,5.0,0.44,7.94,0.51,100.4,0.56,7.94,0.49,100.4,0.63,22.86,0.64,5.0,0.07,0.07,616.549,1776221216000
1776221218.017,118.017,0.37,22.86,0.36,5.0,0.44,7.94,0.51,100.4,0.56,7.94,0.49,100.4,0.63,22.86,0.64,5.0,0.07,0.07,616.549,1776221217000
1776221219.251,119.251,0.37,22.86,0.36,5.0,0.44,7.94,0.51,100.4,0.56,7.94,0.49,100.4,0.63,22.86,0.64,5.0,0.07,0.07,616.549,1776221218000
1776221220.403,120.403,0.37,22.86,0.36,5.0,0.44,7.94,0.51,100.4,0.56,7.94,0.49,100.4,0.63,22.86,0.64,5.0,0.07,0.07,616.55,1776221219000
1776221220.939,120.939,0.37,22.86,0.36,5.0,0.44,7.94,0.51,100.4,0.56,7.94,0.49,100.4,0.63,22.86,0.64,5.0,0.07,0.07,616.55,1776221220000
1776221221.576,121.576,0.38,5.0,0.37,22.86,0.4,20.0,0.41,50.0,0.56,7.94,0.49,100.4,0.63,22.86,0.64,5.0,0.02,0.07,616.55,1776221220000
1776221222.772,122.772,0.38,5.0,0.37,22.86,0.4,20.0,0.41,50.0,0.6,20.0,0.59,50.0,0.62,5.0,0.63,22.86,0.02,0.02,616.524301,1776221221000
1776221223.237,123.237,0.38,5.0,0.37,22.86,0.4,20.0,0.41,50.0,0.6,20.0,0.59,50.0,0.62,5.0,0.63,22.86,0.02,0.02,616.441782,1776221222000
1776221224.197,124.197,0.38,5.0,0.37,22.86,0.4,20.0,0.41,50.0,0.6,20.0,0.59,50.0,0.62,5.0,0.63,22.86,0.02,0.02,616.41331,1776221223000
1776221225.361,125.361,0.38,5.0,0.37,22.86,0.4,20.0,0.41,50.0,0.6,20.0,0.59,50.0,0.62,5.0,0.63,22.86,0.02,0.02,616.407266,1776221224000
1776221226.381,126.381,0.38,5.0,0.37,22.86,0.4,20.0,0.41,50.0,0.6,20.0,0.59,50.0,0.62,5.0,0.63,22.86,0.02,0.02,616.400063,1776221225000
1776221226.859,126.859,0.38,5.0,0.37,22.86,0.4,20.0,0.41,50.0,0.6,20.0,0.59,50.0,0.62,5.0,0.63,22.86,0.02,0.02,616.399565,1776221226000
1776221228.073,128.073,0.38,5.0,0.37,22.86,0.4,20.0,0.41,50.0,0.6,20.0,0.59,50.0,0.62,5.0,0.63,22.86,0.02,0.02,616.408468,1776221227000
1776221229.144,129.144,0.38,5.0,0.37,22.86,0.4,20.0,0.41,50.0,0.6,20.0,0.59,50.0,0.62,5.0,0.63,22.86,0.02,0.02,616.364016,1776221228000
1776221230.155,130.155,0.38,5.0,0.37,22.86,0.4,20.0,0.41,50.0,0.6,20.0,0.59,50.0,0.62,5.0,0.63,22.86,0.02,0.02,616.406922,1776221229000
1776221231.14,131.14,0.38,5.0,0.37,22.86,0.4,20.0,0.41,50.0,0.6,20.0,0.59,50.0,0.62,5.0,0.63,22.86,0.02,0.02,616.407277,1776221230000
1776221231.852,131.852,0.37,22.86,0.15,25.39,0.39,38.9,0.4,30.8,0.6,20.0,0.59,50.0,0.62,5.0,0.63,22.86,0.02,0.02,616.407277,1776221230000
1776221232.249,132.249,0.37,7.62,0.15,25.39,0.39,38.9,0.4,30.8,0.61,38.9,0.6,30.8,0.63,7.62,0.85,25.39,0.02,0.02,616.354746,1776221231000
1776221232.621,132.621,0.37,8.81,0.15,25.39,0.38,44.0,0.39,10.9,0.61,38.9,0.6,30.8,0.63,7.62,0.85,25.39,0.01,0.02,616.354746,1776221231000
1776221233.209,133.209,0.15,35.39,0.14,26.6,0.31,41.19,0.38,49.0,0.69,41.19,0.62,49.0,0.85,35.39,0.86,26.6,0.16,0.16,616.352225,1776221232000
1776221234.2,134.2,0.15,35.39,0.14,26.6,0.31,41.19,0.38,49.0,0.69,41.19,0.62,49.0,0.85,35.39,0.86,26.6,0.16,0.16,616.3095,1776221233000
1776221234.688,134.688,0.13,18.0,0.12,39.6,0.26,5.0,0.31,41.19,0.69,41.19,0.62,49.0,0.85,35.39,0.86,26.6,0.13,0.16,616.3095,1776221233000
1776221235.303,135.303,0.13,18.0,0.12,39.6,0.26,5.0,0.31,41.19,0.74,5.0,0.69,41.19,0.87,18.0,0.88,39.6,0.13,0.13,616.25255,1776221234000
1776221236.485,136.485,0.13,18.0,0.12,39.6,0.26,5.0,0.31,41.19,0.74,5.0,0.69,41.19,0.87,18.0,0.88,39.6,0.13,0.13,616.261549,1776221235000
1776221237.033,137.033,0.13,18.0,0.12,39.6,0.26,5.0,0.31,41.19,0.74,5.0,0.69,41.19,0.87,18.0,0.88,39.6,0.13,0.13,616.260607,1776221236000
1776221238.903,138.903,0.13,18.0,0.12,39.6,0.26,5.0,0.31,41.19,0.74,5.0,0.69,41.19,0.87,18.0,0.88,39.6,0.13,0.13,616.22672,1776221237000
1776221239.652,139.652,0.13,18.0,0.12,39.6,0.26,5.0,0.31,41.19,0.74,5.0,0.69,41.19,0.87,18.0,0.88,39.6,0.13,0.13,616.2255,1776221238000
1776221240.258,140.258,0.13,18.0,0.12,39.6,0.26,5.0,0.31,41.19,0.74,5.0,0.69,41.19,0.87,18.0,0.88,39.6,0.13,0.13,616.2255,1776221239000
1776221241.027,141.027,0.13,18.0,0.12,39.6,0.26,5.0,0.31,41.19,0.74,5.0,0.69,41.19,0.87,18.0,0.88,39.6,0.13,0.13,616.21863,1776221240000
1776221242.551,142.551,0.13,18.0,0.12,39.6,0.26,5.0,0.31,41.19,0.74,5.0,0.69,41.19,0.87,18.0,0.88,39.6,0.13,0.13,616.209451,1776221241000
1776221243.214,143.214,0.13,18.0,0.12,39.6,0.26,5.0,0.31,41.19,0.74,5.0,0.69,41.19,0.87,18.0,0.88,39.6,0.13,0.13,616.216889,1776221242000
1776221244.711,144.711,0.13,18.0,0.12,39.6,0.26,5.0,0.31,41.19,0.74,5.0,0.69,41.19,0.87,18.0,0.88,39.6,0.13,0.13,616.13961,1776221243000
1776221245.341,145.341,0.13,18.0,0.12,39.6,0.26,5.0,0.31,41.19,0.74,5.0,0.69,41.19,0.87,18.0,0.88,39.6,0.13,0.13,616.14147,1776221244000
1776221246.05,146.05,0.13,18.0,0.12,39.6,0.26,5.0,0.31,41.19,0.74,5.0,0.69,41.19,0.87,18.0,0.88,39.6,0.13,0.13,616.14558,1776221245000
1776221247.341,147.341,0.08,8.81,0.07,39.9,0.13,28.0,0.14,21.6,0.74,5.0,0.69,41.19,0.87,18.0,0.88,39.6,0.05,0.13,616.14558,1776221245000
1776221248.289,148.289,0.08,8.81,0.07,39.9,0.13,28.0,0.14,21.6,0.87,28.0,0.86,21.6,0.92,8.81,0.93,39.9,0.05,0.05,616.12211,1776221247000
1776221249.728,149.728,0.08,8.81,0.07,39.9,0.13,28.0,0.14,21.6,0.87,28.0,0.86,21.6,0.92,8.81,0.93,39.9,0.05,0.05,616.10681,1776221248000
1776221250.482,150.482,0.08,8.81,0.07,39.9,0.13,28.0,0.14,21.6,0.87,28.0,0.86,21.6,0.92,8.81,0.93,39.9,0.05,0.05,616.10513,1776221249000
1776221251.288,151.288,0.08,8.81,0.07,39.9,0.13,28.0,0.14,21.6,0.87,28.0,0.86,21.6,0.92,8.81,0.93,39.9,0.05,0.05,616.102326,1776221250000
1776221252.584,152.584,0.08,8.81,0.07,39.9,0.13,28.0,0.14,21.6,0.87,28.0,0.86,21.6,0.92,8.81,0.93,39.9,0.05,0.05,616.109926,1776221251000
1776221253.336,153.336,0.05,44.7,0.04,72.7,0.1,33.9,0.11,26.6,0.9,33.9,0.89,26.6,0.95,44.7,0.96,72.7,0.05,0.05,616.07104,1776221252000
1776221253.997,153.997,0.05,44.7,0.04,72.7,0.1,33.9,0.11,26.6,0.9,33.9,0.89,26.6,0.95,44.7,0.96,72.7,0.05,0.05,615.97488,1776221253000
1776221255.244,155.244,0.05,44.7,0.04,72.7,0.1,33.9,0.11,26.6,0.9,33.9,0.89,26.6,0.95,44.7,0.96,72.7,0.05,0.05,615.9926,1776221254000
1776221256.338,156.338,0.06,54.91,0.05,54.7,0.11,3.36,0.13,23.0,0.89,3.36,0.87,23.0,0.94,54.91,0.95,54.7,0.05,0.05,616.029052,1776221255000
1776221256.925,156.925,0.06,54.91,0.05,54.7,0.11,3.36,0.13,23.0,0.89,3.36,0.87,23.0,0.94,54.91,0.95,54.7,0.05,0.05,616.036987,1776221256000
1776221258.04,158.04,0.06,54.91,0.05,54.7,0.11,3.36,0.13,23.0,0.89,3.36,0.87,23.0,0.94,54.91,0.95,54.7,0.05,0.05,616.079201,1776221257000
1776221259.325,159.325,0.06,54.91,0.05,54.7,0.11,3.36,0.13,23.0,0.89,3.36,0.87,23.0,0.94,54.91,0.95,54.7,0.05,0.05,616.082125,1776221258000
1776221260.384,160.384,0.06,54.91,0.05,54.7,0.11,3.36,0.13,23.0,0.89,3.36,0.87,23.0,0.94,54.91,0.95,54.7,0.05,0.05,616.121296,1776221259000
1776221260.892,160.892,0.06,54.91,0.05,54.7,0.11,3.36,0.13,23.0,0.89,3.36,0.87,23.0,0.94,54.91,0.95,54.7,0.05,0.05,616.146239,1776221260000
1776221262.12,162.12,0.06,54.91,0.05,54.7,0.11,3.36,0.13,23.0,0.89,3.36,0.87,23.0,0.94,54.91,0.95,54.7,0.05,0.05,616.121321,1776221261000
1776221263.202,163.202,0.06,54.91,0.05,54.7,0.11,3.36,0.13,23.0,0.89,3.36,0.87,23.0,0.94,54.91,0.95,54.7,0.05,0.05,616.131768,1776221262000
1776221264.418,164.418,0.06,54.91,0.05,54.7,0.11,3.36,0.13,23.0,0.89,3.36,0.87,23.0,0.94,54.91,0.95,54.7,0.05,0.05,616.116406,1776221263000
1776221264.915,164.915,0.08,7.72,0.07,39.9,0.13,28.0,0.14,21.6,0.87,28.0,0.86,21.6,0.92,7.72,0.93,39.9,0.05,0.05,616.127647,1776221264000
1776221266.02,166.02,0.08,7.72,0.07,39.9,0.13,28.0,0.14,21.6,0.87,28.0,0.86,21.6,0.92,7.72,0.93,39.9,0.05,0.05,616.122108,1776221265000
1776221267.106,167.106,0.08,7.72,0.07,39.9,0.13,28.0,0.14,21.6,0.87,28.0,0.86,21.6,0.92,7.72,0.93,39.9,0.05,0.05,616.127881,1776221266000
1776221268.139,168.139,0.08,7.72,0.07,39.9,0.13,28.0,0.14,21.6,0.87,28.0,0.86,21.6,0.92,7.72,0.93,39.9,0.05,0.05,616.235031,1776221267000
1776221270.283,170.283,0.08,7.72,0.07,39.9,0.13,28.0,0.14,21.6,0.87,28.0,0.86,21.6,0.92,7.72,0.93,39.9,0.05,0.05,616.240379,1776221268000
1776221271.125,171.125,0.08,7.72,0.07,39.9,0.13,28.0,0.14,21.6,0.87,28.0,0.86,21.6,0.92,7.72,0.93,39.9,0.05,0.05,616.23903,1776221269000
1776221271.857,171.857,0.08,7.72,0.07,39.9,0.13,28.0,0.14,21.6,0.87,28.0,0.86,21.6,0.92,7.72,0.93,39.9,0.05,0.05,616.247592,1776221270000
1776221272.605,172.605,0.08,7.72,0.07,39.9,0.13,28.0,0.14,21.6,0.87,28.0,0.86,21.6,0.92,7.72,0.93,39.9,0.05,0.05,616.256903,1776221271000
1776221273.337,173.337,0.08,7.72,0.07,39.9,0.13,28.0,0.14,21.6,0.87,28.0,0.86,21.6,0.92,7.72,0.93,39.9,0.05,0.05,616.257044,1776221272000
1776221274.08,174.08,0.08,7.72,0.07,39.9,0.13,28.0,0.14,21.6,0.87,28.0,0.86,21.6,0.92,7.72,0.93,39.9,0.05,0.05,616.28409,1776221273000
1776221275.327,175.327,0.08,7.72,0.07,39.9,0.13,28.0,0.14,21.6,0.87,28.0,0.86,21.6,0.92,7.72,0.93,39.9,0.05,0.05,616.291622,1776221274000
1776221276.012,176.012,0.08,7.72,0.07,39.9,0.13,28.0,0.14,21.6,0.87,28.0,0.86,21.6,0.92,7.72,0.93,39.9,0.05,0.05,616.29713,1776221275000
1776221277.195,177.195,0.08,7.72,0.07,39.9,0.13,28.0,0.14,21.6,0.87,28.0,0.86,21.6,0.92,7.72,0.93,39.9,0.05,0.05,616.27608,1776221276000
1776221278.385,178.385,0.08,7.72,0.07,39.9,0.13,28.0,0.14,21.6,0.87,28.0,0.86,21.6,0.92,7.72,0.93,39.9,0.05,0.05,616.27447,1776221277000
1776221279.009,179.009,0.08,7.72,0.07,39.9,0.13,28.0,0.14,21.6,0.87,28.0,0.86,21.6,0.92,7.72,0.93,39.9,0.05,0.05,616.27817,1776221278000
1776221280.264,180.264,0.08,7.72,0.07,39.9,0.13,28.0,0.14,21.6,0.87,28.0,0.86,21.6,0.92,7.72,0.93,39.9,0.05,0.05,616.25397,1776221279000
1776221281.36,181.36,0.08,7.72,0.07,39.9,0.13,28.0,0.14,21.6,0.87,28.0,0.86,21.6,0.92,7.72,0.93,39.9,0.05,0.05,616.24816,1776221280000
1776221281.732,181.732,0.11,19.06,0.1,28.9,0.19,21.89,0.2,16.3,0.87,28.0,0.86,21.6,0.92,7.72,0.93,39.9,0.08,0.05,616.24816,1776221280000
1776221282.065,182.065,0.11,17.7,0.1,28.9,0.19,21.89,0.2,16.3,0.81,21.89,0.8,16.3,0.89,17.7,0.9,28.9,0.08,0.08,616.24816,1776221281000
1776221283.436,183.436,0.11,17.7,0.1,28.9,0.19,21.89,0.2,16.3,0.81,21.89,0.8,16.3,0.89,17.7,0.9,28.9,0.08,0.08,616.25739,1776221282000
1776221284.056,184.056,0.11,17.7,0.1,28.9,0.19,21.89,0.2,16.3,0.81,21.89,0.8,16.3,0.89,17.7,0.9,28.9,0.08,0.08,616.25612,1776221283000
1776221285.328,185.328,0.11,17.7,0.1,28.9,0.19,21.89,0.2,16.3,0.81,21.89,0.8,16.3,0.89,17.7,0.9,28.9,0.08,0.08,616.23731,1776221284000
1776221286.063,186.063,0.11,17.7,0.1,28.9,0.19,21.89,0.2,16.3,0.81,21.89,0.8,16.3,0.89,17.7,0.9,28.9,0.08,0.08,616.23731,1776221285000
1776221287.341,187.341,0.11,17.7,0.1,28.9,0.19,21.89,0.2,16.3,0.81,21.89,0.8,16.3,0.89,17.7,0.9,28.9,0.08,0.08,616.241642,1776221286000
1776221288.781,188.781,0.11,17.7,0.1,28.9,0.19,21.89,0.2,16.3,0.81,21.89,0.8,16.3,0.89,17.7,0.9,28.9,0.08,0.08,616.237591,1776221287000
1776221289.831,189.831,0.11,17.7,0.1,28.9,0.19,21.89,0.2,16.3,0.81,21.89,0.8,16.3,0.89,17.7,0.9,28.9,0.08,0.08,616.204477,1776221288000
1776221290.833,190.833,0.1,28.9,0.09,31.7,0.18,20.4,0.19,16.89,0.82,20.4,0.81,16.89,0.9,28.9,0.91,31.7,0.08,0.08,616.203629,1776221289000
1776221291.498,191.498,0.1,28.9,0.09,31.7,0.18,20.4,0.19,16.89,0.82,20.4,0.81,16.89,0.9,28.9,0.91,31.7,0.08,0.08,616.22578,1776221290000
1776221292.32,192.32,0.1,28.9,0.09,31.7,0.18,20.4,0.19,16.89,0.82,20.4,0.81,16.89,0.9,28.9,0.91,31.7,0.08,0.08,616.22296,1776221291000
1776221292.972,192.972,0.1,28.9,0.09,31.7,0.18,20.4,0.19,16.89,0.82,20.4,0.81,16.89,0.9,28.9,0.91,31.7,0.08,0.08,616.2224,1776221292000
1776221294.372,194.372,0.1,28.9,0.09,31.7,0.18,20.4,0.19,16.89,0.82,20.4,0.81,16.89,0.9,28.9,0.91,31.7,0.08,0.08,616.252348,1776221293000
1776221295.386,195.386,0.1,28.9,0.09,31.7,0.18,20.4,0.19,16.89,0.82,20.4,0.81,16.89,0.9,28.9,0.91,31.7,0.08,0.08,616.24733,1776221294000
1776221296.447,196.447,0.1,28.9,0.09,31.7,0.18,20.4,0.19,16.89,0.82,20.4,0.81,16.89,0.9,28.9,0.91,31.7,0.08,0.08,616.24801,1776221295000
1776221297.382,197.382,0.1,28.9,0.09,31.7,0.18,20.4,0.19,16.89,0.82,20.4,0.81,16.89,0.9,28.9,0.91,31.7,0.08,0.08,616.24843,1776221296000
1776221298.162,198.162,0.1,28.9,0.09,31.7,0.18,20.4,0.19,16.89,0.82,20.4,0.81,16.89,0.9,28.9,0.91,31.7,0.08,0.08,616.31204,1776221297000
1776221301.839,201.839,0.1,28.9,0.09,31.7,0.18,20.4,0.19,16.89,0.82,20.4,0.81,16.89,0.9,28.9,0.91,31.7,0.08,0.08,616.319231,1776221300000
1776221302.461,202.461,0.1,28.9,0.09,31.7,0.18,20.4,0.19,16.89,0.82,20.4,0.81,16.89,0.9,28.9,0.91,31.7,0.08,0.08,616.32103,1776221301000
1776221303.066,203.066,0.1,28.9,0.09,31.7,0.18,20.4,0.19,16.89,0.82,20.4,0.81,16.89,0.9,28.9,0.91,31.7,0.08,0.08,616.32103,1776221302000
1776221304.137,204.137,0.1,28.9,0.09,31.7,0.18,20.4,0.19,16.89,0.82,20.4,0.81,16.89,0.9,28.9,0.91,31.7,0.08,0.08,616.31972,1776221303000
1776221305.356,205.356,0.1,28.9,0.09,31.7,0.18,20.4,0.19,16.89,0.82,20.4,0.81,16.89,0.9,28.9,0.91,31.7,0.08,0.08,616.311196,1776221304000
1776221306.433,206.433,0.1,28.9,0.09,31.7,0.18,20.4,0.19,16.89,0.82,20.4,0.81,16.89,0.9,28.9,0.91,31.7,0.08,0.08,616.273691,1776221305000
1776221307.041,207.041,0.1,28.9,0.09,31.7,0.18,20.4,0.19,16.89,0.82,20.4,0.81,16.89,0.9,28.9,0.91,31.7,0.08,0.08,616.271935,1776221306000
1776221308.082,208.082,0.1,28.9,0.09,31.7,0.18,20.4,0.19,16.89,0.82,20.4,0.81,16.89,0.9,28.9,0.91,31.7,0.08,0.08,616.317083,1776221307000
1776221309.219,209.219,0.1,28.9,0.09,31.7,0.18,20.4,0.19,16.89,0.82,20.4,0.81,16.89,0.9,28.9,0.91,31.7,0.08,0.08,616.352356,1776221308000
1776221310.466,210.466,0.1,28.9,0.09,31.7,0.18,20.4,0.19,16.89,0.82,20.4,0.81,16.89,0.9,28.9,0.91,31.7,0.08,0.08,616.35381,1776221309000
1776221310.924,210.924,0.1,28.9,0.09,31.7,0.18,20.4,0.19,16.89,0.82,20.4,0.81,16.89,0.9,28.9,0.91,31.7,0.08,0.08,616.355979,1776221310000
1776221311.967,211.967,0.1,28.9,0.09,31.7,0.18,20.4,0.19,16.89,0.82,20.4,0.81,16.89,0.9,28.9,0.91,31.7,0.08,0.08,616.307375,1776221311000
1776221313.126,213.126,0.1,28.9,0.09,31.7,0.18,20.4,0.19,16.89,0.82,20.4,0.81,16.89,0.9,28.9,0.91,31.7,0.08,0.08,616.320057,1776221312000
1776221314.301,214.301,0.1,28.9,0.09,31.7,0.18,20.4,0.19,16.89,0.82,20.4,0.81,16.89,0.9,28.9,0.91,31.7,0.08,0.08,616.34259,1776221313000
1776221315.446,215.446,0.1,28.9,0.09,31.7,0.18,20.4,0.19,16.89,0.82,20.4,0.81,16.89,0.9,28.9,0.91,31.7,0.08,0.08,616.34137,1776221314000
1776221317.004,217.004,0.1,28.9,0.09,31.7,0.18,20.4,0.19,16.89,0.82,20.4,0.81,16.89,0.9,28.9,0.91,31.7,0.08,0.08,616.34243,1776221315000
1776221317.806,217.806,0.1,28.9,0.09,31.7,0.18,20.4,0.19,16.89,0.82,20.4,0.81,16.89,0.9,28.9,0.91,31.7,0.08,0.08,616.34088,1776221316000
1776221318.372,218.372,0.1,28.9,0.09,31.7,0.18,20.4,0.19,16.89,0.82,20.4,0.81,16.89,0.9,28.9,0.91,31.7,0.08,0.08,616.34587,1776221317000
1776221318.988,218.988,0.1,28.9,0.09,31.7,0.18,20.4,0.19,16.89,0.82,20.4,0.81,16.89,0.9,28.9,0.91,31.7,0.08,0.08,616.34587,1776221318000
1776221319.752,219.752,0.09,31.7,0.08,35.29,0.16,6.7,0.17,23.39,0.82,20.4,0.81,16.89,0.9,28.9,0.91,31.7,0.07,0.08,616.34587,1776221318000
1776221320.198,220.198,0.09,31.7,0.08,35.29,0.16,6.7,0.17,23.39,0.84,6.7,0.83,23.39,0.91,31.7,0.92,35.29,0.07,0.07,616.357827,1776221319000
1776221321.464,221.464,0.09,31.7,0.08,35.29,0.16,6.7,0.17,23.39,0.84,6.7,0.83,23.39,0.91,31.7,0.92,35.29,0.07,0.07,616.333475,1776221320000
1776221321.978,221.978,0.09,31.7,0.08,35.29,0.16,6.7,0.17,23.39,0.84,6.7,0.83,23.39,0.91,31.7,0.92,35.29,0.07,0.07,616.365415,1776221321000
1776221323.194,223.194,0.09,31.7,0.08,35.29,0.16,6.7,0.17,23.39,0.84,6.7,0.83,23.39,0.91,31.7,0.92,35.29,0.07,0.07,616.364581,1776221322000
1776221323.889,223.889,0.11,26.6,0.1,28.9,0.19,11.36,0.2,16.3,0.84,6.7,0.83,23.39,0.91,31.7,0.92,35.29,0.08,0.07,616.364581,1776221322000
1776221324.349,224.349,0.11,26.6,0.1,28.9,0.19,11.36,0.2,16.3,0.81,11.36,0.8,16.3,0.89,26.6,0.9,28.9,0.08,0.08,616.39858,1776221323000
1776221324.876,224.876,0.11,26.6,0.1,28.9,0.19,11.36,0.2,16.3,0.81,11.36,0.8,16.3,0.89,26.6,0.9,28.9,0.08,0.08,616.39858,1776221324000
1776221326.332,226.332,0.11,26.6,0.1,28.9,0.19,11.36,0.2,16.3,0.81,11.36,0.8,16.3,0.89,26.6,0.9,28.9,0.08,0.08,616.381,1776221325000
1776221326.913,226.913,0.11,26.6,0.1,28.9,0.19,11.36,0.2,16.3,0.81,11.36,0.8,16.3,0.89,26.6,0.9,28.9,0.08,0.08,616.381,1776221326000
1776221328.134,228.134,0.11,26.6,0.1,28.9,0.19,11.36,0.2,16.3,0.81,11.36,0.8,16.3,0.89,26.6,0.9,28.9,0.08,0.08,616.325973,1776221327000
1776221328.85,228.85,0.11,26.6,0.1,28.9,0.19,11.36,0.2,16.3,0.81,11.36,0.8,16.3,0.89,26.6,0.9,28.9,0.08,0.08,616.330631,1776221328000
1776221330.207,230.207,0.11,26.6,0.1,28.9,0.19,11.36,0.2,16.3,0.81,11.36,0.8,16.3,0.89,26.6,0.9,28.9,0.08,0.08,616.33056,1776221329000
1776221331.249,231.249,0.11,26.6,0.1,28.9,0.19,11.36,0.2,16.3,0.81,11.36,0.8,16.3,0.89,26.6,0.9,28.9,0.08,0.08,616.31755,1776221330000
1776221332.894,232.894,0.11,26.6,0.1,28.9,0.19,11.36,0.2,16.3,0.81,11.36,0.8,16.3,0.89,26.6,0.9,28.9,0.08,0.08,616.31768,1776221331000
1776221333.498,233.498,0.11,26.6,0.1,28.9,0.19,11.36,0.2,16.3,0.81,11.36,0.8,16.3,0.89,26.6,0.9,28.9,0.08,0.08,616.31738,1776221332000
1776221334.047,234.047,0.11,26.6,0.1,28.9,0.19,11.36,0.2,16.3,0.81,11.36,0.8,16.3,0.89,26.6,0.9,28.9,0.08,0.08,616.32942,1776221333000
1776221335.232,235.232,0.11,26.6,0.1,28.9,0.19,11.36,0.2,16.3,0.81,11.36,0.8,16.3,0.89,26.6,0.9,28.9,0.08,0.08,616.34461,1776221334000
1776221336.257,236.257,0.11,26.6,0.1,28.9,0.19,11.36,0.2,16.3,0.81,11.36,0.8,16.3,0.89,26.6,0.9,28.9,0.08,0.08,616.33198,1776221335000
1776221337.413,237.413,0.11,26.6,0.1,28.9,0.19,11.36,0.2,16.3,0.81,11.36,0.8,16.3,0.89,26.6,0.9,28.9,0.08,0.08,616.34356,1776221336000
1776221337.868,237.868,0.11,26.6,0.1,28.9,0.19,11.36,0.2,16.3,0.81,11.36,0.8,16.3,0.89,26.6,0.9,28.9,0.08,0.08,616.34356,1776221337000
1776221338.91,238.91,0.11,26.6,0.1,28.9,0.19,11.36,0.2,16.3,0.81,11.36,0.8,16.3,0.89,26.6,0.9,28.9,0.08,0.08,616.35175,1776221338000
1776221339.958,239.958,0.11,26.6,0.1,28.9,0.19,11.36,0.2,16.3,0.81,11.36,0.8,16.3,0.89,26.6,0.9,28.9,0.08,0.08,616.344819,1776221339000
1776221340.954,240.954,0.11,26.6,0.1,28.9,0.19,11.36,0.2,16.3,0.81,11.36,0.8,16.3,0.89,26.6,0.9,28.9,0.08,0.08,616.3386,1776221340000
1776221341.86,241.86,0.11,26.6,0.1,28.9,0.19,11.36,0.2,16.3,0.81,11.36,0.8,16.3,0.89,26.6,0.9,28.9,0.08,0.08,616.33831,1776221341000
1776221342.881,242.881,0.11,26.6,0.1,28.9,0.19,11.36,0.2,16.3,0.81,11.36,0.8,16.3,0.89,26.6,0.9,28.9,0.08,0.08,616.33682,1776221342000
1776221343.827,243.827,0.11,26.6,0.1,28.9,0.19,11.36,0.2,16.3,0.81,11.36,0.8,16.3,0.89,26.6,0.9,28.9,0.08,0.08,616.33071,1776221343000
1776221345.319,245.319,0.11,26.6,0.1,28.9,0.19,11.36,0.2,16.3,0.81,11.36,0.8,16.3,0.89,26.6,0.9,28.9,0.08,0.08,616.3535,1776221344000
1776221346.39,246.39,0.11,26.6,0.1,28.9,0.19,11.36,0.2,16.3,0.81,11.36,0.8,16.3,0.89,26.6,0.9,28.9,0.08,0.08,616.34571,1776221345000
1776221346.996,246.996,0.11,26.6,0.1,28.9,0.19,11.36,0.2,16.3,0.81,11.36,0.8,16.3,0.89,26.6,0.9,28.9,0.08,0.08,616.317474,1776221346000
1776221348.045,248.045,0.11,26.6,0.1,28.9,0.19,11.36,0.2,16.3,0.81,11.36,0.8,16.3,0.89,26.6,0.9,28.9,0.08,0.08,616.27006,1776221347000
1776221348.449,248.449,0.03,100.0,0.02,142.69,0.08,35.29,0.09,31.7,0.81,11.36,0.8,16.3,0.89,26.6,0.9,28.9,0.05,0.08,616.27006,1776221347000
1776221349.297,249.297,0.03,100.0,0.02,142.69,0.08,35.29,0.09,31.7,0.92,35.29,0.91,31.7,0.97,100.0,0.98,142.69,0.05,0.05,616.264095,1776221348000
1776221349.93,249.93,0.03,100.0,0.02,142.69,0.08,35.29,0.09,31.7,0.92,35.29,0.91,31.7,0.97,100.0,0.98,142.69,0.05,0.05,616.263408,1776221349000
1776221350.992,250.992,0.03,100.0,0.02,142.69,0.08,35.29,0.09,31.7,0.92,35.29,0.91,31.7,0.97,100.0,0.98,142.69,0.05,0.05,616.256,1776221350000
1776221352.097,252.097,0.03,100.0,0.02,142.69,0.08,35.29,0.09,31.7,0.92,35.29,0.91,31.7,0.97,100.0,0.98,142.69,0.05,0.05,616.256,1776221351000
1776221352.749,252.749,0.03,94.84,0.02,10.0,0.04,67.7,0.05,54.7,0.92,35.29,0.91,31.7,0.97,100.0,0.98,142.69,0.01,0.05,616.256,1776221351000
1776221353.279,253.279,0.03,94.84,0.02,10.0,0.04,67.7,0.05,54.7,0.96,67.7,0.95,54.7,0.97,94.84,0.98,10.0,0.01,0.01,616.256689,1776221352000
1776221353.517,253.517,0.03,91.74,0.02,10.0,0.04,67.7,0.05,54.7,0.96,67.7,0.95,54.7,0.97,94.84,0.98,10.0,0.01,0.01,616.256689,1776221352000
1776221354.227,254.227,0.03,91.74,0.02,10.0,0.04,67.7,0.05,54.7,0.96,67.7,0.95,54.7,0.97,91.74,0.98,10.0,0.01,0.01,616.252305,1776221353000
1776221355.314,255.314,0.03,91.74,0.02,10.0,0.04,67.7,0.05,54.7,0.96,67.7,0.95,54.7,0.97,91.74,0.98,10.0,0.01,0.01,616.223,1776221354000
1776221355.873,255.873,0.03,91.74,0.02,10.0,0.04,67.7,0.05,54.7,0.96,67.7,0.95,54.7,0.97,91.74,0.98,10.0,0.01,0.01,616.223,1776221355000
1776221356.874,256.874,0.03,91.74,0.02,10.0,0.04,67.7,0.05,54.7,0.96,67.7,0.95,54.7,0.97,91.74,0.98,10.0,0.01,0.01,616.19825,1776221356000
1776221357.083,257.083,0.03,83.61,0.02,10.0,0.04,72.7,0.05,54.7,0.96,67.7,0.95,54.7,0.97,91.74,0.98,10.0,0.01,0.01,616.19825,1776221356000
1776221357.784,257.784,0.03,71.23,0.02,10.0,0.04,72.7,0.05,54.7,0.96,72.7,0.95,54.7,0.97,73.28,0.98,10.0,0.01,0.01,616.19825,1776221356000
1776221358.04,258.04,0.03,71.23,0.02,10.0,0.04,72.7,0.05,54.7,0.96,72.7,0.95,54.7,0.97,71.23,0.98,10.0,0.01,0.01,616.104516,1776221357000
1776221358.557,258.557,0.03,35.62,0.02,10.0,0.04,72.7,0.05,54.7,0.96,72.7,0.95,54.7,0.97,71.23,0.98,10.0,0.01,0.01,616.104516,1776221357000
1776221358.845,258.845,0.03,29.62,0.02,10.0,0.04,72.7,0.05,54.7,0.96,72.7,0.95,54.7,0.97,35.62,0.98,10.0,0.01,0.01,616.104516,1776221357000
1776221359.088,259.088,0.03,29.62,0.02,10.0,0.04,72.7,0.05,54.7,0.96,72.7,0.95,54.7,0.97,29.62,0.98,10.0,0.01,0.01,616.079325,1776221358000
1776221360.775,260.775,0.03,29.62,0.02,10.0,0.04,72.7,0.05,54.7,0.96,72.7,0.95,54.7,0.97,29.62,0.98,10.0,0.01,0.01,616.078083,1776221359000
1776221361.326,261.326,0.03,29.62,0.02,10.0,0.04,72.7,0.05,54.7,0.96,72.7,0.95,54.7,0.97,29.62,0.98,10.0,0.01,0.01,616.076024,1776221360000
1776221362.364,262.364,0.03,29.62,0.02,10.0,0.04,72.7,0.05,54.7,0.96,72.7,0.95,54.7,0.97,29.62,0.98,10.0,0.01,0.01,616.115346,1776221361000
1776221362.838,262.838,0.03,29.62,0.02,10.0,0.04,72.7,0.05,54.7,0.96,72.7,0.95,54.7,0.97,29.62,0.98,10.0,0.01,0.01,616.115214,1776221362000
1776221363.716,263.716,0.02,9.5,0.01,410.0,0.03,89.3,0.04,72.7,0.96,72.7,0.95,54.7,0.98,10.0,0.99,410.0,0.01,0.02,616.115214,1776221362000
1776221364.317,264.317,0.01,410.0,,,0.03,89.3,0.04,72.7,0.97,89.3,0.96,72.7,0.98,9.5,0.99,410.0,0.02,0.01,616.08812,1776221363000
1776221365.002,265.002,0.01,410.0,,,0.03,89.3,0.04,72.7,0.97,89.3,0.96,72.7,0.99,410.0,,,0.02,0.02,616.02186,1776221364000
1776221366.035,266.035,0.01,410.0,,,0.03,89.3,0.04,72.7,0.97,89.3,0.96,72.7,0.99,410.0,,,0.02,0.02,615.991595,1776221365000
1776221366.595,266.595,0.01,359.0,,,0.02,132.69,0.03,89.3,0.97,89.3,0.96,72.7,0.99,410.0,,,0.01,0.02,615.991595,1776221365000
1776221366.851,266.851,,,,,0.01,641.0,0.02,132.69,0.98,132.69,0.97,89.3,0.99,359.0,,,,0.01,615.991595,1776221365000
1776221367.157,267.157,,,,,0.01,559.16,0.02,132.69,0.99,561.19,0.98,132.69,,,,,,,615.97112,1776221366000
1776221367.41,267.41,,,,,0.01,721.76,0.02,132.69,0.99,559.16,0.98,132.69,,,,,,,615.97112,1776221366000
1776221368.086,268.086,,,,,0.01,721.16,0.02,132.69,0.99,721.16,0.98,132.69,,,,,,,615.966004,1776221367000
1776221369.051,269.051,,,,,0.01,721.16,0.02,132.69,0.99,721.16,0.98,132.69,,,,,,,615.940489,1776221368000
1776221369.965,269.965,,,,,0.01,721.16,0.02,132.69,0.99,721.16,0.98,132.69,,,,,,,615.963,1776221369000
1776221371.027,271.027,,,,,0.01,721.16,0.02,132.69,0.99,721.16,0.98,132.69,,,,,,,615.97201,1776221370000
1776221371.925,271.925,,,,,0.01,721.16,0.02,132.69,0.99,721.16,0.98,132.69,,,,,,,615.872231,1776221371000
1776221373.008,273.008,,,,,0.01,721.16,0.02,132.69,0.99,721.16,0.98,132.69,,,,,,,615.839319,1776221372000
1776221374.219,274.219,,,,,0.01,721.16,0.02,132.69,0.99,721.16,0.98,132.69,,,,,,,615.839319,1776221373000
1776221375.223,275.223,,,,,0.01,721.16,0.02,132.69,0.99,721.16,0.98,132.69,,,,,,,615.857755,1776221374000
1776221376.377,276.377,,,,,0.01,721.16,0.02,132.69,0.99,721.16,0.98,132.69,,,,,,,615.764916,1776221375000
1776221377.029,277.029,,,,,0.01,721.16,0.02,132.69,0.99,721.16,0.98,132.69,,,,,,,615.764821,1776221376000
1776221378.16,278.16,,,,,0.01,721.16,0.02,132.69,0.99,721.16,0.98,132.69,,,,,,,615.762,1776221377000
1776221379.193,279.193,,,,,0.01,721.16,0.02,132.69,0.99,721.16,0.98,132.69,,,,,,,615.764,1776221378000
1776221380.256,280.256,,,,,0.01,721.16,0.02,132.69,0.99,721.16,0.98,132.69,,,,,,,615.758,1776221379000
1776221381.429,281.429,,,,,0.01,721.16,0.02,132.69,0.99,721.16,0.98,132.69,,,,,,,615.746823,1776221380000
1776221382.062,282.062,,,,,0.01,721.16,0.02,132.69,0.99,721.16,0.98,132.69,,,,,,,615.75,1776221381000
1776221383.312,283.312,,,,,0.01,721.16,0.02,132.69,0.99,721.16,0.98,132.69,,,,,,,615.734476,1776221382000
1776221384.409,284.409,,,,,0.01,721.16,0.02,132.69,0.99,721.16,0.98,132.69,,,,,,,615.722361,1776221383000
1776221385.043,285.043,,,,,0.01,721.16,0.02,132.69,0.99,721.16,0.98,132.69,,,,,,,615.722,1776221384000
1776221386.265,286.265,,,,,0.01,721.16,0.02,132.69,0.99,721.16,0.98,132.69,,,,,,,615.709305,1776221385000
1776221387.254,287.254,,,,,0.01,721.16,0.02,132.69,0.99,721.16,0.98,132.69,,,,,,,615.709811,1776221386000
1776221388.303,288.303,,,,,0.01,721.16,0.02,132.69,0.99,721.16,0.98,132.69,,,,,,,615.711483,1776221387000
1776221388.913,288.913,,,,,0.01,721.16,0.02,132.69,0.99,721.16,0.98,132.69,,,,,,,615.711483,1776221388000
1776221390.22,290.22,,,,,0.01,721.16,0.02,132.69,0.99,721.16,0.98,132.69,,,,,,,615.718344,1776221389000
1776221391.495,291.495,,,,,0.01,721.16,0.02,132.69,0.99,721.16,0.98,132.69,,,,,,,615.718328,1776221390000
1776221392.072,292.072,,,,,0.01,721.16,0.02,132.69,0.99,721.16,0.98,132.69,,,,,,,615.718328,1776221391000
1776221393.125,293.125,,,,,0.01,721.16,0.02,132.69,0.99,721.16,0.98,132.69,,,,,,,615.709141,1776221392000
1776221394.22,294.22,,,,,0.01,721.16,0.02,132.69,0.99,721.16,0.98,132.69,,,,,,,615.695748,1776221393000
1776221395.332,295.332,,,,,0.01,721.16,0.02,132.69,0.99,721.16,0.98,132.69,,,,,,,615.694687,1776221394000
1776221395.859,295.859,,,,,0.01,721.16,0.02,132.69,0.99,721.16,0.98,132.69,,,,,,,615.694462,1776221395000
1776221397.139,297.139,,,,,0.01,721.16,0.02,132.69,0.99,721.16,0.98,132.69,,,,,,,615.682264,1776221396000
1776221398.287,298.287,,,,,0.01,721.16,0.02,132.69,0.99,721.16,0.98,132.69,,,,,,,615.686384,1776221397000
1776221399.352,299.352,,,,,0.01,721.16,0.02,132.69,0.99,721.16,0.98,132.69,,,,,,,615.686384,1776221398000
1776221399.818,299.818,,,,,0.01,721.16,0.02,132.69,0.99,721.16,0.98,132.69,,,,,,,615.677765,1776221399000
1776221401.157,301.157,,,,,0.01,721.16,0.02,132.69,0.99,721.16,0.98,132.69,,,,,,,615.673439,1776221400000
1776221402.243,302.243,,,,,0.01,721.16,0.02,132.69,0.99,721.16,0.98,132.69,,,,,,,615.655115,1776221401000

# RESULT,winner=Down,slug=bnb-updown-5m-1776221100,ticks=328
