timestamp,elapsed_sec,up_bid_p1,up_bid_s1,up_bid_p2,up_bid_s2,up_ask_p1,up_ask_s1,up_ask_p2,up_ask_s2,down_bid_p1,down_bid_s1,down_bid_p2,down_bid_s2,down_ask_p1,down_ask_s1,down_ask_p2,down_ask_s2,up_spread,down_spread,bnb_price,bnb_oracle_ts
1776206401.464,1.464,0.5,5.0,0.33,300.0,0.67,300.0,0.69,375.0,0.33,300.0,0.31,375.0,0.5,5.0,0.67,300.0,0.17,0.17,614.562,1776206399000
1776206401.787,1.787,0.5,5.0,0.33,300.0,0.67,300.0,0.69,375.0,0.33,300.0,0.31,375.0,0.5,5.0,0.67,300.0,0.17,0.17,614.562,1776206399000
1776206402.395,2.395,0.5,5.0,0.33,300.0,0.67,300.0,0.69,375.0,0.33,300.0,0.31,375.0,0.5,5.0,0.67,300.0,0.17,0.17,614.564,1776206401000
1776206402.918,2.918,0.5,5.0,0.33,300.0,0.67,300.0,0.69,375.0,0.33,300.0,0.31,375.0,0.5,5.0,0.67,300.0,0.17,0.17,614.578,1776206402000
1776206403.942,3.942,0.5,5.0,0.33,300.0,0.67,300.0,0.69,375.0,0.33,300.0,0.31,375.0,0.5,5.0,0.67,300.0,0.17,0.17,614.578,1776206403000
1776206404.896,4.896,0.5,5.0,0.33,300.0,0.67,300.0,0.69,375.0,0.33,300.0,0.31,375.0,0.5,5.0,0.67,300.0,0.17,0.17,614.586,1776206404000
1776206405.935,5.935,0.5,5.0,0.33,300.0,0.67,300.0,0.69,375.0,0.33,300.0,0.31,375.0,0.5,5.0,0.67,300.0,0.17,0.17,614.545,1776206405000
1776206406.932,6.932,0.5,5.0,0.33,300.0,0.67,300.0,0.69,375.0,0.33,300.0,0.31,375.0,0.5,5.0,0.67,300.0,0.17,0.17,614.541,1776206406000
1776206407.916,7.916,0.5,5.0,0.33,300.0,0.67,300.0,0.69,375.0,0.33,300.0,0.31,375.0,0.5,5.0,0.67,300.0,0.17,0.17,614.537,1776206407000
1776206408.634,8.634,0.5,5.0,0.46,5.0,0.55,8.5,0.61,50.0,0.33,300.0,0.31,375.0,0.5,5.0,0.67,300.0,0.05,0.17,614.537,1776206407000
1776206408.941,8.941,0.5,5.0,0.46,5.0,0.55,8.5,0.61,50.0,0.45,8.5,0.39,50.0,0.5,5.0,0.54,5.0,0.05,0.05,614.542,1776206408000
1776206409.893,9.893,0.5,5.0,0.46,5.0,0.55,8.5,0.61,50.0,0.45,8.5,0.39,50.0,0.5,5.0,0.54,5.0,0.05,0.05,614.542,1776206409000
1776206410.865,10.865,0.5,5.0,0.46,5.0,0.55,8.5,0.61,50.0,0.45,8.5,0.39,50.0,0.5,5.0,0.54,5.0,0.05,0.05,614.54,1776206410000
1776206411.832,11.832,0.5,5.0,0.46,5.0,0.55,8.5,0.61,50.0,0.45,8.5,0.39,50.0,0.5,5.0,0.54,5.0,0.05,0.05,614.534,1776206411000
1776206412.855,12.855,0.5,5.0,0.46,5.0,0.55,8.5,0.61,50.0,0.45,8.5,0.39,50.0,0.5,5.0,0.54,5.0,0.05,0.05,614.534,1776206412000
1776206413.798,13.798,0.5,5.0,0.46,5.0,0.55,8.5,0.61,50.0,0.45,8.5,0.39,50.0,0.5,5.0,0.54,5.0,0.05,0.05,614.56,1776206413000
1776206415.54,15.54,0.5,5.0,0.46,5.0,0.55,8.5,0.61,50.0,0.45,8.5,0.39,50.0,0.5,5.0,0.54,5.0,0.05,0.05,614.593,1776206414000
1776206416.327,16.327,0.5,5.0,0.46,5.0,0.55,8.5,0.61,50.0,0.45,8.5,0.39,50.0,0.5,5.0,0.54,5.0,0.05,0.05,614.593,1776206415000
1776206417.475,17.475,0.5,5.0,0.46,5.0,0.55,8.5,0.61,50.0,0.45,8.5,0.39,50.0,0.5,5.0,0.54,5.0,0.05,0.05,614.578,1776206416000
1776206418.53,18.53,0.5,5.0,0.46,5.0,0.55,8.5,0.61,50.0,0.45,8.5,0.39,50.0,0.5,5.0,0.54,5.0,0.05,0.05,614.578,1776206417000
1776206419.221,19.221,0.5,5.0,0.46,5.0,0.55,8.5,0.61,50.0,0.45,8.5,0.39,50.0,0.5,5.0,0.54,5.0,0.05,0.05,614.582,1776206418000
1776206420.43,20.43,0.5,5.0,0.46,5.0,0.55,8.5,0.61,50.0,0.45,8.5,0.39,50.0,0.5,5.0,0.54,5.0,0.05,0.05,614.618506,1776206419000
1776206420.909,20.909,0.5,5.0,0.46,5.0,0.55,8.5,0.61,50.0,0.45,8.5,0.39,50.0,0.5,5.0,0.54,5.0,0.05,0.05,614.618506,1776206420000
1776206422.347,22.347,0.5,5.0,0.46,5.0,0.55,8.5,0.61,50.0,0.45,8.5,0.39,50.0,0.5,5.0,0.54,5.0,0.05,0.05,614.652,1776206421000
1776206422.97,22.97,0.5,5.0,0.46,5.0,0.55,8.5,0.61,50.0,0.45,8.5,0.39,50.0,0.5,5.0,0.54,5.0,0.05,0.05,614.652,1776206422000
1776206424.3,24.3,0.5,5.0,0.46,5.0,0.55,8.5,0.61,50.0,0.45,8.5,0.39,50.0,0.5,5.0,0.54,5.0,0.05,0.05,614.681,1776206423000
1776206425.453,25.453,0.5,5.0,0.46,5.0,0.55,8.5,0.61,50.0,0.45,8.5,0.39,50.0,0.5,5.0,0.54,5.0,0.05,0.05,614.682,1776206424000
1776206426.136,26.136,0.5,5.0,0.46,5.0,0.55,8.5,0.61,50.0,0.45,8.5,0.39,50.0,0.5,5.0,0.54,5.0,0.05,0.05,614.717,1776206425000
1776206427.393,27.393,0.5,5.0,0.46,5.0,0.55,8.5,0.61,50.0,0.45,8.5,0.39,50.0,0.5,5.0,0.54,5.0,0.05,0.05,614.722,1776206426000
1776206427.986,27.986,0.5,5.0,0.46,5.0,0.55,8.5,0.61,50.0,0.45,8.5,0.39,50.0,0.5,5.0,0.54,5.0,0.05,0.05,614.722,1776206427000
1776206429.301,29.301,0.5,5.0,0.46,5.0,0.55,8.5,0.61,50.0,0.45,8.5,0.39,50.0,0.5,5.0,0.54,5.0,0.05,0.05,614.73,1776206428000
1776206430.008,30.008,0.5,5.0,0.46,5.0,0.55,8.5,0.61,50.0,0.45,8.5,0.39,50.0,0.5,5.0,0.54,5.0,0.05,0.05,614.73,1776206429000
1776206430.952,30.952,0.69,5.0,0.65,5.0,0.78,5.0,0.81,50.0,0.45,8.5,0.39,50.0,0.5,5.0,0.54,5.0,0.09,0.05,614.73,1776206429000
1776206431.879,31.879,0.69,5.0,0.65,5.0,0.78,5.0,0.81,50.0,0.22,5.0,0.19,50.0,0.31,5.0,0.35,5.0,0.09,0.09,614.790253,1776206430000
1776206432.368,32.368,0.69,5.0,0.65,5.0,0.78,5.0,0.81,50.0,0.22,5.0,0.19,50.0,0.31,5.0,0.35,5.0,0.09,0.09,614.816,1776206431000
1776206432.955,32.955,0.69,5.0,0.65,5.0,0.78,5.0,0.81,50.0,0.22,5.0,0.19,50.0,0.31,5.0,0.35,5.0,0.09,0.09,614.816,1776206432000
1776206434.015,34.015,0.69,5.0,0.65,5.0,0.78,5.0,0.81,50.0,0.22,5.0,0.19,50.0,0.31,5.0,0.35,5.0,0.09,0.09,614.865,1776206433000
1776206435.12,35.12,0.69,5.0,0.65,5.0,0.78,5.0,0.81,50.0,0.22,5.0,0.19,50.0,0.31,5.0,0.35,5.0,0.09,0.09,614.895,1776206434000
1776206436.047,36.047,0.69,5.0,0.65,5.0,0.78,5.0,0.81,50.0,0.22,5.0,0.19,50.0,0.31,5.0,0.35,5.0,0.09,0.09,614.866,1776206435000
1776206437.113,37.113,0.69,5.0,0.65,5.0,0.78,5.0,0.81,50.0,0.22,5.0,0.19,50.0,0.31,5.0,0.35,5.0,0.09,0.09,614.899,1776206436000
1776206438.205,38.205,0.69,5.0,0.65,5.0,0.78,5.0,0.81,50.0,0.22,5.0,0.19,50.0,0.31,5.0,0.35,5.0,0.09,0.09,614.925,1776206437000
1776206439.272,39.272,0.69,5.0,0.65,5.0,0.78,5.0,0.81,50.0,0.22,5.0,0.19,50.0,0.31,5.0,0.35,5.0,0.09,0.09,614.883797,1776206438000
1776206440.284,40.284,0.69,5.0,0.65,5.0,0.78,5.0,0.81,50.0,0.22,5.0,0.19,50.0,0.31,5.0,0.35,5.0,0.09,0.09,614.885095,1776206439000
1776206441.374,41.374,0.69,5.0,0.65,5.0,0.78,5.0,0.81,50.0,0.22,5.0,0.19,50.0,0.31,5.0,0.35,5.0,0.09,0.09,614.885095,1776206440000
1776206441.952,41.952,0.69,5.0,0.65,5.0,0.78,5.0,0.81,50.0,0.22,5.0,0.19,50.0,0.31,5.0,0.35,5.0,0.09,0.09,614.885095,1776206441000
1776206442.768,42.768,0.75,5.0,0.71,5.0,0.84,4.04,0.86,26.6,0.22,5.0,0.19,50.0,0.31,5.0,0.35,5.0,0.09,0.09,614.885095,1776206441000
1776206443.834,43.834,0.75,5.0,0.71,5.0,0.84,4.04,0.86,26.6,0.16,4.04,0.14,26.6,0.25,5.0,0.29,5.0,0.09,0.09,614.893914,1776206443000
1776206445.361,45.361,0.75,5.0,0.71,5.0,0.84,4.04,0.86,26.6,0.16,4.04,0.14,26.6,0.25,5.0,0.29,5.0,0.09,0.09,614.890282,1776206444000
1776206446.395,46.395,0.75,5.0,0.71,5.0,0.84,4.04,0.86,26.6,0.16,4.04,0.14,26.6,0.25,5.0,0.29,5.0,0.09,0.09,614.890282,1776206445000
1776206446.932,46.932,0.75,5.0,0.71,5.0,0.84,4.04,0.86,26.6,0.16,4.04,0.14,26.6,0.25,5.0,0.29,5.0,0.09,0.09,614.890282,1776206446000
1776206448.016,48.016,0.75,5.0,0.71,5.0,0.84,4.04,0.86,26.6,0.16,4.04,0.14,26.6,0.25,5.0,0.29,5.0,0.09,0.09,614.889285,1776206447000
1776206449.078,49.078,0.75,5.0,0.71,5.0,0.84,4.04,0.86,26.6,0.16,4.04,0.14,26.6,0.25,5.0,0.29,5.0,0.09,0.09,614.884285,1776206448000
1776206450.136,50.136,0.75,5.0,0.71,5.0,0.84,4.04,0.86,26.6,0.16,4.04,0.14,26.6,0.25,5.0,0.29,5.0,0.09,0.09,614.827871,1776206449000
1776206451.04,51.04,0.75,5.0,0.71,5.0,0.84,4.04,0.86,26.6,0.16,4.04,0.14,26.6,0.25,5.0,0.29,5.0,0.09,0.09,614.821013,1776206450000
1776206452.095,52.095,0.75,5.0,0.71,5.0,0.84,4.04,0.86,26.6,0.16,4.04,0.14,26.6,0.25,5.0,0.29,5.0,0.09,0.09,614.821753,1776206451000
1776206453.086,53.086,0.75,5.0,0.71,5.0,0.84,4.04,0.86,26.6,0.16,4.04,0.14,26.6,0.25,5.0,0.29,5.0,0.09,0.09,614.822951,1776206452000
1776206454.124,54.124,0.75,5.0,0.71,5.0,0.84,4.04,0.86,26.6,0.16,4.04,0.14,26.6,0.25,5.0,0.29,5.0,0.09,0.09,614.819012,1776206453000
1776206455.15,55.15,0.75,5.0,0.71,5.0,0.84,4.04,0.86,26.6,0.16,4.04,0.14,26.6,0.25,5.0,0.29,5.0,0.09,0.09,614.818726,1776206454000
1776206456.214,56.214,0.75,5.0,0.71,5.0,0.84,4.04,0.86,26.6,0.16,4.04,0.14,26.6,0.25,5.0,0.29,5.0,0.09,0.09,614.819067,1776206455000
1776206457.253,57.253,0.75,5.0,0.71,5.0,0.84,4.04,0.86,26.6,0.16,4.04,0.14,26.6,0.25,5.0,0.29,5.0,0.09,0.09,614.817494,1776206456000
1776206458.769,58.769,0.75,5.0,0.71,5.0,0.84,4.04,0.86,26.6,0.16,4.04,0.14,26.6,0.25,5.0,0.29,5.0,0.09,0.09,614.824912,1776206457000
1776206459.255,59.255,0.75,5.0,0.71,5.0,0.84,4.04,0.86,26.6,0.16,4.04,0.14,26.6,0.25,5.0,0.29,5.0,0.09,0.09,614.824912,1776206458000
1776206460.365,60.365,0.75,5.0,0.71,5.0,0.84,4.04,0.86,26.6,0.16,4.04,0.14,26.6,0.25,5.0,0.29,5.0,0.09,0.09,614.83894,1776206459000
1776206460.899,60.899,0.75,5.0,0.71,5.0,0.84,4.04,0.86,26.6,0.16,4.04,0.14,26.6,0.25,5.0,0.29,5.0,0.09,0.09,614.858809,1776206460000
1776206462.132,62.132,0.75,5.0,0.71,5.0,0.84,4.04,0.86,26.6,0.16,4.04,0.14,26.6,0.25,5.0,0.29,5.0,0.09,0.09,614.858809,1776206461000
1776206463.112,63.112,0.75,5.0,0.71,5.0,0.84,4.04,0.86,26.6,0.16,4.04,0.14,26.6,0.25,5.0,0.29,5.0,0.09,0.09,614.860171,1776206462000
1776206464.157,64.157,0.75,5.0,0.71,5.0,0.84,4.04,0.86,26.6,0.16,4.04,0.14,26.6,0.25,5.0,0.29,5.0,0.09,0.09,614.868,1776206463000
1776206465.403,65.403,0.75,5.0,0.71,5.0,0.84,4.04,0.86,26.6,0.16,4.04,0.14,26.6,0.25,5.0,0.29,5.0,0.09,0.09,614.867745,1776206464000
1776206465.847,65.847,0.75,5.0,0.71,5.0,0.84,4.04,0.86,26.6,0.16,4.04,0.14,26.6,0.25,5.0,0.29,5.0,0.09,0.09,614.867745,1776206465000
1776206466.92,66.92,0.75,5.0,0.71,5.0,0.84,4.04,0.86,26.6,0.16,4.04,0.14,26.6,0.25,5.0,0.29,5.0,0.09,0.09,614.868653,1776206466000
1776206467.962,67.962,0.75,5.0,0.71,5.0,0.84,4.04,0.86,26.6,0.16,4.04,0.14,26.6,0.25,5.0,0.29,5.0,0.09,0.09,614.873673,1776206467000
1776206469.033,69.033,0.75,5.0,0.71,5.0,0.84,4.04,0.86,26.6,0.16,4.04,0.14,26.6,0.25,5.0,0.29,5.0,0.09,0.09,614.874269,1776206468000
1776206470.106,70.106,0.75,5.0,0.71,5.0,0.84,4.04,0.86,26.6,0.16,4.04,0.14,26.6,0.25,5.0,0.29,5.0,0.09,0.09,614.873857,1776206469000
1776206471.13,71.13,0.75,5.0,0.71,5.0,0.84,4.04,0.86,26.6,0.16,4.04,0.14,26.6,0.25,5.0,0.29,5.0,0.09,0.09,614.873859,1776206470000
1776206472.758,72.758,0.75,5.0,0.71,5.0,0.84,4.04,0.86,26.6,0.16,4.04,0.14,26.6,0.25,5.0,0.29,5.0,0.09,0.09,614.873135,1776206471000
1776206473.396,73.396,0.75,5.0,0.71,5.0,0.84,4.04,0.86,26.6,0.16,4.04,0.14,26.6,0.25,5.0,0.29,5.0,0.09,0.09,614.873546,1776206472000
1776206474.009,74.009,0.75,5.0,0.71,5.0,0.84,4.04,0.86,26.6,0.16,4.04,0.14,26.6,0.25,5.0,0.29,5.0,0.09,0.09,614.873924,1776206473000
1776206475.233,75.233,0.75,5.0,0.71,5.0,0.84,4.04,0.86,26.6,0.16,4.04,0.14,26.6,0.25,5.0,0.29,5.0,0.09,0.09,614.874076,1776206474000
1776206475.822,75.822,0.75,5.0,0.74,13.5,0.85,1.87,0.86,21.6,0.16,4.04,0.14,26.6,0.25,5.0,0.29,5.0,0.1,0.09,614.874076,1776206474000
1776206476.404,76.404,0.75,5.0,0.74,13.5,0.85,1.87,0.86,21.6,0.15,1.87,0.14,21.6,0.25,5.0,0.26,13.5,0.1,0.1,614.875738,1776206475000
1776206477.331,77.331,0.75,5.0,0.74,13.5,0.86,20.33,0.87,28.0,0.15,1.87,0.14,21.6,0.25,5.0,0.26,13.5,0.11,0.1,614.875738,1776206475000
1776206477.59,77.59,0.75,5.0,0.74,13.5,0.86,20.33,0.87,28.0,0.14,20.33,0.13,28.0,0.25,5.0,0.26,13.5,0.11,0.11,614.866006,1776206476000
1776206478.134,78.134,0.75,5.0,0.74,13.5,0.86,20.33,0.87,28.0,0.14,20.33,0.13,28.0,0.25,5.0,0.26,13.5,0.11,0.11,614.866032,1776206477000
1776206479.877,79.877,0.75,5.0,0.74,13.5,0.86,20.33,0.87,28.0,0.14,20.33,0.13,28.0,0.25,5.0,0.26,13.5,0.11,0.11,614.864252,1776206478000
1776206480.513,80.513,0.75,5.0,0.74,13.5,0.86,20.33,0.87,28.0,0.14,20.33,0.13,28.0,0.25,5.0,0.26,13.5,0.11,0.11,614.864252,1776206479000
1776206481.114,81.114,0.75,5.0,0.74,13.5,0.86,20.33,0.87,28.0,0.14,20.33,0.13,28.0,0.25,5.0,0.26,13.5,0.11,0.11,614.859368,1776206480000
1776206482.563,82.563,0.75,5.0,0.74,13.5,0.86,20.33,0.87,28.0,0.14,20.33,0.13,28.0,0.25,5.0,0.26,13.5,0.11,0.11,614.757503,1776206481000
1776206483.169,83.169,0.75,5.0,0.74,13.5,0.86,20.33,0.87,28.0,0.14,20.33,0.13,28.0,0.25,5.0,0.26,13.5,0.11,0.11,614.757503,1776206482000
1776206484.452,84.452,0.75,5.0,0.74,13.5,0.86,20.33,0.87,28.0,0.14,20.33,0.13,28.0,0.25,5.0,0.26,13.5,0.11,0.11,614.754,1776206483000
1776206485.147,85.147,0.75,5.0,0.74,13.5,0.86,20.33,0.87,28.0,0.14,20.33,0.13,28.0,0.25,5.0,0.26,13.5,0.11,0.11,614.754,1776206484000
1776206486.649,86.649,0.75,5.0,0.74,13.5,0.86,20.33,0.87,28.0,0.14,20.33,0.13,28.0,0.25,5.0,0.26,13.5,0.11,0.11,614.724,1776206485000
1776206487.356,87.356,0.75,5.0,0.74,13.5,0.86,20.33,0.87,28.0,0.14,20.33,0.13,28.0,0.25,5.0,0.26,13.5,0.11,0.11,614.724,1776206486000
1776206488.017,88.017,0.75,5.0,0.74,13.5,0.86,20.33,0.87,28.0,0.14,20.33,0.13,28.0,0.25,5.0,0.26,13.5,0.11,0.11,614.72,1776206487000
1776206489.317,89.317,0.75,5.0,0.74,13.5,0.86,20.33,0.87,28.0,0.14,20.33,0.13,28.0,0.25,5.0,0.26,13.5,0.11,0.11,614.707,1776206488000
1776206490.569,90.569,0.75,5.0,0.74,13.5,0.86,20.33,0.87,28.0,0.14,20.33,0.13,28.0,0.25,5.0,0.26,13.5,0.11,0.11,614.707,1776206489000
1776206491.068,91.068,0.75,5.0,0.74,13.5,0.86,20.33,0.87,28.0,0.14,20.33,0.13,28.0,0.25,5.0,0.26,13.5,0.11,0.11,614.707,1776206490000
1776206492.232,92.232,0.75,5.0,0.74,13.5,0.86,20.33,0.87,28.0,0.14,20.33,0.13,28.0,0.25,5.0,0.26,13.5,0.11,0.11,614.726,1776206491000
1776206493.427,93.427,0.75,5.0,0.74,13.5,0.86,20.33,0.87,28.0,0.14,20.33,0.13,28.0,0.25,5.0,0.26,13.5,0.11,0.11,614.733,1776206492000
1776206493.988,93.988,0.75,5.0,0.74,13.5,0.86,20.33,0.87,28.0,0.14,20.33,0.13,28.0,0.25,5.0,0.26,13.5,0.11,0.11,614.712,1776206493000
1776206495.228,95.228,0.75,5.0,0.74,13.5,0.86,20.33,0.87,28.0,0.14,20.33,0.13,28.0,0.25,5.0,0.26,13.5,0.11,0.11,614.712,1776206494000
1776206496.419,96.419,0.75,5.0,0.74,13.5,0.86,20.33,0.87,28.0,0.14,20.33,0.13,28.0,0.25,5.0,0.26,13.5,0.11,0.11,614.712,1776206495000
1776206497.041,97.041,0.75,5.0,0.74,13.5,0.86,20.33,0.87,28.0,0.14,20.33,0.13,28.0,0.25,5.0,0.26,13.5,0.11,0.11,614.712,1776206496000
1776206498.329,98.329,0.75,5.0,0.74,13.5,0.86,20.33,0.87,28.0,0.14,20.33,0.13,28.0,0.25,5.0,0.26,13.5,0.11,0.11,614.689238,1776206497000
1776206498.925,98.925,0.75,5.0,0.74,13.5,0.86,20.33,0.87,28.0,0.14,20.33,0.13,28.0,0.25,5.0,0.26,13.5,0.11,0.11,614.684634,1776206498000
1776206500.023,100.023,0.75,5.0,0.74,13.5,0.86,20.33,0.87,28.0,0.14,20.33,0.13,28.0,0.25,5.0,0.26,13.5,0.11,0.11,614.684771,1776206499000
1776206501.18,101.18,0.75,5.0,0.74,13.5,0.86,20.33,0.87,28.0,0.14,20.33,0.13,28.0,0.25,5.0,0.26,13.5,0.11,0.11,614.681593,1776206500000
1776206502.239,102.239,0.75,5.0,0.74,13.5,0.86,20.33,0.87,28.0,0.14,20.33,0.13,28.0,0.25,5.0,0.26,13.5,0.11,0.11,614.674395,1776206501000
1776206502.524,102.524,0.6,8.67,0.59,10.7,0.76,19.3,0.77,19.7,0.14,20.33,0.13,28.0,0.25,5.0,0.26,13.5,0.16,0.11,614.674395,1776206501000
1776206503.344,103.344,0.6,8.67,0.59,10.7,0.76,19.3,0.77,19.7,0.24,19.3,0.23,19.7,0.4,8.67,0.41,10.7,0.16,0.16,614.752,1776206502000
1776206503.803,103.803,0.6,8.67,0.59,10.7,0.76,19.3,0.77,19.7,0.24,19.3,0.23,19.7,0.4,8.67,0.41,10.7,0.16,0.16,614.752,1776206503000
1776206505.589,105.589,0.6,8.67,0.59,10.7,0.76,19.3,0.77,19.7,0.24,19.3,0.23,19.7,0.4,8.67,0.41,10.7,0.16,0.16,614.761,1776206504000
1776206506.025,106.025,0.61,10.9,0.6,8.67,0.74,5.0,0.77,19.7,0.24,19.3,0.23,19.7,0.4,8.67,0.41,10.7,0.13,0.16,614.761,1776206504000
1776206506.645,106.645,0.61,10.9,0.6,8.67,0.77,19.7,0.78,20.2,0.23,19.7,0.22,20.2,0.39,10.9,0.4,8.67,0.16,0.16,614.761,1776206505000
1776206507.235,107.235,0.61,10.9,0.6,8.67,0.77,19.7,0.78,20.2,0.23,19.7,0.22,20.2,0.39,10.9,0.4,8.67,0.16,0.16,614.759,1776206506000
1776206508.868,108.868,0.61,10.9,0.6,8.67,0.77,19.7,0.78,20.2,0.23,19.7,0.22,20.2,0.39,10.9,0.4,8.67,0.16,0.16,614.762239,1776206507000
1776206509.47,109.47,0.61,10.9,0.6,8.67,0.77,19.7,0.78,20.2,0.23,19.7,0.22,20.2,0.39,10.9,0.4,8.67,0.16,0.16,614.764,1776206508000
1776206510.107,110.107,0.61,10.9,0.6,8.67,0.77,19.7,0.78,20.2,0.23,19.7,0.22,20.2,0.39,10.9,0.4,8.67,0.16,0.16,614.765,1776206509000
1776206511.413,111.413,0.61,10.9,0.6,8.67,0.77,19.7,0.78,20.2,0.23,19.7,0.22,20.2,0.39,10.9,0.4,8.67,0.16,0.16,614.762,1776206510000
1776206512.232,112.232,0.61,10.9,0.6,8.67,0.77,19.7,0.78,20.2,0.23,19.7,0.22,20.2,0.39,10.9,0.4,8.67,0.16,0.16,614.762,1776206511000
1776206513.391,113.391,0.61,10.9,0.6,8.67,0.77,19.7,0.78,20.2,0.23,19.7,0.22,20.2,0.39,10.9,0.4,8.67,0.16,0.16,614.748,1776206512000
1776206513.978,113.978,0.61,10.9,0.6,8.67,0.77,19.7,0.78,20.2,0.23,19.7,0.22,20.2,0.39,10.9,0.4,8.67,0.16,0.16,614.748,1776206513000
1776206515.241,115.241,0.61,10.9,0.6,8.67,0.77,19.7,0.78,20.2,0.23,19.7,0.22,20.2,0.39,10.9,0.4,8.67,0.16,0.16,614.754,1776206514000
1776206516.637,116.637,0.61,10.9,0.6,8.67,0.77,19.7,0.78,20.2,0.23,19.7,0.22,20.2,0.39,10.9,0.4,8.67,0.16,0.16,614.754,1776206515000
1776206517.245,117.245,0.61,10.9,0.6,8.67,0.77,19.7,0.78,20.2,0.23,19.7,0.22,20.2,0.39,10.9,0.4,8.67,0.16,0.16,614.749,1776206516000
1776206518.592,118.592,0.61,10.9,0.6,8.67,0.77,19.7,0.78,20.2,0.23,19.7,0.22,20.2,0.39,10.9,0.4,8.67,0.16,0.16,614.744,1776206517000
1776206519.148,119.148,0.61,10.9,0.6,8.67,0.77,19.7,0.78,20.2,0.23,19.7,0.22,20.2,0.39,10.9,0.4,8.67,0.16,0.16,614.744,1776206518000
1776206520.38,120.38,0.61,10.9,0.6,8.67,0.77,19.7,0.78,20.2,0.23,19.7,0.22,20.2,0.39,10.9,0.4,8.67,0.16,0.16,614.735,1776206519000
1776206520.993,120.993,0.61,10.9,0.6,8.67,0.77,19.7,0.78,20.2,0.23,19.7,0.22,20.2,0.39,10.9,0.4,8.67,0.16,0.16,614.735,1776206520000
1776206522.643,122.643,0.61,10.9,0.6,8.67,0.77,19.7,0.78,20.2,0.23,19.7,0.22,20.2,0.39,10.9,0.4,8.67,0.16,0.16,614.70788,1776206521000
1776206523.147,123.147,0.61,10.9,0.6,8.67,0.77,19.7,0.78,20.2,0.23,19.7,0.22,20.2,0.39,10.9,0.4,8.67,0.16,0.16,614.714,1776206522000
1776206524.814,124.814,0.61,10.9,0.6,8.67,0.77,19.7,0.78,20.2,0.23,19.7,0.22,20.2,0.39,10.9,0.4,8.67,0.16,0.16,614.70788,1776206523000
1776206525.389,125.389,0.61,10.9,0.6,8.67,0.77,19.7,0.78,20.2,0.23,19.7,0.22,20.2,0.39,10.9,0.4,8.67,0.16,0.16,614.7,1776206524000
1776206526.119,126.119,0.61,10.9,0.6,8.67,0.77,19.7,0.78,20.2,0.23,19.7,0.22,20.2,0.39,10.9,0.4,8.67,0.16,0.16,614.701,1776206525000
1776206527.313,127.313,0.61,10.9,0.6,8.67,0.77,19.7,0.78,20.2,0.23,19.7,0.22,20.2,0.39,10.9,0.4,8.67,0.16,0.16,614.716344,1776206526000
1776206528.544,128.544,0.61,10.9,0.6,8.67,0.77,19.7,0.78,20.2,0.23,19.7,0.22,20.2,0.39,10.9,0.4,8.67,0.16,0.16,614.716614,1776206527000
1776206529.144,129.144,0.61,10.9,0.6,8.67,0.77,19.7,0.78,20.2,0.23,19.7,0.22,20.2,0.39,10.9,0.4,8.67,0.16,0.16,614.716614,1776206528000
1776206530.267,130.267,0.61,10.9,0.6,8.67,0.77,19.7,0.78,20.2,0.23,19.7,0.22,20.2,0.39,10.9,0.4,8.67,0.16,0.16,614.715233,1776206529000
1776206531.371,131.371,0.61,10.9,0.6,8.67,0.77,19.7,0.78,20.2,0.23,19.7,0.22,20.2,0.39,10.9,0.4,8.67,0.16,0.16,614.717037,1776206530000
1776206531.95,131.95,0.61,10.9,0.6,8.67,0.77,19.7,0.78,20.2,0.23,19.7,0.22,20.2,0.39,10.9,0.4,8.67,0.16,0.16,614.717303,1776206531000
1776206533.106,133.106,0.61,10.9,0.6,8.67,0.77,19.7,0.78,20.2,0.23,19.7,0.22,20.2,0.39,10.9,0.4,8.67,0.16,0.16,614.717316,1776206532000
1776206534.31,134.31,0.61,10.9,0.6,8.67,0.77,19.7,0.78,20.2,0.23,19.7,0.22,20.2,0.39,10.9,0.4,8.67,0.16,0.16,614.717204,1776206533000
1776206535.519,135.519,0.61,10.9,0.6,8.67,0.77,19.7,0.78,20.2,0.23,19.7,0.22,20.2,0.39,10.9,0.4,8.67,0.16,0.16,614.717507,1776206534000
1776206536.088,136.088,0.61,10.9,0.6,8.67,0.77,19.7,0.78,20.2,0.23,19.7,0.22,20.2,0.39,10.9,0.4,8.67,0.16,0.16,614.714903,1776206535000
1776206537.254,137.254,0.61,10.9,0.6,8.67,0.77,19.7,0.78,20.2,0.23,19.7,0.22,20.2,0.39,10.9,0.4,8.67,0.16,0.16,614.714903,1776206536000
1776206538.238,138.238,0.61,10.9,0.6,8.67,0.77,19.7,0.78,20.2,0.23,19.7,0.22,20.2,0.39,10.9,0.4,8.67,0.16,0.16,614.715264,1776206537000
1776206539.295,139.295,0.61,10.9,0.6,8.67,0.77,19.7,0.78,20.2,0.23,19.7,0.22,20.2,0.39,10.9,0.4,8.67,0.16,0.16,614.73,1776206538000
1776206540.438,140.438,0.61,10.9,0.6,8.67,0.77,19.7,0.78,20.2,0.23,19.7,0.22,20.2,0.39,10.9,0.4,8.67,0.16,0.16,614.731,1776206539000
1776206540.918,140.918,0.61,10.9,0.6,8.67,0.77,19.7,0.78,20.2,0.23,19.7,0.22,20.2,0.39,10.9,0.4,8.67,0.16,0.16,614.731,1776206540000
1776206542.021,142.021,0.61,10.9,0.6,8.67,0.77,19.7,0.78,20.2,0.23,19.7,0.22,20.2,0.39,10.9,0.4,8.67,0.16,0.16,614.73,1776206541000
1776206542.967,142.967,0.61,10.9,0.6,8.67,0.77,19.7,0.78,20.2,0.23,19.7,0.22,20.2,0.39,10.9,0.4,8.67,0.16,0.16,614.732,1776206542000
1776206544.016,144.016,0.61,10.9,0.6,8.67,0.77,19.7,0.78,20.2,0.23,19.7,0.22,20.2,0.39,10.9,0.4,8.67,0.16,0.16,614.732,1776206543000
1776206544.985,144.985,0.61,10.9,0.6,8.67,0.77,19.7,0.78,20.2,0.23,19.7,0.22,20.2,0.39,10.9,0.4,8.67,0.16,0.16,614.732,1776206544000
1776206546.095,146.095,0.61,10.9,0.6,8.67,0.77,19.7,0.78,20.2,0.23,19.7,0.22,20.2,0.39,10.9,0.4,8.67,0.16,0.16,614.752774,1776206545000
1776206547.015,147.015,0.61,10.9,0.6,8.67,0.77,19.7,0.78,20.2,0.23,19.7,0.22,20.2,0.39,10.9,0.4,8.67,0.16,0.16,614.867,1776206546000
1776206548.009,148.009,0.61,10.9,0.6,8.67,0.77,19.7,0.78,20.2,0.23,19.7,0.22,20.2,0.39,10.9,0.4,8.67,0.16,0.16,614.852512,1776206547000
1776206548.995,148.995,0.61,10.9,0.6,8.67,0.77,19.7,0.78,20.2,0.23,19.7,0.22,20.2,0.39,10.9,0.4,8.67,0.16,0.16,614.852499,1776206548000
1776206549.954,149.954,0.61,10.9,0.6,8.67,0.77,19.7,0.78,20.2,0.23,19.7,0.22,20.2,0.39,10.9,0.4,8.67,0.16,0.16,614.851576,1776206549000
1776206551.467,151.467,0.61,10.9,0.6,8.67,0.77,19.7,0.78,20.2,0.23,19.7,0.22,20.2,0.39,10.9,0.4,8.67,0.16,0.16,614.850882,1776206550000
1776206552.026,152.026,0.61,10.9,0.6,8.67,0.77,19.7,0.78,20.2,0.23,19.7,0.22,20.2,0.39,10.9,0.4,8.67,0.16,0.16,614.849523,1776206551000
1776206552.965,152.965,0.61,10.9,0.6,8.67,0.77,19.7,0.78,20.2,0.23,19.7,0.22,20.2,0.39,10.9,0.4,8.67,0.16,0.16,614.849522,1776206552000
1776206554.005,154.005,0.61,10.9,0.6,8.67,0.77,19.7,0.78,20.2,0.23,19.7,0.22,20.2,0.39,10.9,0.4,8.67,0.16,0.16,614.84936,1776206553000
1776206554.944,154.944,0.61,10.9,0.6,8.67,0.77,19.7,0.78,20.2,0.23,19.7,0.22,20.2,0.39,10.9,0.4,8.67,0.16,0.16,614.849313,1776206554000
1776206555.964,155.964,0.61,10.9,0.6,8.67,0.77,19.7,0.78,20.2,0.23,19.7,0.22,20.2,0.39,10.9,0.4,8.67,0.16,0.16,614.849389,1776206555000
1776206557.006,157.006,0.61,10.9,0.6,8.67,0.77,19.7,0.78,20.2,0.23,19.7,0.22,20.2,0.39,10.9,0.4,8.67,0.16,0.16,614.849389,1776206556000
1776206557.957,157.957,0.61,10.9,0.6,8.67,0.77,19.7,0.78,20.2,0.23,19.7,0.22,20.2,0.39,10.9,0.4,8.67,0.16,0.16,614.823949,1776206557000
1776206558.968,158.968,0.61,10.9,0.6,8.67,0.77,19.7,0.78,20.2,0.23,19.7,0.22,20.2,0.39,10.9,0.4,8.67,0.16,0.16,614.823949,1776206558000
1776206560.075,160.075,0.61,10.9,0.6,8.67,0.77,19.7,0.78,20.2,0.23,19.7,0.22,20.2,0.39,10.9,0.4,8.67,0.16,0.16,614.823342,1776206559000
1776206561.106,161.106,0.61,10.9,0.6,8.67,0.77,19.7,0.78,20.2,0.23,19.7,0.22,20.2,0.39,10.9,0.4,8.67,0.16,0.16,614.823342,1776206560000
1776206561.679,161.679,0.67,5.0,0.6,5.0,0.79,3.73,0.81,50.0,0.23,19.7,0.22,20.2,0.39,10.9,0.4,8.67,0.12,0.16,614.823342,1776206560000
1776206562.129,162.129,0.67,5.0,0.6,5.0,0.79,3.73,0.81,50.0,0.21,3.73,0.19,50.0,0.33,5.0,0.4,5.0,0.12,0.12,614.824067,1776206561000
1776206563.277,163.277,0.67,5.0,0.6,5.0,0.79,3.73,0.81,50.0,0.21,3.73,0.19,50.0,0.33,5.0,0.4,5.0,0.12,0.12,614.771,1776206562000
1776206564.829,164.829,0.67,5.0,0.6,5.0,0.79,3.73,0.81,50.0,0.21,3.73,0.19,50.0,0.33,5.0,0.4,5.0,0.12,0.12,614.683375,1776206563000
1776206565.366,165.366,0.67,5.0,0.6,5.0,0.79,3.73,0.81,50.0,0.21,3.73,0.19,50.0,0.33,5.0,0.4,5.0,0.12,0.12,614.687,1776206564000
1776206565.881,165.881,0.67,5.0,0.6,5.0,0.79,3.73,0.81,50.0,0.21,3.73,0.19,50.0,0.33,5.0,0.4,5.0,0.12,0.12,614.687,1776206565000
1776206567.039,167.039,0.67,5.0,0.6,5.0,0.79,3.73,0.81,50.0,0.21,3.73,0.19,50.0,0.33,5.0,0.4,5.0,0.12,0.12,614.682946,1776206566000
1776206568.108,168.108,0.67,5.0,0.6,5.0,0.79,3.73,0.81,50.0,0.21,3.73,0.19,50.0,0.33,5.0,0.4,5.0,0.12,0.12,614.655,1776206567000
1776206569.145,169.145,0.67,5.0,0.6,5.0,0.79,3.73,0.81,50.0,0.21,3.73,0.19,50.0,0.33,5.0,0.4,5.0,0.12,0.12,614.677,1776206568000
1776206570.326,170.326,0.67,5.0,0.6,5.0,0.79,3.73,0.81,50.0,0.21,3.73,0.19,50.0,0.33,5.0,0.4,5.0,0.12,0.12,614.681,1776206569000
1776206570.848,170.848,0.67,5.0,0.6,5.0,0.79,3.73,0.81,50.0,0.21,3.73,0.19,50.0,0.33,5.0,0.4,5.0,0.12,0.12,614.681,1776206570000
1776206572.012,172.012,0.67,5.0,0.6,5.0,0.79,3.73,0.81,50.0,0.21,3.73,0.19,50.0,0.33,5.0,0.4,5.0,0.12,0.12,614.691,1776206571000
1776206573.165,173.165,0.67,5.0,0.6,5.0,0.79,3.73,0.81,50.0,0.21,3.73,0.19,50.0,0.33,5.0,0.4,5.0,0.12,0.12,614.694,1776206572000
1776206574.274,174.274,0.67,5.0,0.6,5.0,0.79,3.73,0.81,50.0,0.21,3.73,0.19,50.0,0.33,5.0,0.4,5.0,0.12,0.12,614.687,1776206573000
1776206575.381,175.381,0.67,5.0,0.6,5.0,0.79,3.73,0.81,50.0,0.21,3.73,0.19,50.0,0.33,5.0,0.4,5.0,0.12,0.12,614.684,1776206574000
1776206575.87,175.87,0.67,5.0,0.6,5.0,0.79,3.73,0.81,50.0,0.21,3.73,0.19,50.0,0.33,5.0,0.4,5.0,0.12,0.12,614.687,1776206575000
1776206577.234,177.234,0.67,5.0,0.6,5.0,0.79,3.73,0.81,50.0,0.21,3.73,0.19,50.0,0.33,5.0,0.4,5.0,0.12,0.12,614.716,1776206576000
1776206578.396,178.396,0.67,5.0,0.6,5.0,0.79,3.73,0.81,50.0,0.21,3.73,0.19,50.0,0.33,5.0,0.4,5.0,0.12,0.12,614.72,1776206577000
1776206579.297,179.297,0.67,5.0,0.6,5.0,0.79,3.73,0.81,50.0,0.21,3.73,0.19,50.0,0.33,5.0,0.4,5.0,0.12,0.12,614.72,1776206578000
1776206580.69,180.69,0.67,5.0,0.6,5.0,0.79,3.73,0.81,50.0,0.21,3.73,0.19,50.0,0.33,5.0,0.4,5.0,0.12,0.12,614.714,1776206579000
1776206581.26,181.26,0.67,5.0,0.6,5.0,0.79,3.73,0.81,50.0,0.21,3.73,0.19,50.0,0.33,5.0,0.4,5.0,0.12,0.12,614.708101,1776206580000
1776206582.41,182.41,0.67,5.0,0.6,5.0,0.79,3.73,0.81,50.0,0.21,3.73,0.19,50.0,0.33,5.0,0.4,5.0,0.12,0.12,614.732,1776206581000
1776206583.015,183.015,0.67,5.0,0.6,5.0,0.79,3.73,0.81,50.0,0.21,3.73,0.19,50.0,0.33,5.0,0.4,5.0,0.12,0.12,614.732,1776206582000
1776206584.272,184.272,0.67,5.0,0.6,5.0,0.79,3.73,0.81,50.0,0.21,3.73,0.19,50.0,0.33,5.0,0.4,5.0,0.12,0.12,614.722,1776206583000
1776206585.557,185.557,0.67,5.0,0.6,5.0,0.79,3.73,0.81,50.0,0.21,3.73,0.19,50.0,0.33,5.0,0.4,5.0,0.12,0.12,614.722,1776206584000
1776206586.209,186.209,0.67,5.0,0.6,5.0,0.79,3.73,0.81,50.0,0.21,3.73,0.19,50.0,0.33,5.0,0.4,5.0,0.12,0.12,614.724,1776206585000
1776206587.381,187.381,0.67,5.0,0.6,5.0,0.79,3.73,0.81,50.0,0.21,3.73,0.19,50.0,0.33,5.0,0.4,5.0,0.12,0.12,614.727,1776206586000
1776206587.987,187.987,0.67,5.0,0.6,5.0,0.79,3.73,0.81,50.0,0.21,3.73,0.19,50.0,0.33,5.0,0.4,5.0,0.12,0.12,614.727,1776206587000
1776206589.159,189.159,0.67,5.0,0.6,5.0,0.79,3.73,0.81,50.0,0.21,3.73,0.19,50.0,0.33,5.0,0.4,5.0,0.12,0.12,614.732,1776206588000
1776206590.394,190.394,0.66,5.0,0.65,11.4,0.8,19.95,0.81,66.89,0.21,3.73,0.19,50.0,0.33,5.0,0.4,5.0,0.14,0.12,614.732,1776206588000
1776206590.975,190.975,0.66,5.0,0.65,11.4,0.8,19.95,0.81,66.89,0.2,19.95,0.19,66.89,0.34,5.0,0.35,11.4,0.14,0.14,614.725,1776206590000
1776206592.314,192.314,0.66,5.0,0.65,11.4,0.8,19.95,0.81,66.89,0.2,19.95,0.19,66.89,0.34,5.0,0.35,11.4,0.14,0.14,614.732,1776206591000
1776206593.418,193.418,0.66,5.0,0.65,11.4,0.8,19.95,0.81,66.89,0.2,19.95,0.19,66.89,0.34,5.0,0.35,11.4,0.14,0.14,614.741,1776206592000
1776206593.999,193.999,0.66,5.0,0.65,11.4,0.8,19.95,0.81,66.89,0.2,19.95,0.19,66.89,0.34,5.0,0.35,11.4,0.14,0.14,614.741,1776206593000
1776206595.103,195.103,0.66,5.0,0.65,11.4,0.8,19.95,0.81,66.89,0.2,19.95,0.19,66.89,0.34,5.0,0.35,11.4,0.14,0.14,614.739,1776206594000
1776206596.483,196.483,0.66,5.0,0.65,11.4,0.8,19.95,0.81,66.89,0.2,19.95,0.19,66.89,0.34,5.0,0.35,11.4,0.14,0.14,614.731,1776206595000
1776206597.302,197.302,0.66,5.0,0.65,11.4,0.8,19.95,0.81,66.89,0.2,19.95,0.19,66.89,0.34,5.0,0.35,11.4,0.14,0.14,614.731,1776206596000
1776206598.408,198.408,0.66,5.0,0.65,11.4,0.8,19.95,0.81,66.89,0.2,19.95,0.19,66.89,0.34,5.0,0.35,11.4,0.14,0.14,614.733,1776206597000
1776206599.133,199.133,0.66,5.0,0.65,11.4,0.8,19.95,0.81,66.89,0.2,19.95,0.19,66.89,0.34,5.0,0.35,11.4,0.14,0.14,614.735,1776206598000
1776206600.391,200.391,0.66,5.0,0.65,11.4,0.8,19.95,0.81,66.89,0.2,19.95,0.19,66.89,0.34,5.0,0.35,11.4,0.14,0.14,614.735,1776206599000
1776206601.096,201.096,0.66,5.0,0.65,11.4,0.8,19.95,0.81,66.89,0.2,19.95,0.19,66.89,0.34,5.0,0.35,11.4,0.14,0.14,614.777,1776206600000
1776206602.316,202.316,0.66,5.0,0.65,11.4,0.8,19.95,0.81,66.89,0.2,19.95,0.19,66.89,0.34,5.0,0.35,11.4,0.14,0.14,614.782,1776206601000
1776206603.54,203.54,0.66,5.0,0.65,11.4,0.8,19.95,0.81,66.89,0.2,19.95,0.19,66.89,0.34,5.0,0.35,11.4,0.14,0.14,614.776,1776206602000
1776206604.321,204.321,0.66,5.0,0.65,11.4,0.8,19.95,0.81,66.89,0.2,19.95,0.19,66.89,0.34,5.0,0.35,11.4,0.14,0.14,614.783,1776206603000
1776206605.58,205.58,0.66,5.0,0.65,11.4,0.8,19.95,0.81,66.89,0.2,19.95,0.19,66.89,0.34,5.0,0.35,11.4,0.14,0.14,614.791,1776206604000
1776206606.195,206.195,0.66,5.0,0.65,11.4,0.8,19.95,0.81,66.89,0.2,19.95,0.19,66.89,0.34,5.0,0.35,11.4,0.14,0.14,614.791,1776206605000
1776206607.492,207.492,0.66,5.0,0.65,11.4,0.8,19.95,0.81,66.89,0.2,19.95,0.19,66.89,0.34,5.0,0.35,11.4,0.14,0.14,614.794,1776206606000
1776206608.155,208.155,0.66,5.0,0.65,11.4,0.8,19.95,0.81,66.89,0.2,19.95,0.19,66.89,0.34,5.0,0.35,11.4,0.14,0.14,614.793,1776206607000
1776206609.493,209.493,0.66,5.0,0.65,11.4,0.8,19.95,0.81,66.89,0.2,19.95,0.19,66.89,0.34,5.0,0.35,11.4,0.14,0.14,614.816,1776206608000
1776206610.099,210.099,0.66,5.0,0.65,11.4,0.8,19.95,0.81,66.89,0.2,19.95,0.19,66.89,0.34,5.0,0.35,11.4,0.14,0.14,614.816,1776206609000
1776206611.856,211.856,0.66,5.0,0.65,11.4,0.8,19.95,0.81,66.89,0.2,19.95,0.19,66.89,0.34,5.0,0.35,11.4,0.14,0.14,614.819,1776206610000
1776206612.519,212.519,0.66,5.0,0.65,11.4,0.8,19.95,0.81,66.89,0.2,19.95,0.19,66.89,0.34,5.0,0.35,11.4,0.14,0.14,614.819,1776206611000
1776206613.037,213.037,0.66,5.0,0.65,11.4,0.8,19.95,0.81,66.89,0.2,19.95,0.19,66.89,0.34,5.0,0.35,11.4,0.14,0.14,614.819,1776206612000
1776206614.239,214.239,0.66,5.0,0.65,11.4,0.8,19.95,0.81,66.89,0.2,19.95,0.19,66.89,0.34,5.0,0.35,11.4,0.14,0.14,614.819454,1776206613000
1776206615.486,215.486,0.66,5.0,0.65,11.4,0.8,19.95,0.81,66.89,0.2,19.95,0.19,66.89,0.34,5.0,0.35,11.4,0.14,0.14,614.82,1776206614000
1776206616.048,216.048,0.66,5.0,0.65,11.4,0.8,19.95,0.81,66.89,0.2,19.95,0.19,66.89,0.34,5.0,0.35,11.4,0.14,0.14,614.82,1776206615000
1776206617.07,217.07,0.66,5.0,0.65,11.4,0.8,19.95,0.81,66.89,0.2,19.95,0.19,66.89,0.34,5.0,0.35,11.4,0.14,0.14,614.827,1776206616000
1776206618.206,218.206,0.66,5.0,0.65,11.4,0.8,19.95,0.81,66.89,0.2,19.95,0.19,66.89,0.34,5.0,0.35,11.4,0.14,0.14,614.83,1776206617000
1776206619.251,219.251,0.66,5.0,0.65,11.4,0.8,19.95,0.81,66.89,0.2,19.95,0.19,66.89,0.34,5.0,0.35,11.4,0.14,0.14,614.828482,1776206618000
1776206620.419,220.419,0.66,5.0,0.65,11.4,0.8,19.95,0.81,66.89,0.2,19.95,0.19,66.89,0.34,5.0,0.35,11.4,0.14,0.14,614.711,1776206619000
1776206621.034,221.034,0.66,5.0,0.65,11.4,0.8,19.95,0.81,66.89,0.2,19.95,0.19,66.89,0.34,5.0,0.35,11.4,0.14,0.14,614.757,1776206620000
1776206622.199,222.199,0.66,5.0,0.65,11.4,0.8,19.95,0.81,66.89,0.2,19.95,0.19,66.89,0.34,5.0,0.35,11.4,0.14,0.14,614.757,1776206621000
1776206623.313,223.313,0.66,5.0,0.65,11.4,0.8,19.95,0.81,66.89,0.2,19.95,0.19,66.89,0.34,5.0,0.35,11.4,0.14,0.14,614.743,1776206622000
1776206624.368,224.368,0.66,5.0,0.65,11.4,0.8,19.95,0.81,66.89,0.2,19.95,0.19,66.89,0.34,5.0,0.35,11.4,0.14,0.14,614.745,1776206623000
1776206624.894,224.894,0.66,5.0,0.65,11.4,0.8,19.95,0.81,66.89,0.2,19.95,0.19,66.89,0.34,5.0,0.35,11.4,0.14,0.14,614.745,1776206624000
1776206626.658,226.658,0.66,5.0,0.65,11.4,0.8,19.95,0.81,66.89,0.2,19.95,0.19,66.89,0.34,5.0,0.35,11.4,0.14,0.14,614.743,1776206625000
1776206627.235,227.235,0.66,5.0,0.65,11.4,0.8,19.95,0.81,66.89,0.2,19.95,0.19,66.89,0.34,5.0,0.35,11.4,0.14,0.14,614.739,1776206626000
1776206628.336,228.336,0.66,5.0,0.65,11.4,0.8,19.95,0.81,66.89,0.2,19.95,0.19,66.89,0.34,5.0,0.35,11.4,0.14,0.14,614.751,1776206627000
1776206629.296,229.296,0.66,5.0,0.65,11.4,0.8,19.95,0.81,66.89,0.2,19.95,0.19,66.89,0.34,5.0,0.35,11.4,0.14,0.14,614.734,1776206628000
1776206630.302,230.302,0.66,5.0,0.65,11.4,0.8,19.95,0.81,66.89,0.2,19.95,0.19,66.89,0.34,5.0,0.35,11.4,0.14,0.14,614.737,1776206629000
1776206630.838,230.838,0.66,5.0,0.65,11.4,0.8,19.95,0.81,66.89,0.2,19.95,0.19,66.89,0.34,5.0,0.35,11.4,0.14,0.14,614.737,1776206630000
1776206632.219,232.219,0.51,43.93,0.43,10.6,0.81,50.0,0.86,21.6,0.2,19.95,0.19,66.89,0.34,5.0,0.35,11.4,0.3,0.14,614.737,1776206630000
1776206633.34,233.34,0.51,43.93,0.43,10.6,0.81,50.0,0.86,21.6,0.19,50.0,0.14,21.6,0.49,43.93,0.57,10.6,0.3,0.3,614.701868,1776206632000
1776206634.345,234.345,0.51,43.93,0.43,10.6,0.81,50.0,0.86,21.6,0.19,50.0,0.14,21.6,0.49,43.93,0.57,10.6,0.3,0.3,614.613,1776206633000
1776206635.359,235.359,0.51,43.93,0.43,10.6,0.81,50.0,0.86,21.6,0.19,50.0,0.14,21.6,0.49,43.93,0.57,10.6,0.3,0.3,614.686,1776206634000
1776206636.347,236.347,0.51,43.93,0.43,10.6,0.81,50.0,0.86,21.6,0.19,50.0,0.14,21.6,0.49,43.93,0.57,10.6,0.3,0.3,614.655,1776206635000
1776206637.383,237.383,0.51,43.93,0.43,10.6,0.81,50.0,0.86,21.6,0.19,50.0,0.14,21.6,0.49,43.93,0.57,10.6,0.3,0.3,614.655,1776206636000
1776206637.822,237.822,0.51,43.93,0.43,10.6,0.81,50.0,0.86,21.6,0.19,50.0,0.14,21.6,0.49,43.93,0.57,10.6,0.3,0.3,614.655,1776206637000
1776206638.911,238.911,0.51,43.93,0.43,10.6,0.81,50.0,0.86,21.6,0.19,50.0,0.14,21.6,0.49,43.93,0.57,10.6,0.3,0.3,614.65,1776206638000
1776206640.065,240.065,0.51,43.93,0.43,10.6,0.81,50.0,0.86,21.6,0.19,50.0,0.14,21.6,0.49,43.93,0.57,10.6,0.3,0.3,614.65,1776206639000
1776206641.829,241.829,0.51,43.93,0.43,10.6,0.81,50.0,0.86,21.6,0.19,50.0,0.14,21.6,0.49,43.93,0.57,10.6,0.3,0.3,614.624,1776206640000
1776206642.444,242.444,0.51,43.93,0.43,10.6,0.81,50.0,0.86,21.6,0.19,50.0,0.14,21.6,0.49,43.93,0.57,10.6,0.3,0.3,614.624,1776206641000
1776206643.025,243.025,0.51,43.93,0.43,10.6,0.81,50.0,0.86,21.6,0.19,50.0,0.14,21.6,0.49,43.93,0.57,10.6,0.3,0.3,614.617,1776206642000
1776206644.542,244.542,0.51,43.93,0.43,10.6,0.81,50.0,0.86,21.6,0.19,50.0,0.14,21.6,0.49,43.93,0.57,10.6,0.3,0.3,614.629,1776206643000
1776206645.43,245.43,0.51,43.93,0.43,10.6,0.81,50.0,0.86,21.6,0.19,50.0,0.14,21.6,0.49,43.93,0.57,10.6,0.3,0.3,614.638,1776206644000
1776206646.141,246.141,0.51,43.93,0.43,10.6,0.81,50.0,0.86,21.6,0.19,50.0,0.14,21.6,0.49,43.93,0.57,10.6,0.3,0.3,614.638,1776206645000
1776206647.439,247.439,0.51,43.93,0.43,10.6,0.81,50.0,0.86,21.6,0.19,50.0,0.14,21.6,0.49,43.93,0.57,10.6,0.3,0.3,614.634,1776206646000
1776206648.088,248.088,0.51,43.93,0.43,10.6,0.81,50.0,0.86,21.6,0.19,50.0,0.14,21.6,0.49,43.93,0.57,10.6,0.3,0.3,614.634,1776206647000
1776206649.597,249.597,0.51,43.93,0.43,10.6,0.81,50.0,0.86,21.6,0.19,50.0,0.14,21.6,0.49,43.93,0.57,10.6,0.3,0.3,614.63,1776206648000
1776206650.274,250.274,0.51,43.93,0.43,10.6,0.81,50.0,0.86,21.6,0.19,50.0,0.14,21.6,0.49,43.93,0.57,10.6,0.3,0.3,614.63,1776206649000
1776206651.624,251.624,0.51,43.93,0.43,10.6,0.81,50.0,0.86,21.6,0.19,50.0,0.14,21.6,0.49,43.93,0.57,10.6,0.3,0.3,614.572,1776206650000
1776206652.262,252.262,0.51,43.93,0.43,10.6,0.81,50.0,0.86,21.6,0.19,50.0,0.14,21.6,0.49,43.93,0.57,10.6,0.3,0.3,614.572,1776206651000
1776206653.579,253.579,0.61,50.0,0.51,80.0,0.81,13.22,0.82,17.6,0.19,13.22,0.18,17.6,0.39,50.0,0.49,80.0,0.2,0.2,614.568,1776206652000
1776206654.24,254.24,0.61,50.0,0.51,80.0,0.81,13.22,0.82,17.6,0.19,13.22,0.18,17.6,0.39,50.0,0.49,80.0,0.2,0.2,614.608,1776206653000
1776206655.7,255.7,0.51,50.0,0.5,10.4,0.71,41.0,0.79,15.7,0.29,41.0,0.21,15.7,0.49,50.0,0.5,10.4,0.2,0.2,614.62,1776206654000
1776206656.373,256.373,0.51,50.0,0.5,10.4,0.71,41.0,0.79,15.7,0.29,41.0,0.21,15.7,0.49,50.0,0.5,10.4,0.2,0.2,614.613,1776206655000
1776206657.044,257.044,0.51,50.0,0.5,10.4,0.71,41.0,0.79,15.7,0.29,41.0,0.21,15.7,0.49,50.0,0.5,10.4,0.2,0.2,614.613,1776206656000
1776206658.241,258.241,0.51,50.0,0.5,10.4,0.71,41.0,0.79,15.7,0.29,41.0,0.21,15.7,0.49,50.0,0.5,10.4,0.2,0.2,614.608,1776206657000
1776206659.344,259.344,0.51,50.0,0.5,10.4,0.71,41.0,0.79,15.7,0.29,41.0,0.21,15.7,0.49,50.0,0.5,10.4,0.2,0.2,614.604,1776206658000
1776206660.43,260.43,0.51,50.0,0.5,10.4,0.71,41.0,0.79,15.7,0.29,41.0,0.21,15.7,0.49,50.0,0.5,10.4,0.2,0.2,614.601,1776206659000
1776206660.926,260.926,0.51,50.0,0.5,10.4,0.71,41.0,0.79,15.7,0.29,41.0,0.21,15.7,0.49,50.0,0.5,10.4,0.2,0.2,614.601,1776206660000
1776206662.0,262.0,0.51,50.0,0.5,10.4,0.71,41.0,0.79,15.7,0.29,41.0,0.21,15.7,0.49,50.0,0.5,10.4,0.2,0.2,614.602,1776206661000
1776206663.119,263.119,0.51,50.0,0.5,10.4,0.71,41.0,0.79,15.7,0.29,41.0,0.21,15.7,0.49,50.0,0.5,10.4,0.2,0.2,614.605,1776206662000
1776206664.211,264.211,0.51,50.0,0.5,10.4,0.71,41.0,0.79,15.7,0.29,41.0,0.21,15.7,0.49,50.0,0.5,10.4,0.2,0.2,614.617,1776206663000
1776206665.276,265.276,0.51,50.0,0.5,10.4,0.71,41.0,0.79,15.7,0.29,41.0,0.21,15.7,0.49,50.0,0.5,10.4,0.2,0.2,614.62,1776206664000
1776206665.872,265.872,0.51,50.0,0.5,10.4,0.71,41.0,0.79,15.7,0.29,41.0,0.21,15.7,0.49,50.0,0.5,10.4,0.2,0.2,614.676,1776206665000
1776206667.683,267.683,0.51,50.0,0.5,10.4,0.71,41.0,0.79,15.7,0.29,41.0,0.21,15.7,0.49,50.0,0.5,10.4,0.2,0.2,614.665,1776206666000
1776206668.196,268.196,0.51,50.0,0.5,10.4,0.71,41.0,0.79,15.7,0.29,41.0,0.21,15.7,0.49,50.0,0.5,10.4,0.2,0.2,614.665,1776206667000
1776206669.374,269.374,0.51,50.0,0.5,10.4,0.71,41.0,0.79,15.7,0.29,41.0,0.21,15.7,0.49,50.0,0.5,10.4,0.2,0.2,614.657,1776206668000
1776206669.838,269.838,0.51,50.0,0.5,10.4,0.71,41.0,0.79,15.7,0.29,41.0,0.21,15.7,0.49,50.0,0.5,10.4,0.2,0.2,614.657,1776206669000
1776206670.97,270.97,0.51,50.0,0.5,10.4,0.71,41.0,0.79,15.7,0.29,41.0,0.21,15.7,0.49,50.0,0.5,10.4,0.2,0.2,614.663,1776206670000
1776206672.116,272.116,0.51,50.0,0.5,10.4,0.71,41.0,0.79,15.7,0.29,41.0,0.21,15.7,0.49,50.0,0.5,10.4,0.2,0.2,614.641,1776206671000
1776206672.973,272.973,0.51,50.0,0.5,10.4,0.71,41.0,0.79,15.7,0.29,41.0,0.21,15.7,0.49,50.0,0.5,10.4,0.2,0.2,614.615,1776206672000
1776206674.035,274.035,0.51,50.0,0.5,10.4,0.71,41.0,0.79,15.7,0.29,41.0,0.21,15.7,0.49,50.0,0.5,10.4,0.2,0.2,614.615,1776206673000
1776206675.182,275.182,0.51,50.0,0.5,10.4,0.71,41.0,0.79,15.7,0.29,41.0,0.21,15.7,0.49,50.0,0.5,10.4,0.2,0.2,614.59044,1776206674000
1776206676.162,276.162,0.51,50.0,0.5,10.4,0.71,41.0,0.79,15.7,0.29,41.0,0.21,15.7,0.49,50.0,0.5,10.4,0.2,0.2,614.605,1776206675000
1776206677.292,277.292,0.51,50.0,0.5,10.4,0.71,41.0,0.79,15.7,0.29,41.0,0.21,15.7,0.49,50.0,0.5,10.4,0.2,0.2,614.627,1776206676000
1776206678.403,278.403,0.51,50.0,0.5,10.4,0.71,41.0,0.79,15.7,0.29,41.0,0.21,15.7,0.49,50.0,0.5,10.4,0.2,0.2,614.645,1776206677000
1776206678.973,278.973,0.51,50.0,0.5,10.4,0.71,41.0,0.79,15.7,0.29,41.0,0.21,15.7,0.49,50.0,0.5,10.4,0.2,0.2,614.645,1776206678000
1776206680.014,280.014,0.51,50.0,0.5,10.4,0.71,41.0,0.79,15.7,0.29,41.0,0.21,15.7,0.49,50.0,0.5,10.4,0.2,0.2,614.636,1776206679000
1776206681.109,281.109,0.51,50.0,0.5,10.4,0.71,41.0,0.79,15.7,0.29,41.0,0.21,15.7,0.49,50.0,0.5,10.4,0.2,0.2,614.614,1776206680000
1776206682.099,282.099,0.51,50.0,0.5,10.4,0.71,41.0,0.79,15.7,0.29,41.0,0.21,15.7,0.49,50.0,0.5,10.4,0.2,0.2,614.601,1776206681000
1776206683.154,283.154,0.51,50.0,0.5,10.4,0.71,41.0,0.79,15.7,0.29,41.0,0.21,15.7,0.49,50.0,0.5,10.4,0.2,0.2,614.593,1776206682000
1776206684.338,284.338,0.51,50.0,0.5,10.4,0.71,41.0,0.79,15.7,0.29,41.0,0.21,15.7,0.49,50.0,0.5,10.4,0.2,0.2,614.583,1776206683000
1776206685.369,285.369,0.51,50.0,0.5,10.4,0.71,41.0,0.79,15.7,0.29,41.0,0.21,15.7,0.49,50.0,0.5,10.4,0.2,0.2,614.588,1776206684000
1776206685.946,285.946,0.51,50.0,0.5,10.4,0.71,41.0,0.79,15.7,0.29,41.0,0.21,15.7,0.49,50.0,0.5,10.4,0.2,0.2,614.588,1776206685000
1776206687.422,287.422,0.51,50.0,0.5,10.4,0.71,41.0,0.79,15.7,0.29,41.0,0.21,15.7,0.49,50.0,0.5,10.4,0.2,0.2,614.589,1776206686000
1776206687.968,287.968,0.51,50.0,0.5,10.4,0.71,41.0,0.79,15.7,0.29,41.0,0.21,15.7,0.49,50.0,0.5,10.4,0.2,0.2,614.589,1776206687000
1776206689.109,289.109,0.51,50.0,0.5,10.4,0.71,41.0,0.79,15.7,0.29,41.0,0.21,15.7,0.49,50.0,0.5,10.4,0.2,0.2,614.582,1776206688000
1776206690.084,290.084,0.51,50.0,0.5,10.4,0.71,41.0,0.79,15.7,0.29,41.0,0.21,15.7,0.49,50.0,0.5,10.4,0.2,0.2,614.582,1776206689000
1776206691.068,291.068,0.51,50.0,0.5,10.4,0.71,41.0,0.79,15.7,0.29,41.0,0.21,15.7,0.49,50.0,0.5,10.4,0.2,0.2,614.582,1776206690000
1776206692.075,292.075,0.51,50.0,0.5,10.4,0.71,41.0,0.79,15.7,0.29,41.0,0.21,15.7,0.49,50.0,0.5,10.4,0.2,0.2,614.582,1776206691000
1776206693.034,293.034,0.51,50.0,0.5,10.4,0.71,41.0,0.79,15.7,0.29,41.0,0.21,15.7,0.49,50.0,0.5,10.4,0.2,0.2,614.584,1776206692000
1776206694.084,294.084,0.51,50.0,0.5,10.4,0.71,41.0,0.79,15.7,0.29,41.0,0.21,15.7,0.49,50.0,0.5,10.4,0.2,0.2,614.586,1776206693000
1776206694.669,294.669,0.41,13.0,0.31,50.0,0.71,50.0,0.81,50.0,0.29,41.0,0.21,15.7,0.49,50.0,0.5,10.4,0.3,0.2,614.586,1776206693000
1776206695.028,295.028,0.41,13.0,0.31,50.0,0.71,50.0,0.81,50.0,0.29,50.0,0.19,50.0,0.59,13.0,0.69,50.0,0.3,0.3,614.594,1776206694000
1776206695.234,295.234,0.41,13.0,0.31,50.0,0.61,48.37,0.71,50.0,0.29,50.0,0.19,50.0,0.59,13.0,0.69,50.0,0.2,0.3,614.594,1776206694000
1776206695.542,295.542,0.61,50.0,0.51,50.0,0.9,96.7,0.91,50.0,0.39,46.74,0.29,50.0,0.59,13.0,0.69,50.0,0.29,0.2,614.594,1776206694000
1776206695.926,295.926,0.61,50.0,0.51,50.0,0.9,93.4,0.91,50.0,0.1,96.7,0.09,50.0,0.39,50.0,0.49,50.0,0.29,0.29,614.594,1776206694000
1776206696.415,296.415,0.61,50.0,0.51,50.0,0.9,88.88,0.91,50.0,0.1,90.1,0.09,50.0,0.39,50.0,0.49,50.0,0.29,0.29,614.594,1776206695000
1776206697.06,297.06,0.61,50.0,0.51,50.0,0.9,88.88,0.91,50.0,0.1,88.88,0.09,50.0,0.39,50.0,0.49,50.0,0.29,0.29,614.591,1776206696000
1776206697.309,297.309,0.71,50.0,0.61,50.0,0.9,71.1,0.98,10.0,0.1,88.88,0.09,50.0,0.39,50.0,0.49,50.0,0.19,0.29,614.591,1776206696000
1776206698.08,298.08,0.71,50.0,0.61,50.0,0.9,69.88,0.98,10.0,0.1,69.88,0.02,10.0,0.29,50.0,0.39,50.0,0.19,0.19,614.639225,1776206697000
1776206698.403,298.403,0.71,50.0,0.61,50.0,0.98,10.0,0.99,95.0,0.1,69.88,0.02,10.0,0.29,50.0,0.39,50.0,0.27,0.19,614.639225,1776206697000
1776206698.712,298.712,0.71,50.0,0.61,50.0,0.99,83.48,,,0.02,8.78,0.01,95.0,0.29,50.0,0.39,50.0,0.28,0.27,614.639225,1776206697000
1776206699.155,299.155,0.77,5.0,0.6,6.0,0.99,63.27,,,0.01,83.48,,,0.29,50.0,0.39,50.0,0.22,0.28,614.639225,1776206697000
1776206699.399,299.399,0.77,5.0,0.6,6.0,,,,,0.01,47.65,,,0.23,5.0,0.4,6.0,,0.22,614.666,1776206698000
1776206700.182,300.182,0.77,5.0,0.6,6.0,,,,,,,,,0.23,5.0,0.4,6.0,,,614.674,1776206699000
1776206701.357,301.357,0.77,5.0,0.6,6.0,,,,,,,,,0.23,5.0,0.4,6.0,,,614.675,1776206700000

# RESULT,winner=Up,slug=bnb-updown-5m-1776206400,ticks=317
