timestamp,elapsed_sec,up_bid_p1,up_bid_s1,up_bid_p2,up_bid_s2,up_ask_p1,up_ask_s1,up_ask_p2,up_ask_s2,down_bid_p1,down_bid_s1,down_bid_p2,down_bid_s2,down_ask_p1,down_ask_s1,down_ask_p2,down_ask_s2,up_spread,down_spread,bnb_price,bnb_oracle_ts
1776212401.457,1.457,,,,,,,,,,,,,,,,,,,614.766,1776212400000
1776212401.862,1.862,0.33,300.0,0.31,375.0,0.67,300.0,0.69,375.0,0.33,300.0,0.31,375.0,0.67,300.0,0.69,375.0,0.34,0.34,614.766,1776212400000
1776212402.24,2.24,0.33,300.0,0.31,375.0,0.67,300.0,0.69,375.0,0.33,300.0,0.31,375.0,0.67,300.0,0.69,375.0,0.34,0.34,614.77,1776212401000
1776212403.17,3.17,0.33,300.0,0.31,375.0,0.67,300.0,0.69,375.0,0.33,300.0,0.31,375.0,0.67,300.0,0.69,375.0,0.34,0.34,614.767,1776212402000
1776212404.466,4.466,0.33,300.0,0.31,375.0,0.67,300.0,0.69,375.0,0.33,300.0,0.31,375.0,0.67,300.0,0.69,375.0,0.34,0.34,614.77621,1776212403000
1776212405.03,5.03,0.33,300.0,0.31,375.0,0.67,300.0,0.69,375.0,0.33,300.0,0.31,375.0,0.67,300.0,0.69,375.0,0.34,0.34,614.77621,1776212404000
1776212406.259,6.259,0.33,300.0,0.31,375.0,0.67,300.0,0.69,375.0,0.33,300.0,0.31,375.0,0.67,300.0,0.69,375.0,0.34,0.34,614.781,1776212405000
1776212407.483,7.483,0.33,300.0,0.31,375.0,0.67,300.0,0.69,375.0,0.33,300.0,0.31,375.0,0.67,300.0,0.69,375.0,0.34,0.34,614.77622,1776212406000
1776212408.0,8.0,0.33,300.0,0.31,375.0,0.67,300.0,0.69,375.0,0.33,300.0,0.31,375.0,0.67,300.0,0.69,375.0,0.34,0.34,614.777413,1776212407000
1776212409.173,9.173,0.33,300.0,0.31,375.0,0.67,300.0,0.69,375.0,0.33,300.0,0.31,375.0,0.67,300.0,0.69,375.0,0.34,0.34,614.785431,1776212408000
1776212410.281,10.281,0.33,300.0,0.31,375.0,0.67,300.0,0.69,375.0,0.33,300.0,0.31,375.0,0.67,300.0,0.69,375.0,0.34,0.34,614.814422,1776212409000
1776212410.916,10.916,0.33,300.0,0.31,375.0,0.67,300.0,0.69,375.0,0.33,300.0,0.31,375.0,0.67,300.0,0.69,375.0,0.34,0.34,614.814422,1776212410000
1776212412.125,12.125,0.33,300.0,0.31,375.0,0.67,300.0,0.69,375.0,0.33,300.0,0.31,375.0,0.67,300.0,0.69,375.0,0.34,0.34,614.814768,1776212411000
1776212413.215,13.215,0.33,300.0,0.31,375.0,0.67,300.0,0.69,375.0,0.33,300.0,0.31,375.0,0.67,300.0,0.69,375.0,0.34,0.34,614.813343,1776212412000
1776212414.373,14.373,0.33,300.0,0.31,375.0,0.67,300.0,0.69,375.0,0.33,300.0,0.31,375.0,0.67,300.0,0.69,375.0,0.34,0.34,614.81141,1776212413000
1776212414.958,14.958,0.33,300.0,0.31,375.0,0.67,300.0,0.69,375.0,0.33,300.0,0.31,375.0,0.67,300.0,0.69,375.0,0.34,0.34,614.811008,1776212414000
1776212416.73,16.73,0.33,300.0,0.31,375.0,0.67,300.0,0.69,375.0,0.33,300.0,0.31,375.0,0.67,300.0,0.69,375.0,0.34,0.34,614.8109,1776212415000
1776212417.359,17.359,0.33,300.0,0.31,375.0,0.67,300.0,0.69,375.0,0.33,300.0,0.31,375.0,0.67,300.0,0.69,375.0,0.34,0.34,614.812963,1776212416000
1776212418.109,18.109,0.33,300.0,0.31,375.0,0.67,300.0,0.69,375.0,0.33,300.0,0.31,375.0,0.67,300.0,0.69,375.0,0.34,0.34,614.812963,1776212417000
1776212419.282,19.282,0.33,300.0,0.31,375.0,0.67,300.0,0.69,375.0,0.33,300.0,0.31,375.0,0.67,300.0,0.69,375.0,0.34,0.34,614.813253,1776212418000
1776212420.676,20.676,0.33,300.0,0.31,375.0,0.67,300.0,0.69,375.0,0.33,300.0,0.31,375.0,0.67,300.0,0.69,375.0,0.34,0.34,614.816246,1776212419000
1776212421.314,21.314,0.33,300.0,0.31,375.0,0.67,300.0,0.69,375.0,0.33,300.0,0.31,375.0,0.67,300.0,0.69,375.0,0.34,0.34,614.818484,1776212420000
1776212421.989,21.989,0.33,300.0,0.31,375.0,0.67,300.0,0.69,375.0,0.33,300.0,0.31,375.0,0.67,300.0,0.69,375.0,0.34,0.34,614.818804,1776212421000
1776212423.18,23.18,0.33,300.0,0.31,375.0,0.67,300.0,0.69,375.0,0.33,300.0,0.31,375.0,0.67,300.0,0.69,375.0,0.34,0.34,614.818804,1776212422000
1776212423.935,23.935,0.33,300.0,0.31,375.0,0.67,300.0,0.69,375.0,0.33,300.0,0.31,375.0,0.67,300.0,0.69,375.0,0.34,0.34,614.818797,1776212423000
1776212425.627,25.627,0.33,300.0,0.31,375.0,0.67,300.0,0.69,375.0,0.33,300.0,0.31,375.0,0.67,300.0,0.69,375.0,0.34,0.34,614.929379,1776212424000
1776212426.483,26.483,0.65,5.0,0.61,5.0,0.74,5.0,0.78,5.0,0.26,5.0,0.22,5.0,0.35,5.0,0.39,5.0,0.09,0.09,614.970835,1776212425000
1776212427.314,27.314,0.65,5.0,0.61,5.0,0.74,5.0,0.78,5.0,0.26,5.0,0.22,5.0,0.35,5.0,0.39,5.0,0.09,0.09,614.994153,1776212426000
1776212428.783,28.783,0.65,5.0,0.61,5.0,0.74,5.0,0.78,5.0,0.26,5.0,0.22,5.0,0.35,5.0,0.39,5.0,0.09,0.09,614.994267,1776212427000
1776212429.475,29.475,0.65,5.0,0.61,5.0,0.74,5.0,0.78,5.0,0.26,5.0,0.22,5.0,0.35,5.0,0.39,5.0,0.09,0.09,614.995846,1776212428000
1776212430.06,30.06,0.65,5.0,0.61,5.0,0.74,5.0,0.78,5.0,0.26,5.0,0.22,5.0,0.35,5.0,0.39,5.0,0.09,0.09,614.99588,1776212429000
1776212431.513,31.513,0.65,5.0,0.61,5.0,0.74,5.0,0.78,5.0,0.26,5.0,0.22,5.0,0.35,5.0,0.39,5.0,0.09,0.09,614.998615,1776212430000
1776212432.195,32.195,0.65,5.0,0.61,5.0,0.74,5.0,0.78,5.0,0.26,5.0,0.22,5.0,0.35,5.0,0.39,5.0,0.09,0.09,614.998714,1776212431000
1776212433.619,33.619,0.65,5.0,0.61,5.0,0.74,5.0,0.78,5.0,0.26,5.0,0.22,5.0,0.35,5.0,0.39,5.0,0.09,0.09,615.03114,1776212432000
1776212434.745,34.745,0.65,5.0,0.61,5.0,0.74,5.0,0.78,5.0,0.26,5.0,0.22,5.0,0.35,5.0,0.39,5.0,0.09,0.09,615.146494,1776212433000
1776212435.162,35.162,0.65,5.0,0.61,5.0,0.74,5.0,0.78,5.0,0.26,5.0,0.22,5.0,0.35,5.0,0.39,5.0,0.09,0.09,615.152056,1776212434000
1776212436.147,36.147,0.65,5.0,0.61,5.0,0.74,5.0,0.78,5.0,0.26,5.0,0.22,5.0,0.35,5.0,0.39,5.0,0.09,0.09,615.15206,1776212435000
1776212437.066,37.066,0.65,5.0,0.61,5.0,0.74,5.0,0.78,5.0,0.26,5.0,0.22,5.0,0.35,5.0,0.39,5.0,0.09,0.09,615.148549,1776212436000
1776212438.133,38.133,0.65,5.0,0.61,5.0,0.74,5.0,0.78,5.0,0.26,5.0,0.22,5.0,0.35,5.0,0.39,5.0,0.09,0.09,615.147569,1776212437000
1776212439.133,39.133,0.65,5.0,0.61,5.0,0.74,5.0,0.78,5.0,0.26,5.0,0.22,5.0,0.35,5.0,0.39,5.0,0.09,0.09,615.149965,1776212438000
1776212440.123,40.123,0.65,5.0,0.61,5.0,0.74,5.0,0.78,5.0,0.26,5.0,0.22,5.0,0.35,5.0,0.39,5.0,0.09,0.09,615.14433,1776212439000
1776212440.505,40.505,0.79,5.0,0.75,5.0,0.84,13.3,0.85,20.39,0.26,5.0,0.22,5.0,0.35,5.0,0.39,5.0,0.05,0.09,615.14433,1776212439000
1776212441.061,41.061,0.79,5.0,0.75,5.0,0.84,13.3,0.85,20.39,0.16,13.3,0.15,20.39,0.21,5.0,0.25,5.0,0.05,0.05,615.146942,1776212440000
1776212442.075,42.075,0.79,5.0,0.75,5.0,0.84,13.3,0.85,20.39,0.16,13.3,0.15,20.39,0.21,5.0,0.25,5.0,0.05,0.05,615.156726,1776212441000
1776212442.987,42.987,0.79,5.0,0.75,5.0,0.84,13.3,0.85,20.39,0.16,13.3,0.15,20.39,0.21,5.0,0.25,5.0,0.05,0.05,615.196506,1776212442000
1776212443.905,43.905,0.79,5.0,0.75,5.0,0.84,13.3,0.85,20.39,0.16,13.3,0.15,20.39,0.21,5.0,0.25,5.0,0.05,0.05,615.194626,1776212443000
1776212444.896,44.896,0.79,5.0,0.75,5.0,0.84,13.3,0.85,20.39,0.16,13.3,0.15,20.39,0.21,5.0,0.25,5.0,0.05,0.05,615.194653,1776212444000
1776212445.902,45.902,0.79,5.0,0.75,5.0,0.84,13.3,0.85,20.39,0.16,13.3,0.15,20.39,0.21,5.0,0.25,5.0,0.05,0.05,615.19464,1776212445000
1776212446.498,46.498,0.79,5.0,0.75,5.0,0.84,7.4,0.85,20.39,0.16,13.3,0.15,20.39,0.21,5.0,0.25,5.0,0.05,0.05,615.19464,1776212445000
1776212447.293,47.293,0.79,5.0,0.75,5.0,0.84,7.4,0.85,20.39,0.16,7.4,0.15,20.39,0.21,5.0,0.25,5.0,0.05,0.05,615.190939,1776212446000
1776212447.841,47.841,0.79,5.0,0.75,5.0,0.84,7.4,0.85,20.39,0.16,7.4,0.15,20.39,0.21,5.0,0.25,5.0,0.05,0.05,615.188805,1776212447000
1776212448.983,48.983,0.79,5.0,0.75,5.0,0.84,7.4,0.85,20.39,0.16,7.4,0.15,20.39,0.21,5.0,0.25,5.0,0.05,0.05,615.188753,1776212448000
1776212449.92,49.92,0.79,5.0,0.75,5.0,0.84,7.4,0.85,20.39,0.16,7.4,0.15,20.39,0.21,5.0,0.25,5.0,0.05,0.05,615.18591,1776212449000
1776212450.926,50.926,0.79,5.0,0.75,5.0,0.84,7.4,0.85,20.39,0.16,7.4,0.15,20.39,0.21,5.0,0.25,5.0,0.05,0.05,615.185219,1776212450000
1776212451.947,51.947,0.79,5.0,0.75,5.0,0.84,7.4,0.85,20.39,0.16,7.4,0.15,20.39,0.21,5.0,0.25,5.0,0.05,0.05,615.182716,1776212451000
1776212452.795,52.795,0.79,5.0,0.75,5.0,0.84,7.4,0.85,20.39,0.16,7.4,0.15,20.39,0.21,5.0,0.25,5.0,0.05,0.05,615.193825,1776212452000
1776212453.849,53.849,0.79,5.0,0.75,5.0,0.84,7.4,0.85,20.39,0.16,7.4,0.15,20.39,0.21,5.0,0.25,5.0,0.05,0.05,615.190999,1776212453000
1776212454.845,54.845,0.79,5.0,0.75,5.0,0.84,7.4,0.85,20.39,0.16,7.4,0.15,20.39,0.21,5.0,0.25,5.0,0.05,0.05,615.190414,1776212454000
1776212455.803,55.803,0.79,5.0,0.75,5.0,0.84,7.4,0.85,20.39,0.16,7.4,0.15,20.39,0.21,5.0,0.25,5.0,0.05,0.05,615.190414,1776212455000
1776212456.677,56.677,0.76,5.0,0.72,10.0,0.85,20.39,0.86,21.6,0.16,7.4,0.15,20.39,0.21,5.0,0.25,5.0,0.09,0.05,615.190414,1776212455000
1776212456.914,56.914,0.76,5.0,0.72,10.0,0.85,20.39,0.86,21.6,0.15,20.39,0.14,21.6,0.24,5.0,0.28,10.0,0.09,0.09,615.193074,1776212456000
1776212457.971,57.971,0.76,5.0,0.72,10.0,0.85,20.39,0.86,21.6,0.15,20.39,0.14,21.6,0.24,5.0,0.28,10.0,0.09,0.09,615.193074,1776212457000
1776212458.98,58.98,0.76,5.0,0.72,10.0,0.85,20.39,0.86,21.6,0.15,20.39,0.14,21.6,0.24,5.0,0.28,10.0,0.09,0.09,615.195987,1776212458000
1776212460.686,60.686,0.76,5.0,0.72,10.0,0.85,20.39,0.86,21.6,0.15,20.39,0.14,21.6,0.24,5.0,0.28,10.0,0.09,0.09,615.181482,1776212459000
1776212461.103,61.103,0.76,5.0,0.72,10.0,0.85,20.39,0.86,21.6,0.15,20.39,0.14,21.6,0.24,5.0,0.28,10.0,0.09,0.09,615.115366,1776212460000
1776212462.181,62.181,0.76,5.0,0.72,10.0,0.85,20.39,0.86,21.6,0.15,20.39,0.14,21.6,0.24,5.0,0.28,10.0,0.09,0.09,615.115245,1776212461000
1776212463.226,63.226,0.76,5.0,0.72,10.0,0.85,20.39,0.86,21.6,0.15,20.39,0.14,21.6,0.24,5.0,0.28,10.0,0.09,0.09,615.116392,1776212462000
1776212464.254,64.254,0.76,5.0,0.72,10.0,0.85,20.39,0.86,21.6,0.15,20.39,0.14,21.6,0.24,5.0,0.28,10.0,0.09,0.09,615.113893,1776212463000
1776212465.284,65.284,0.76,5.0,0.72,10.0,0.85,20.39,0.86,21.6,0.15,20.39,0.14,21.6,0.24,5.0,0.28,10.0,0.09,0.09,615.112745,1776212464000
1776212466.357,66.357,0.76,5.0,0.72,10.0,0.85,20.39,0.86,21.6,0.15,20.39,0.14,21.6,0.24,5.0,0.28,10.0,0.09,0.09,615.112702,1776212465000
1776212467.398,67.398,0.76,5.0,0.72,10.0,0.85,20.39,0.86,21.6,0.15,20.39,0.14,21.6,0.24,5.0,0.28,10.0,0.09,0.09,615.112579,1776212466000
1776212467.917,67.917,0.76,5.0,0.72,10.0,0.85,20.39,0.86,21.6,0.15,20.39,0.14,21.6,0.24,5.0,0.28,10.0,0.09,0.09,615.112578,1776212467000
1776212468.907,68.907,0.76,5.0,0.72,10.0,0.85,20.39,0.86,21.6,0.15,20.39,0.14,21.6,0.24,5.0,0.28,10.0,0.09,0.09,615.112578,1776212468000
1776212469.19,69.19,0.7,5.0,0.68,10.0,0.82,17.6,0.83,23.39,0.15,20.39,0.14,21.6,0.24,5.0,0.28,10.0,0.12,0.09,615.112578,1776212468000
1776212469.977,69.977,0.7,5.0,0.68,10.0,0.82,17.6,0.83,23.39,0.18,17.6,0.17,23.39,0.3,5.0,0.32,10.0,0.12,0.12,615.114042,1776212469000
1776212471.0,71.0,0.7,5.0,0.68,10.0,0.82,17.6,0.83,23.39,0.18,17.6,0.17,23.39,0.3,5.0,0.32,10.0,0.12,0.12,615.114115,1776212470000
1776212472.087,72.087,0.7,5.0,0.68,10.0,0.82,17.6,0.83,23.39,0.18,17.6,0.17,23.39,0.3,5.0,0.32,10.0,0.12,0.12,615.114115,1776212471000
1776212473.102,73.102,0.7,5.0,0.68,10.0,0.82,17.6,0.83,23.39,0.18,17.6,0.17,23.39,0.3,5.0,0.32,10.0,0.12,0.12,615.114062,1776212472000
1776212474.193,74.193,0.7,5.0,0.68,10.0,0.82,17.6,0.83,23.39,0.18,17.6,0.17,23.39,0.3,5.0,0.32,10.0,0.12,0.12,615.114018,1776212473000
1776212475.8,75.8,0.7,5.0,0.68,10.0,0.82,17.6,0.83,23.39,0.18,17.6,0.17,23.39,0.3,5.0,0.32,10.0,0.12,0.12,615.113234,1776212474000
1776212476.506,76.506,0.7,5.0,0.68,10.0,0.82,17.6,0.83,23.39,0.18,17.6,0.17,23.39,0.3,5.0,0.32,10.0,0.12,0.12,615.150454,1776212475000
1776212477.365,77.365,0.7,5.0,0.68,10.0,0.82,17.6,0.83,23.39,0.18,17.6,0.17,23.39,0.3,5.0,0.32,10.0,0.12,0.12,615.160471,1776212476000
1776212478.041,78.041,0.7,5.0,0.68,10.0,0.82,17.6,0.83,23.39,0.18,17.6,0.17,23.39,0.3,5.0,0.32,10.0,0.12,0.12,615.189671,1776212477000
1776212479.458,79.458,0.7,5.0,0.68,10.0,0.82,17.6,0.83,23.39,0.18,17.6,0.17,23.39,0.3,5.0,0.32,10.0,0.12,0.12,615.190558,1776212478000
1776212480.219,80.219,0.7,5.0,0.68,10.0,0.82,17.6,0.83,23.39,0.18,17.6,0.17,23.39,0.3,5.0,0.32,10.0,0.12,0.12,615.190558,1776212479000
1776212480.557,80.557,0.76,19.3,0.75,13.9,0.86,20.2,0.87,23.0,0.18,17.6,0.17,23.39,0.3,5.0,0.32,10.0,0.1,0.12,615.190558,1776212479000
1776212481.56,81.56,0.76,19.3,0.75,13.9,0.86,20.2,0.87,23.0,0.14,20.2,0.13,23.0,0.24,19.3,0.25,13.9,0.1,0.1,615.191904,1776212480000
1776212482.254,82.254,0.76,19.3,0.75,13.9,0.86,20.2,0.87,23.0,0.14,20.2,0.13,23.0,0.24,19.3,0.25,13.9,0.1,0.1,615.191023,1776212481000
1776212483.54,83.54,0.76,19.3,0.75,13.9,0.86,20.2,0.87,23.0,0.14,20.2,0.13,23.0,0.24,19.3,0.25,13.9,0.1,0.1,615.19239,1776212482000
1776212484.267,84.267,0.76,19.3,0.75,13.9,0.86,20.2,0.87,23.0,0.14,20.2,0.13,23.0,0.24,19.3,0.25,13.9,0.1,0.1,615.223494,1776212483000
1776212485.642,85.642,0.76,19.3,0.75,13.9,0.86,20.2,0.87,23.0,0.14,20.2,0.13,23.0,0.24,19.3,0.25,13.9,0.1,0.1,615.265006,1776212484000
1776212486.304,86.304,0.76,19.3,0.75,13.9,0.86,20.2,0.87,23.0,0.14,20.2,0.13,23.0,0.24,19.3,0.25,13.9,0.1,0.1,615.312365,1776212485000
1776212486.957,86.957,0.76,19.3,0.75,13.9,0.86,20.2,0.87,23.0,0.14,20.2,0.13,23.0,0.24,19.3,0.25,13.9,0.1,0.1,615.334915,1776212486000
1776212488.433,88.433,0.76,19.3,0.75,13.9,0.86,20.2,0.87,23.0,0.14,20.2,0.13,23.0,0.24,19.3,0.25,13.9,0.1,0.1,615.381842,1776212487000
1776212489.108,89.108,0.76,19.3,0.75,13.9,0.86,20.2,0.87,23.0,0.14,20.2,0.13,23.0,0.24,19.3,0.25,13.9,0.1,0.1,615.381842,1776212488000
1776212490.13,90.13,0.88,29.6,0.87,33.0,0.94,26.1,0.95,54.7,0.14,20.2,0.13,23.0,0.24,19.3,0.25,13.9,0.06,0.1,615.381842,1776212488000
1776212490.522,90.522,0.88,29.6,0.87,33.0,0.94,26.1,0.95,54.7,0.06,26.1,0.05,54.7,0.12,29.6,0.13,33.0,0.06,0.06,615.420928,1776212489000
1776212491.203,91.203,0.88,29.6,0.87,33.0,0.94,26.1,0.95,54.7,0.06,26.1,0.05,54.7,0.12,29.6,0.13,33.0,0.06,0.06,615.470721,1776212490000
1776212492.181,92.181,0.88,29.6,0.87,33.0,0.94,26.1,0.95,54.7,0.06,26.1,0.05,54.7,0.12,29.6,0.13,33.0,0.06,0.06,615.466246,1776212491000
1776212493.086,93.086,0.88,29.6,0.87,33.0,0.94,26.1,0.95,54.7,0.06,26.1,0.05,54.7,0.12,29.6,0.13,33.0,0.06,0.06,615.460677,1776212492000
1776212494.061,94.061,0.93,5.0,0.92,10.0,0.97,125.27,0.98,151.69,0.03,125.27,0.02,151.69,0.07,5.0,0.08,10.0,0.04,0.04,615.62974,1776212493000
1776212495.143,95.143,0.93,5.0,0.92,10.0,0.97,125.27,0.98,151.69,0.03,125.27,0.02,151.69,0.07,5.0,0.08,10.0,0.04,0.04,615.69527,1776212494000
1776212496.058,96.058,0.93,5.0,0.92,10.0,0.97,125.27,0.98,151.69,0.03,125.27,0.02,151.69,0.07,5.0,0.08,10.0,0.04,0.04,615.693727,1776212495000
1776212497.062,97.062,0.93,5.0,0.92,10.0,0.97,125.27,0.98,151.69,0.03,125.27,0.02,151.69,0.07,5.0,0.08,10.0,0.04,0.04,615.690802,1776212496000
1776212498.128,98.128,0.93,5.0,0.92,10.0,0.97,125.27,0.98,151.69,0.03,125.27,0.02,151.69,0.07,5.0,0.08,10.0,0.04,0.04,615.690726,1776212497000
1776212499.055,99.055,0.93,5.0,0.92,10.0,0.97,125.27,0.98,151.69,0.03,125.27,0.02,151.69,0.07,5.0,0.08,10.0,0.04,0.04,615.690478,1776212498000
1776212499.54,99.54,0.94,25.27,0.93,59.9,0.97,35.97,0.98,151.69,0.03,125.27,0.02,151.69,0.07,5.0,0.08,10.0,0.03,0.04,615.690478,1776212498000
1776212499.905,99.905,0.94,25.27,0.93,59.9,0.97,35.97,0.98,151.69,0.03,35.97,0.02,151.69,0.06,25.27,0.07,59.9,0.03,0.03,615.708815,1776212499000
1776212500.91,100.91,0.94,25.27,0.93,59.9,0.97,35.97,0.98,151.69,0.03,35.97,0.02,151.69,0.06,25.27,0.07,59.9,0.03,0.03,615.73,1776212500000
1776212501.55,101.55,0.95,23.39,0.94,40.27,0.97,35.97,0.98,151.69,0.03,35.97,0.02,151.69,0.06,25.27,0.07,59.9,0.02,0.03,615.73,1776212500000
1776212501.884,101.884,0.95,23.39,0.94,40.27,0.97,35.97,0.98,151.69,0.03,35.97,0.02,151.69,0.05,23.39,0.06,40.27,0.02,0.02,615.76069,1776212501000
1776212502.866,102.866,0.95,23.39,0.94,40.27,0.97,35.97,0.98,151.69,0.03,35.97,0.02,151.69,0.05,23.39,0.06,40.27,0.02,0.02,615.763387,1776212502000
1776212503.836,103.836,0.95,23.39,0.94,40.27,0.97,35.97,0.98,151.69,0.03,35.97,0.02,151.69,0.05,23.39,0.06,40.27,0.02,0.02,615.763402,1776212503000
1776212504.45,104.45,0.96,34.97,0.95,28.39,0.97,35.97,0.98,19.0,0.03,35.97,0.02,151.69,0.05,23.39,0.06,40.27,0.01,0.02,615.763402,1776212503000
1776212505.347,105.347,0.96,34.97,0.95,28.39,0.97,35.97,0.98,19.0,0.03,35.97,0.02,19.0,0.04,34.97,0.05,28.39,0.01,0.01,615.863248,1776212504000
1776212505.85,105.85,0.96,34.97,0.95,28.39,0.97,35.97,0.98,19.0,0.03,35.97,0.02,19.0,0.04,34.97,0.05,28.39,0.01,0.01,615.919879,1776212505000
1776212506.934,106.934,0.96,34.97,0.95,38.39,0.97,25.37,0.98,19.0,0.03,25.37,0.02,19.0,0.04,34.97,0.05,38.39,0.01,0.01,615.954,1776212506000
1776212507.91,107.91,0.96,34.97,0.95,38.39,0.97,25.37,0.98,19.0,0.03,25.37,0.02,19.0,0.04,34.97,0.05,38.39,0.01,0.01,615.989,1776212507000
1776212509.216,109.216,0.96,34.97,0.95,38.39,0.97,25.37,0.98,19.0,0.03,25.37,0.02,19.0,0.04,34.97,0.05,38.39,0.01,0.01,616.001,1776212508000
1776212510.419,110.419,0.96,34.97,0.95,38.39,0.97,25.37,0.98,19.0,0.03,25.37,0.02,19.0,0.04,34.97,0.05,38.39,0.01,0.01,615.985,1776212509000
1776212510.932,110.932,0.96,34.97,0.95,38.39,0.97,25.37,0.98,19.0,0.03,25.37,0.02,19.0,0.04,34.97,0.05,38.39,0.01,0.01,615.99,1776212510000
1776212512.002,112.002,0.96,34.97,0.95,38.39,0.97,25.37,0.98,19.0,0.03,25.37,0.02,19.0,0.04,34.97,0.05,38.39,0.01,0.01,616.004904,1776212511000
1776212513.277,113.277,0.96,34.97,0.95,38.39,0.97,25.37,0.98,19.0,0.03,25.37,0.02,19.0,0.04,34.97,0.05,38.39,0.01,0.01,616.007542,1776212512000
1776212513.936,113.936,0.96,34.97,0.95,38.39,0.97,25.37,0.98,19.0,0.03,25.37,0.02,19.0,0.04,34.97,0.05,38.39,0.01,0.01,616.030847,1776212513000
1776212514.933,114.933,0.96,34.97,0.95,38.39,0.97,25.37,0.98,19.0,0.03,25.37,0.02,19.0,0.04,34.97,0.05,38.39,0.01,0.01,616.030957,1776212514000
1776212516.104,116.104,0.96,34.97,0.95,38.39,0.97,25.37,0.98,19.0,0.03,25.37,0.02,19.0,0.04,34.97,0.05,38.39,0.01,0.01,616.053382,1776212515000
1776212517.145,117.145,0.96,34.97,0.95,38.39,0.97,25.37,0.98,19.0,0.03,25.37,0.02,19.0,0.04,34.97,0.05,38.39,0.01,0.01,616.073573,1776212516000
1776212518.307,118.307,0.96,34.97,0.95,38.39,0.97,25.37,0.98,19.0,0.03,25.37,0.02,19.0,0.04,34.97,0.05,38.39,0.01,0.01,616.072841,1776212517000
1776212518.528,118.528,0.96,34.97,0.95,38.39,0.97,12.69,0.98,19.0,0.03,25.37,0.02,19.0,0.04,34.97,0.05,38.39,0.01,0.01,616.072841,1776212517000
1776212519.444,119.444,0.96,34.97,0.95,38.39,0.97,12.69,0.98,19.0,0.03,12.69,0.02,19.0,0.04,34.97,0.05,38.39,0.01,0.01,616.07479,1776212518000
1776212520.19,120.19,0.96,34.97,0.95,38.39,0.97,12.69,0.98,19.0,0.03,12.69,0.02,19.0,0.04,34.97,0.05,38.39,0.01,0.01,616.080829,1776212519000
1776212521.312,121.312,0.96,39.97,0.95,33.39,0.97,6.35,0.98,19.0,0.03,6.35,0.02,19.0,0.04,39.97,0.05,33.39,0.01,0.01,616.120166,1776212520000
1776212521.74,121.74,0.96,44.97,0.95,28.39,0.97,101.19,0.98,19.0,0.03,6.35,0.02,19.0,0.04,39.97,0.05,33.39,0.01,0.01,616.120166,1776212520000
1776212522.076,122.076,0.96,44.97,0.95,28.39,0.97,101.19,0.98,19.0,0.03,101.19,0.02,19.0,0.04,44.97,0.05,28.39,0.01,0.01,616.163621,1776212521000
1776212523.316,123.316,0.96,44.97,0.95,28.39,0.98,19.0,0.99,538.0,0.02,19.0,0.01,538.0,0.04,44.97,0.05,28.39,0.02,0.02,616.266349,1776212522000
1776212523.849,123.849,0.96,44.97,0.95,28.39,0.98,19.0,0.99,538.0,0.02,19.0,0.01,538.0,0.04,44.97,0.05,28.39,0.02,0.02,616.327736,1776212523000
1776212524.165,124.165,0.98,5.0,0.97,94.3,0.99,538.0,,,0.02,14.0,0.01,538.0,0.03,94.3,0.04,44.97,0.01,0.01,616.327736,1776212523000
1776212525.216,125.216,0.98,5.0,0.97,94.3,0.99,538.0,,,0.01,538.0,,,0.02,5.0,0.03,94.3,0.01,0.01,616.384567,1776212524000
1776212525.533,125.533,0.98,67.87,0.97,94.3,0.99,538.0,,,0.01,538.0,,,0.02,5.0,0.03,94.3,0.01,0.01,616.384567,1776212524000
1776212526.485,126.485,0.98,67.87,0.97,94.3,0.99,533.0,,,0.01,533.0,,,0.02,67.87,0.03,94.3,0.01,0.01,616.38649,1776212525000
1776212527.106,127.106,0.98,67.87,0.97,94.3,0.99,533.0,,,0.01,533.0,,,0.02,67.87,0.03,94.3,0.01,0.01,616.386495,1776212526000
1776212528.093,128.093,0.98,67.87,0.97,94.3,0.99,442.89,,,0.01,533.0,,,0.02,67.87,0.03,94.3,0.01,0.01,616.386495,1776212526000
1776212528.392,128.392,0.98,67.87,0.97,94.3,0.99,442.89,,,0.01,442.89,,,0.02,67.87,0.03,94.3,0.01,0.01,616.386495,1776212527000
1776212529.108,129.108,0.98,67.87,0.97,94.3,0.99,442.89,,,0.01,442.89,,,0.02,67.87,0.03,94.3,0.01,0.01,616.39022,1776212528000
1776212530.441,130.441,0.98,67.87,0.97,94.3,0.99,442.89,,,0.01,442.89,,,0.02,67.87,0.03,94.3,0.01,0.01,616.401261,1776212529000
1776212531.068,131.068,0.98,67.87,0.97,94.3,0.99,442.89,,,0.01,442.89,,,0.02,67.87,0.03,94.3,0.01,0.01,616.416139,1776212530000
1776212532.442,132.442,0.98,67.87,0.97,94.3,0.99,442.89,,,0.01,442.89,,,0.02,67.87,0.03,94.3,0.01,0.01,616.447114,1776212531000
1776212533.069,133.069,0.98,67.87,0.97,94.3,0.99,442.89,,,0.01,442.89,,,0.02,67.87,0.03,94.3,0.01,0.01,616.447114,1776212532000
1776212534.443,134.443,0.98,67.87,0.97,94.3,0.99,442.89,,,0.01,442.89,,,0.02,67.87,0.03,94.3,0.01,0.01,616.454068,1776212533000
1776212535.148,135.148,0.98,67.87,0.97,94.3,0.99,442.89,,,0.01,442.89,,,0.02,67.87,0.03,94.3,0.01,0.01,616.460232,1776212534000
1776212536.237,136.237,0.98,67.87,0.97,94.3,0.99,442.89,,,0.01,442.89,,,0.02,67.87,0.03,94.3,0.01,0.01,616.471767,1776212535000
1776212537.644,137.644,0.98,67.87,0.97,94.3,0.99,442.89,,,0.01,442.89,,,0.02,67.87,0.03,94.3,0.01,0.01,616.47927,1776212536000
1776212538.353,138.353,0.98,67.87,0.97,94.3,0.99,442.89,,,0.01,442.89,,,0.02,67.87,0.03,94.3,0.01,0.01,616.479627,1776212537000
1776212539.007,139.007,0.98,67.87,0.97,94.3,0.99,442.89,,,0.01,442.89,,,0.02,67.87,0.03,94.3,0.01,0.01,616.479431,1776212538000
1776212540.243,140.243,0.98,67.87,0.97,94.3,0.99,442.89,,,0.01,442.89,,,0.02,67.87,0.03,94.3,0.01,0.01,616.479421,1776212539000
1776212541.565,141.565,0.98,67.87,0.97,94.3,0.99,442.89,,,0.01,442.89,,,0.02,67.87,0.03,94.3,0.01,0.01,616.524012,1776212540000
1776212542.02,142.02,0.98,67.87,0.97,94.3,0.99,442.89,,,0.01,442.89,,,0.02,67.87,0.03,94.3,0.01,0.01,616.525103,1776212541000
1776212543.299,143.299,0.98,67.87,0.97,94.3,0.99,442.89,,,0.01,442.89,,,0.02,67.87,0.03,94.3,0.01,0.01,616.522813,1776212542000
1776212543.926,143.926,0.99,557.11,0.98,67.87,,,,,0.01,442.89,,,0.02,67.87,0.03,94.3,,0.01,616.522813,1776212542000
1776212545.167,145.167,0.99,557.11,0.98,67.87,,,,,,,,,0.01,557.11,0.02,67.87,,,616.537081,1776212544000
1776212546.448,146.448,0.99,557.11,0.98,67.87,,,,,,,,,0.01,557.11,0.02,67.87,,,616.533267,1776212545000
1776212547.006,147.006,0.99,557.11,0.98,67.87,,,,,,,,,0.01,557.11,0.02,67.87,,,616.533267,1776212546000
1776212548.284,148.284,0.99,557.11,0.98,67.87,,,,,,,,,0.01,557.11,0.02,67.87,,,616.535647,1776212547000
1776212549.512,149.512,0.99,557.11,0.98,67.87,,,,,,,,,0.01,557.11,0.02,67.87,,,616.535657,1776212548000
1776212550.231,150.231,0.99,557.11,0.98,67.87,,,,,,,,,0.01,557.11,0.02,67.87,,,616.536489,1776212549000
1776212551.443,151.443,0.99,557.11,0.98,67.87,,,,,,,,,0.01,557.11,0.02,67.87,,,616.536864,1776212550000
1776212552.588,152.588,0.99,557.11,0.98,67.87,,,,,,,,,0.01,557.11,0.02,67.87,,,616.53682,1776212551000
1776212553.072,153.072,0.99,557.11,0.98,67.87,,,,,,,,,0.01,557.11,0.02,67.87,,,616.536808,1776212552000
1776212554.09,154.09,0.99,557.11,0.98,67.87,,,,,,,,,0.01,557.11,0.02,67.87,,,616.561967,1776212553000
1776212555.122,155.122,0.99,557.11,0.98,67.87,,,,,,,,,0.01,557.11,0.02,67.87,,,616.563786,1776212554000
1776212556.081,156.081,0.99,557.11,0.98,67.87,,,,,,,,,0.01,557.11,0.02,67.87,,,616.56388,1776212555000
1776212557.096,157.096,0.99,557.11,0.98,67.87,,,,,,,,,0.01,557.11,0.02,67.87,,,616.56388,1776212556000
1776212558.046,158.046,0.99,557.11,0.98,67.87,,,,,,,,,0.01,557.11,0.02,67.87,,,616.563886,1776212557000
1776212558.984,158.984,0.99,557.11,0.98,67.87,,,,,,,,,0.01,557.11,0.02,67.87,,,616.56496,1776212558000
1776212560.005,160.005,0.99,557.11,0.98,67.87,,,,,,,,,0.01,557.11,0.02,67.87,,,616.559342,1776212559000
1776212561.033,161.033,0.99,557.11,0.98,67.87,,,,,,,,,0.01,557.11,0.02,67.87,,,616.55967,1776212560000
1776212562.053,162.053,0.99,557.11,0.98,67.87,,,,,,,,,0.01,557.11,0.02,67.87,,,616.557262,1776212561000
1776212563.089,163.089,0.99,557.11,0.98,67.87,,,,,,,,,0.01,557.11,0.02,67.87,,,616.559168,1776212562000
1776212564.075,164.075,0.99,557.11,0.98,67.87,,,,,,,,,0.01,557.11,0.02,67.87,,,616.626282,1776212563000
1776212565.714,165.714,0.99,557.11,0.98,67.87,,,,,,,,,0.01,557.11,0.02,67.87,,,616.627279,1776212564000
1776212566.258,166.258,0.99,557.11,0.98,67.87,,,,,,,,,0.01,557.11,0.02,67.87,,,616.627776,1776212565000
1776212567.323,167.323,0.99,557.11,0.98,67.87,,,,,,,,,0.01,557.11,0.02,67.87,,,616.628543,1776212566000
1776212568.404,168.404,0.99,557.11,0.98,67.87,,,,,,,,,0.01,557.11,0.02,67.87,,,616.628062,1776212567000
1776212568.936,168.936,0.99,557.11,0.98,67.87,,,,,,,,,0.01,557.11,0.02,67.87,,,616.628045,1776212568000
1776212570.086,170.086,0.99,557.11,0.98,67.87,,,,,,,,,0.01,557.11,0.02,67.87,,,616.651697,1776212569000
1776212571.156,171.156,0.99,557.11,0.98,67.87,,,,,,,,,0.01,557.11,0.02,67.87,,,616.71225,1776212570000
1776212572.145,172.145,0.99,557.11,0.98,67.87,,,,,,,,,0.01,557.11,0.02,67.87,,,616.721148,1776212571000
1776212573.268,173.268,0.99,557.11,0.98,67.87,,,,,,,,,0.01,557.11,0.02,67.87,,,616.785271,1776212572000
1776212574.242,174.242,0.99,557.11,0.98,67.87,,,,,,,,,0.01,557.11,0.02,67.87,,,616.776186,1776212573000
1776212575.38,175.38,0.99,557.11,0.98,67.87,,,,,,,,,0.01,557.11,0.02,67.87,,,616.791339,1776212574000
1776212576.403,176.403,0.99,557.11,0.98,67.87,,,,,,,,,0.01,557.11,0.02,67.87,,,616.795524,1776212575000
1776212576.971,176.971,0.99,557.11,0.98,67.87,,,,,,,,,0.01,557.11,0.02,67.87,,,616.802831,1776212576000
1776212578.092,178.092,0.99,557.11,0.98,67.87,,,,,,,,,0.01,557.11,0.02,67.87,,,616.803935,1776212577000
1776212580.121,180.121,0.99,557.11,0.98,67.87,,,,,,,,,0.01,557.11,0.02,67.87,,,616.861734,1776212578000
1776212581.139,181.139,0.99,557.11,0.98,67.87,,,,,,,,,0.01,557.11,0.02,67.87,,,616.891778,1776212579000
1776212582.152,182.152,0.99,557.11,0.98,67.87,,,,,,,,,0.01,557.11,0.02,67.87,,,616.906171,1776212580000
1776212583.03,183.03,0.99,557.11,0.98,67.87,,,,,,,,,0.01,557.11,0.02,67.87,,,616.90619,1776212581000
1776212583.983,183.983,0.99,557.11,0.98,67.87,,,,,,,,,0.01,557.11,0.02,67.87,,,616.907574,1776212582000
1776212585.165,185.165,0.99,557.11,0.98,67.87,,,,,,,,,0.01,557.11,0.02,67.87,,,616.906623,1776212583000
1776212586.201,186.201,0.99,557.11,0.98,67.87,,,,,,,,,0.01,557.11,0.02,67.87,,,616.906585,1776212584000
1776212587.006,187.006,0.99,557.11,0.98,67.87,,,,,,,,,0.01,557.11,0.02,67.87,,,616.906798,1776212585000
1776212588.04,188.04,0.99,557.11,0.98,67.87,,,,,,,,,0.01,557.11,0.02,67.87,,,616.906745,1776212586000
1776212589.254,189.254,0.99,557.11,0.98,67.87,,,,,,,,,0.01,557.11,0.02,67.87,,,616.906262,1776212587000
1776212590.534,190.534,0.99,557.11,0.98,67.87,,,,,,,,,0.01,557.11,0.02,67.87,,,616.78,1776212588000
1776212591.472,191.472,0.99,557.11,0.98,67.87,,,,,,,,,0.01,557.11,0.02,67.87,,,616.670758,1776212590000
1776212592.235,192.235,0.99,557.11,0.98,67.87,,,,,,,,,0.01,557.11,0.02,67.87,,,616.627457,1776212591000
1776212594.121,194.121,0.99,557.11,0.98,67.87,,,,,,,,,0.01,557.11,0.02,67.87,,,616.625858,1776212592000
1776212595.143,195.143,0.99,557.11,0.98,67.87,,,,,,,,,0.01,557.11,0.02,67.87,,,616.631521,1776212593000
1776212596.298,196.298,0.99,557.11,0.98,67.87,,,,,,,,,0.01,557.11,0.02,67.87,,,616.691,1776212594000
1776212597.211,197.211,0.99,557.11,0.98,67.87,,,,,,,,,0.01,557.11,0.02,67.87,,,616.631792,1776212596000
1776212598.347,198.347,0.99,557.11,0.98,67.87,,,,,,,,,0.01,557.11,0.02,67.87,,,616.63132,1776212597000
1776212599.323,199.323,0.99,557.11,0.98,67.87,,,,,,,,,0.01,557.11,0.02,67.87,,,616.633476,1776212598000
1776212601.445,201.445,0.99,557.11,0.98,67.87,,,,,,,,,0.01,557.11,0.02,67.87,,,616.632994,1776212600000
1776212602.377,202.377,0.99,557.11,0.98,67.87,,,,,,,,,0.01,557.11,0.02,67.87,,,616.64628,1776212601000
1776212603.478,203.478,0.99,557.11,0.98,67.87,,,,,,,,,0.01,557.11,0.02,67.87,,,616.63146,1776212602000
1776212604.501,204.501,0.99,557.11,0.98,67.87,,,,,,,,,0.01,557.11,0.02,67.87,,,616.615791,1776212603000
1776212605.808,205.808,0.99,557.11,0.98,67.87,,,,,,,,,0.01,557.11,0.02,67.87,,,616.615814,1776212604000
1776212606.339,206.339,0.99,557.11,0.98,67.87,,,,,,,,,0.01,557.11,0.02,67.87,,,616.615814,1776212605000
1776212606.95,206.95,0.99,557.11,0.98,67.87,,,,,,,,,0.01,557.11,0.02,67.87,,,616.615754,1776212606000
1776212608.017,208.017,0.99,557.11,0.98,67.87,,,,,,,,,0.01,557.11,0.02,67.87,,,616.616592,1776212607000
1776212609.192,209.192,0.99,557.11,0.98,67.87,,,,,,,,,0.01,557.11,0.02,67.87,,,616.646536,1776212608000
1776212610.345,210.345,0.99,557.11,0.98,67.87,,,,,,,,,0.01,557.11,0.02,67.87,,,616.653775,1776212609000
1776212610.857,210.857,0.99,557.11,0.98,67.87,,,,,,,,,0.01,557.11,0.02,67.87,,,616.653775,1776212610000
1776212611.985,211.985,0.99,557.11,0.98,67.87,,,,,,,,,0.01,557.11,0.02,67.87,,,616.652092,1776212611000
1776212613.012,213.012,0.99,557.11,0.98,67.87,,,,,,,,,0.01,557.11,0.02,67.87,,,616.642469,1776212612000
1776212614.143,214.143,0.99,557.11,0.98,67.87,,,,,,,,,0.01,557.11,0.02,67.87,,,616.642409,1776212613000
1776212615.26,215.26,0.99,557.11,0.98,67.87,,,,,,,,,0.01,557.11,0.02,67.87,,,616.651408,1776212614000
1776212616.282,216.282,0.99,557.11,0.98,67.87,,,,,,,,,0.01,557.11,0.02,67.87,,,616.649104,1776212615000
1776212617.343,217.343,0.99,557.11,0.98,67.87,,,,,,,,,0.01,557.11,0.02,67.87,,,616.646997,1776212616000
1776212617.977,217.977,0.99,557.11,0.98,67.87,,,,,,,,,0.01,557.11,0.02,67.87,,,616.647046,1776212617000
1776212619.312,219.312,0.99,557.11,0.98,67.87,,,,,,,,,0.01,557.11,0.02,67.87,,,616.648286,1776212618000
1776212620.575,220.575,0.99,557.11,0.98,67.87,,,,,,,,,0.01,557.11,0.02,67.87,,,616.648295,1776212619000
1776212621.455,221.455,0.99,557.11,0.98,67.87,,,,,,,,,0.01,557.11,0.02,67.87,,,616.650859,1776212620000
1776212622.127,222.127,0.99,557.11,0.98,67.87,,,,,,,,,0.01,557.11,0.02,67.87,,,616.650824,1776212621000
1776212623.719,223.719,0.99,557.11,0.98,67.87,,,,,,,,,0.01,557.11,0.02,67.87,,,616.644935,1776212622000
1776212624.442,224.442,0.99,557.11,0.98,67.87,,,,,,,,,0.01,557.11,0.02,67.87,,,616.649451,1776212623000
1776212625.096,225.096,0.99,557.11,0.98,67.87,,,,,,,,,0.01,557.11,0.02,67.87,,,616.646029,1776212624000
1776212626.457,226.457,0.99,557.11,0.98,67.87,,,,,,,,,0.01,557.11,0.02,67.87,,,616.556789,1776212625000
1776212627.281,227.281,0.99,557.11,0.98,67.87,,,,,,,,,0.01,557.11,0.02,67.87,,,616.554733,1776212626000
1776212628.023,228.023,0.99,557.11,0.98,67.87,,,,,,,,,0.01,557.11,0.02,67.87,,,616.553806,1776212627000
1776212629.477,229.477,0.99,557.11,0.98,67.87,,,,,,,,,0.01,557.11,0.02,67.87,,,616.553607,1776212628000
1776212630.201,230.201,0.99,557.11,0.98,67.87,,,,,,,,,0.01,557.11,0.02,67.87,,,616.538408,1776212629000
1776212631.645,231.645,0.99,557.11,0.98,67.87,,,,,,,,,0.01,557.11,0.02,67.87,,,616.336794,1776212630000
1776212632.375,232.375,0.99,557.11,0.98,67.87,,,,,,,,,0.01,557.11,0.02,67.87,,,616.312062,1776212631000
1776212633.088,233.088,0.99,557.11,0.98,67.87,,,,,,,,,0.01,557.11,0.02,67.87,,,616.311364,1776212632000
1776212634.485,234.485,0.99,557.11,0.98,67.87,,,,,,,,,0.01,557.11,0.02,67.87,,,616.265593,1776212633000
1776212635.109,235.109,0.99,557.11,0.98,67.87,,,,,,,,,0.01,557.11,0.02,67.87,,,616.279193,1776212634000
1776212636.746,236.746,0.99,557.11,0.98,67.87,,,,,,,,,0.01,557.11,0.02,67.87,,,616.234207,1776212635000
1776212637.519,237.519,0.99,557.11,0.98,67.87,,,,,,,,,0.01,557.11,0.02,67.87,,,616.166481,1776212636000
1776212638.367,238.367,0.99,557.11,0.98,67.87,,,,,,,,,0.01,557.11,0.02,67.87,,,616.164347,1776212637000
1776212639.384,239.384,0.99,557.11,0.98,67.87,,,,,,,,,0.01,557.11,0.02,67.87,,,616.181236,1776212638000
1776212639.957,239.957,0.99,557.11,0.98,67.87,,,,,,,,,0.01,557.11,0.02,67.87,,,616.182733,1776212639000
1776212641.18,241.18,0.99,557.11,0.98,67.87,,,,,,,,,0.01,557.11,0.02,67.87,,,616.19646,1776212640000
1776212642.499,242.499,0.99,557.11,0.98,67.87,,,,,,,,,0.01,557.11,0.02,67.87,,,616.208015,1776212641000
1776212643.063,243.063,0.99,557.11,0.98,67.87,,,,,,,,,0.01,557.11,0.02,67.87,,,616.238,1776212642000
1776212644.301,244.301,0.99,557.11,0.98,67.87,,,,,,,,,0.01,557.11,0.02,67.87,,,616.245,1776212643000
1776212645.497,245.497,0.99,557.11,0.98,67.87,,,,,,,,,0.01,557.11,0.02,67.87,,,616.244,1776212644000
1776212646.125,246.125,0.99,557.11,0.98,67.87,,,,,,,,,0.01,557.11,0.02,67.87,,,616.227,1776212645000
1776212647.296,247.296,0.99,557.11,0.98,67.87,,,,,,,,,0.01,557.11,0.02,67.87,,,616.233,1776212646000
1776212648.429,248.429,0.99,557.11,0.98,67.87,,,,,,,,,0.01,557.11,0.02,67.87,,,616.229,1776212647000
1776212648.906,248.906,0.99,557.11,0.98,67.87,,,,,,,,,0.01,557.11,0.02,67.87,,,616.229,1776212648000
1776212650.064,250.064,0.99,557.11,0.98,67.87,,,,,,,,,0.01,557.11,0.02,67.87,,,616.224681,1776212649000
1776212651.198,251.198,0.99,557.11,0.98,67.87,,,,,,,,,0.01,557.11,0.02,67.87,,,616.182803,1776212650000
1776212652.387,252.387,0.99,557.11,0.98,67.87,,,,,,,,,0.01,557.11,0.02,67.87,,,616.157777,1776212651000
1776212652.992,252.992,0.99,557.11,0.98,67.87,,,,,,,,,0.01,557.11,0.02,67.87,,,616.157777,1776212652000
1776212654.786,254.786,0.99,557.11,0.98,67.87,,,,,,,,,0.01,557.11,0.02,67.87,,,616.160806,1776212653000
1776212655.284,255.284,0.99,557.11,0.98,67.87,,,,,,,,,0.01,557.11,0.02,67.87,,,616.178485,1776212654000
1776212656.391,256.391,0.99,557.11,0.98,67.87,,,,,,,,,0.01,557.11,0.02,67.87,,,616.15785,1776212655000
1776212656.972,256.972,0.99,557.11,0.98,67.87,,,,,,,,,0.01,557.11,0.02,67.87,,,616.15785,1776212656000
1776212658.026,258.026,0.99,557.11,0.98,67.87,,,,,,,,,0.01,557.11,0.02,67.87,,,616.157794,1776212657000
1776212659.234,259.234,0.99,557.11,0.98,67.87,,,,,,,,,0.01,557.11,0.02,67.87,,,616.157714,1776212658000
1776212660.229,260.229,0.99,557.11,0.98,67.87,,,,,,,,,0.01,557.11,0.02,67.87,,,616.121051,1776212659000
1776212661.28,261.28,0.99,557.11,0.98,67.87,,,,,,,,,0.01,557.11,0.02,67.87,,,616.095868,1776212660000
1776212661.871,261.871,0.99,557.11,0.98,67.87,,,,,,,,,0.01,557.11,0.02,67.87,,,616.09455,1776212661000
1776212662.953,262.953,0.99,557.11,0.98,67.87,,,,,,,,,0.01,557.11,0.02,67.87,,,616.0936,1776212662000
1776212664.016,264.016,0.99,557.11,0.98,67.87,,,,,,,,,0.01,557.11,0.02,67.87,,,616.061159,1776212663000
1776212665.033,265.033,0.99,557.11,0.98,67.87,,,,,,,,,0.01,557.11,0.02,67.87,,,616.069199,1776212664000
1776212666.026,266.026,0.99,557.11,0.98,67.87,,,,,,,,,0.01,557.11,0.02,67.87,,,616.069938,1776212665000
1776212667.22,267.22,0.99,557.11,0.98,67.87,,,,,,,,,0.01,557.11,0.02,67.87,,,616.068797,1776212666000
1776212668.664,268.664,0.99,557.11,0.98,67.87,,,,,,,,,0.01,557.11,0.02,67.87,,,616.132777,1776212667000
1776212669.122,269.122,0.99,557.11,0.98,67.87,,,,,,,,,0.01,557.11,0.02,67.87,,,616.162401,1776212668000
1776212670.146,270.146,0.99,557.11,0.98,67.87,,,,,,,,,0.01,557.11,0.02,67.87,,,616.162425,1776212669000
1776212671.11,271.11,0.99,557.11,0.98,67.87,,,,,,,,,0.01,557.11,0.02,67.87,,,616.200856,1776212670000
1776212672.089,272.089,0.99,557.11,0.98,67.87,,,,,,,,,0.01,557.11,0.02,67.87,,,616.206264,1776212671000
1776212673.094,273.094,0.99,557.11,0.98,67.87,,,,,,,,,0.01,557.11,0.02,67.87,,,616.220594,1776212672000
1776212674.094,274.094,0.99,557.11,0.98,67.87,,,,,,,,,0.01,557.11,0.02,67.87,,,616.259,1776212673000
1776212675.078,275.078,0.99,557.11,0.98,67.87,,,,,,,,,0.01,557.11,0.02,67.87,,,616.295758,1776212674000
1776212676.089,276.089,0.99,557.11,0.98,67.87,,,,,,,,,0.01,557.11,0.02,67.87,,,616.31761,1776212675000
1776212677.017,277.017,0.99,557.11,0.98,67.87,,,,,,,,,0.01,557.11,0.02,67.87,,,616.369055,1776212676000
1776212678.002,278.002,0.99,557.11,0.98,67.87,,,,,,,,,0.01,557.11,0.02,67.87,,,616.369765,1776212677000
1776212678.958,278.958,0.99,557.11,0.98,67.87,,,,,,,,,0.01,557.11,0.02,67.87,,,616.369733,1776212678000
1776212679.907,279.907,0.99,557.11,0.98,67.87,,,,,,,,,0.01,557.11,0.02,67.87,,,616.368125,1776212679000
1776212681.41,281.41,0.99,557.11,0.98,67.87,,,,,,,,,0.01,557.11,0.02,67.87,,,616.368242,1776212680000
1776212682.236,282.236,0.99,557.11,0.98,67.87,,,,,,,,,0.01,557.11,0.02,67.87,,,616.368242,1776212681000
1776212683.415,283.415,0.99,557.11,0.98,67.87,,,,,,,,,0.01,557.11,0.02,67.87,,,616.395794,1776212682000
1776212683.934,283.934,0.99,557.11,0.98,67.87,,,,,,,,,0.01,557.11,0.02,67.87,,,616.395794,1776212683000
1776212685.054,285.054,0.99,557.11,0.98,67.87,,,,,,,,,0.01,557.11,0.02,67.87,,,616.398165,1776212684000
1776212686.051,286.051,0.99,557.11,0.98,67.87,,,,,,,,,0.01,557.11,0.02,67.87,,,616.397246,1776212685000
1776212687.46,287.46,0.99,557.11,0.98,67.87,,,,,,,,,0.01,557.11,0.02,67.87,,,616.397289,1776212686000
1776212688.241,288.241,0.99,557.11,0.98,67.87,,,,,,,,,0.01,557.11,0.02,67.87,,,616.398195,1776212687000
1776212689.446,289.446,0.99,557.11,0.98,67.87,,,,,,,,,0.01,557.11,0.02,67.87,,,616.396137,1776212688000
1776212690.091,290.091,0.99,557.11,0.98,67.87,,,,,,,,,0.01,557.11,0.02,67.87,,,616.398957,1776212689000
1776212691.451,291.451,0.99,557.11,0.98,67.87,,,,,,,,,0.01,557.11,0.02,67.87,,,616.399294,1776212690000
1776212692.075,292.075,0.99,557.11,0.98,67.87,,,,,,,,,0.01,557.11,0.02,67.87,,,616.398237,1776212691000
1776212693.466,293.466,0.99,557.11,0.98,67.87,,,,,,,,,0.01,557.11,0.02,67.87,,,616.398196,1776212692000
1776212694.022,294.022,0.99,557.11,0.98,67.87,,,,,,,,,0.01,557.11,0.02,67.87,,,616.39869,1776212693000
1776212695.28,295.28,0.99,557.11,0.98,67.87,,,,,,,,,0.01,557.11,0.02,67.87,,,616.398286,1776212694000
1776212696.453,296.453,0.99,557.11,0.98,67.87,,,,,,,,,0.01,557.11,0.02,67.87,,,616.399912,1776212695000
1776212697.626,297.626,0.99,557.11,0.98,67.87,,,,,,,,,0.01,557.11,0.02,67.87,,,616.401335,1776212696000
1776212698.172,298.172,0.99,557.11,0.98,67.87,,,,,,,,,0.01,557.11,0.02,67.87,,,616.401335,1776212697000
1776212699.274,299.274,0.99,557.11,0.98,67.87,,,,,,,,,0.01,557.11,0.02,67.87,,,616.401335,1776212698000
1776212700.322,300.322,0.99,557.11,0.98,67.87,,,,,,,,,0.01,557.11,0.02,67.87,,,616.401355,1776212699000
1776212700.888,300.888,0.99,557.11,0.98,67.87,,,,,,,,,0.01,557.11,0.02,67.87,,,616.401415,1776212700000
1776212702.043,302.043,0.99,557.11,0.98,67.87,,,,,,,,,0.01,557.11,0.02,67.87,,,616.402796,1776212701000

# RESULT,winner=Up,slug=bnb-updown-5m-1776212400,ticks=314
