timestamp,elapsed_sec,up_bid_p1,up_bid_s1,up_bid_p2,up_bid_s2,up_ask_p1,up_ask_s1,up_ask_p2,up_ask_s2,down_bid_p1,down_bid_s1,down_bid_p2,down_bid_s2,down_ask_p1,down_ask_s1,down_ask_p2,down_ask_s2,up_spread,down_spread,bnb_price,bnb_oracle_ts
1776203701.491,1.491,0.5,5.0,0.33,300.0,0.67,300.0,0.69,375.0,0.33,300.0,0.31,375.0,0.5,5.0,0.67,300.0,0.17,0.17,614.773,1776201481000
1776203701.818,1.818,0.5,5.0,0.33,300.0,0.67,300.0,0.69,375.0,0.33,300.0,0.31,375.0,0.5,5.0,0.67,300.0,0.17,0.17,614.773,1776201481000
1776203705.912,5.912,0.51,5.0,0.5,5.0,0.55,10.0,0.61,50.0,0.33,300.0,0.31,375.0,0.5,5.0,0.67,300.0,0.04,0.17,614.773,1776201481000
1776203711.448,11.448,0.47,8.5,0.46,5.0,0.53,6.0,0.55,10.0,0.45,10.0,0.39,50.0,0.49,5.0,0.5,5.0,0.06,0.04,614.773,1776201481000
1776203714.322,14.322,0.47,8.5,0.46,5.0,0.53,6.0,0.55,10.0,0.47,6.0,0.45,10.0,0.53,8.5,0.54,5.0,0.06,0.06,616.019186,1776203713000
1776203715.577,15.577,0.47,8.5,0.46,5.0,0.53,6.0,0.55,10.0,0.47,6.0,0.45,10.0,0.53,8.5,0.54,5.0,0.06,0.06,616.013679,1776203714000
1776203716.061,16.061,0.47,8.5,0.46,5.0,0.53,6.0,0.55,10.0,0.47,6.0,0.45,10.0,0.53,8.5,0.54,5.0,0.06,0.06,616.013679,1776203715000
1776203717.352,17.352,0.47,8.5,0.46,5.0,0.53,6.0,0.55,10.0,0.47,6.0,0.45,10.0,0.53,8.5,0.54,5.0,0.06,0.06,616.012543,1776203716000
1776203718.627,18.627,0.47,8.5,0.46,5.0,0.53,6.0,0.55,10.0,0.47,6.0,0.45,10.0,0.53,8.5,0.54,5.0,0.06,0.06,616.012479,1776203717000
1776203719.183,19.183,0.47,8.5,0.46,5.0,0.53,6.0,0.55,10.0,0.47,6.0,0.45,10.0,0.53,8.5,0.54,5.0,0.06,0.06,616.013081,1776203718000
1776203719.959,19.959,0.47,8.5,0.46,5.0,0.53,6.0,0.55,10.0,0.47,6.0,0.45,10.0,0.53,8.5,0.54,5.0,0.06,0.06,616.013081,1776203719000
1776203721.166,21.166,0.47,8.5,0.46,5.0,0.53,6.0,0.55,10.0,0.47,6.0,0.45,10.0,0.53,8.5,0.54,5.0,0.06,0.06,616.015945,1776203720000
1776203722.281,22.281,0.47,8.5,0.46,5.0,0.53,6.0,0.55,10.0,0.47,6.0,0.45,10.0,0.53,8.5,0.54,5.0,0.06,0.06,616.016009,1776203721000
1776203723.435,23.435,0.47,8.5,0.46,5.0,0.53,6.0,0.55,10.0,0.47,6.0,0.45,10.0,0.53,8.5,0.54,5.0,0.06,0.06,616.015954,1776203722000
1776203723.921,23.921,0.47,8.5,0.46,5.0,0.53,6.0,0.55,10.0,0.47,6.0,0.45,10.0,0.53,8.5,0.54,5.0,0.06,0.06,616.015954,1776203723000
1776203725.076,25.076,0.47,8.5,0.46,5.0,0.53,6.0,0.55,10.0,0.47,6.0,0.45,10.0,0.53,8.5,0.54,5.0,0.06,0.06,616.016168,1776203724000
1776203726.139,26.139,0.47,8.5,0.46,5.0,0.53,6.0,0.55,10.0,0.47,6.0,0.45,10.0,0.53,8.5,0.54,5.0,0.06,0.06,616.01654,1776203725000
1776203727.359,27.359,0.47,8.5,0.46,5.0,0.53,6.0,0.55,10.0,0.47,6.0,0.45,10.0,0.53,8.5,0.54,5.0,0.06,0.06,616.016833,1776203726000
1776203727.938,27.938,0.47,8.5,0.46,5.0,0.53,6.0,0.55,10.0,0.47,6.0,0.45,10.0,0.53,8.5,0.54,5.0,0.06,0.06,616.009952,1776203727000
1776203729.223,29.223,0.47,8.5,0.46,5.0,0.53,6.0,0.55,10.0,0.47,6.0,0.45,10.0,0.53,8.5,0.54,5.0,0.06,0.06,616.009756,1776203728000
1776203730.504,30.504,0.47,8.5,0.46,5.0,0.53,6.0,0.55,10.0,0.47,6.0,0.45,10.0,0.53,8.5,0.54,5.0,0.06,0.06,616.016167,1776203729000
1776203731.057,31.057,0.47,8.5,0.46,5.0,0.53,6.0,0.55,10.0,0.47,6.0,0.45,10.0,0.53,8.5,0.54,5.0,0.06,0.06,616.016231,1776203730000
1776203732.315,32.315,0.47,8.5,0.46,5.0,0.53,6.0,0.55,10.0,0.47,6.0,0.45,10.0,0.53,8.5,0.54,5.0,0.06,0.06,616.016167,1776203731000
1776203732.931,32.931,0.47,8.5,0.46,5.0,0.53,6.0,0.55,10.0,0.47,6.0,0.45,10.0,0.53,8.5,0.54,5.0,0.06,0.06,616.01625,1776203732000
1776203734.156,34.156,0.47,8.5,0.46,5.0,0.53,6.0,0.55,10.0,0.47,6.0,0.45,10.0,0.53,8.5,0.54,5.0,0.06,0.06,616.013727,1776203733000
1776203735.302,35.302,0.47,8.5,0.46,5.0,0.53,6.0,0.55,10.0,0.47,6.0,0.45,10.0,0.53,8.5,0.54,5.0,0.06,0.06,615.994415,1776203734000
1776203736.448,36.448,0.47,8.5,0.46,5.0,0.53,6.0,0.55,10.0,0.47,6.0,0.45,10.0,0.53,8.5,0.54,5.0,0.06,0.06,616.027662,1776203735000
1776203736.995,36.995,0.47,8.5,0.46,5.0,0.53,6.0,0.55,10.0,0.47,6.0,0.45,10.0,0.53,8.5,0.54,5.0,0.06,0.06,616.02769,1776203736000
1776203738.199,38.199,0.47,8.5,0.46,5.0,0.53,6.0,0.55,10.0,0.47,6.0,0.45,10.0,0.53,8.5,0.54,5.0,0.06,0.06,616.026164,1776203737000
1776203739.232,39.232,0.47,8.5,0.46,5.0,0.53,6.0,0.55,10.0,0.47,6.0,0.45,10.0,0.53,8.5,0.54,5.0,0.06,0.06,616.02598,1776203738000
1776203740.393,40.393,0.47,8.5,0.46,5.0,0.53,6.0,0.55,10.0,0.47,6.0,0.45,10.0,0.53,8.5,0.54,5.0,0.06,0.06,616.025564,1776203739000
1776203741.375,41.375,0.47,8.5,0.46,5.0,0.53,6.0,0.55,10.0,0.47,6.0,0.45,10.0,0.53,8.5,0.54,5.0,0.06,0.06,616.025916,1776203740000
1776203741.93,41.93,0.47,8.5,0.46,5.0,0.53,6.0,0.55,10.0,0.47,6.0,0.45,10.0,0.53,8.5,0.54,5.0,0.06,0.06,616.025915,1776203741000
1776203742.882,42.882,0.47,8.5,0.46,5.0,0.53,6.0,0.55,10.0,0.47,6.0,0.45,10.0,0.53,8.5,0.54,5.0,0.06,0.06,616.025723,1776203742000
1776203743.928,43.928,0.47,8.5,0.46,5.0,0.53,6.0,0.55,10.0,0.47,6.0,0.45,10.0,0.53,8.5,0.54,5.0,0.06,0.06,616.021085,1776203743000
1776203744.609,44.609,0.51,31.0,0.5,5.0,0.53,1.0,0.61,10.0,0.47,6.0,0.45,10.0,0.53,8.5,0.54,5.0,0.02,0.06,616.021085,1776203743000
1776203744.849,44.849,0.51,31.0,0.5,5.0,0.61,10.0,0.64,10.0,0.47,1.0,0.39,10.0,0.49,31.0,0.5,5.0,0.1,0.02,616.024626,1776203744000
1776203745.896,45.896,0.51,31.0,0.5,5.0,0.61,10.0,0.64,10.0,0.39,10.0,0.36,10.0,0.49,31.0,0.5,5.0,0.1,0.1,616.024722,1776203745000
1776203746.785,46.785,0.51,31.0,0.5,5.0,0.61,10.0,0.64,10.0,0.39,10.0,0.36,10.0,0.49,31.0,0.5,5.0,0.1,0.1,616.04987,1776203746000
1776203748.15,48.15,0.51,31.0,0.5,5.0,0.61,10.0,0.64,10.0,0.39,10.0,0.36,10.0,0.49,31.0,0.5,5.0,0.1,0.1,616.083683,1776203747000
1776203749.114,49.114,0.51,31.0,0.5,5.0,0.61,10.0,0.64,10.0,0.39,10.0,0.36,10.0,0.49,31.0,0.5,5.0,0.1,0.1,616.083907,1776203748000
1776203750.066,50.066,0.51,31.0,0.5,5.0,0.61,10.0,0.64,10.0,0.39,10.0,0.36,10.0,0.49,31.0,0.5,5.0,0.1,0.1,616.083781,1776203749000
1776203751.186,51.186,0.51,31.0,0.5,5.0,0.61,10.0,0.64,10.0,0.39,10.0,0.36,10.0,0.49,31.0,0.5,5.0,0.1,0.1,616.083779,1776203750000
1776203752.106,52.106,0.51,31.0,0.5,5.0,0.61,10.0,0.64,10.0,0.39,10.0,0.36,10.0,0.49,31.0,0.5,5.0,0.1,0.1,616.083871,1776203751000
1776203753.067,53.067,0.51,31.0,0.5,5.0,0.61,10.0,0.64,10.0,0.39,10.0,0.36,10.0,0.49,31.0,0.5,5.0,0.1,0.1,616.083813,1776203752000
1776203754.241,54.241,0.51,31.0,0.5,5.0,0.61,10.0,0.64,10.0,0.39,10.0,0.36,10.0,0.49,31.0,0.5,5.0,0.1,0.1,616.08368,1776203753000
1776203755.949,55.949,0.51,31.0,0.5,5.0,0.61,10.0,0.64,10.0,0.39,10.0,0.36,10.0,0.49,31.0,0.5,5.0,0.1,0.1,616.083608,1776203754000
1776203756.631,56.631,0.51,31.0,0.5,5.0,0.61,10.0,0.64,10.0,0.39,10.0,0.36,10.0,0.49,31.0,0.5,5.0,0.1,0.1,616.084057,1776203755000
1776203757.569,57.569,0.51,31.0,0.5,5.0,0.61,10.0,0.64,10.0,0.39,10.0,0.36,10.0,0.49,31.0,0.5,5.0,0.1,0.1,616.084084,1776203756000
1776203758.372,58.372,0.51,31.0,0.5,5.0,0.61,10.0,0.64,10.0,0.39,10.0,0.36,10.0,0.49,31.0,0.5,5.0,0.1,0.1,616.08362,1776203757000
1776203759.184,59.184,0.51,31.0,0.5,5.0,0.61,10.0,0.64,10.0,0.39,10.0,0.36,10.0,0.49,31.0,0.5,5.0,0.1,0.1,616.08362,1776203758000
1776203760.656,60.656,0.51,31.0,0.5,5.0,0.61,10.0,0.64,10.0,0.39,10.0,0.36,10.0,0.49,31.0,0.5,5.0,0.1,0.1,616.101871,1776203759000
1776203761.191,61.191,0.51,31.0,0.5,5.0,0.61,10.0,0.64,10.0,0.39,10.0,0.36,10.0,0.49,31.0,0.5,5.0,0.1,0.1,616.117048,1776203760000
1776203762.646,62.646,0.51,31.0,0.5,5.0,0.61,10.0,0.64,10.0,0.39,10.0,0.36,10.0,0.49,31.0,0.5,5.0,0.1,0.1,616.126545,1776203761000
1776203763.421,63.421,0.51,31.0,0.5,5.0,0.61,10.0,0.64,10.0,0.39,10.0,0.36,10.0,0.49,31.0,0.5,5.0,0.1,0.1,616.126996,1776203762000
1776203764.297,64.297,0.51,31.0,0.5,5.0,0.61,10.0,0.64,10.0,0.39,10.0,0.36,10.0,0.49,31.0,0.5,5.0,0.1,0.1,616.128935,1776203763000
1776203765.72,65.72,0.51,31.0,0.5,5.0,0.61,10.0,0.64,10.0,0.39,10.0,0.36,10.0,0.49,31.0,0.5,5.0,0.1,0.1,616.129155,1776203764000
1776203766.411,66.411,0.51,31.0,0.5,5.0,0.61,10.0,0.64,10.0,0.39,10.0,0.36,10.0,0.49,31.0,0.5,5.0,0.1,0.1,616.128849,1776203765000
1776203767.218,67.218,0.51,31.0,0.5,5.0,0.61,10.0,0.64,10.0,0.39,10.0,0.36,10.0,0.49,31.0,0.5,5.0,0.1,0.1,616.128973,1776203766000
1776203768.624,68.624,0.51,31.0,0.5,5.0,0.61,10.0,0.64,10.0,0.39,10.0,0.36,10.0,0.49,31.0,0.5,5.0,0.1,0.1,616.128931,1776203767000
1776203769.43,69.43,0.51,31.0,0.5,5.0,0.61,10.0,0.64,10.0,0.39,10.0,0.36,10.0,0.49,31.0,0.5,5.0,0.1,0.1,616.129743,1776203768000
1776203770.1,70.1,0.51,31.0,0.5,5.0,0.61,10.0,0.64,10.0,0.39,10.0,0.36,10.0,0.49,31.0,0.5,5.0,0.1,0.1,616.129853,1776203769000
1776203771.568,71.568,0.51,31.0,0.5,5.0,0.61,10.0,0.64,10.0,0.39,10.0,0.36,10.0,0.49,31.0,0.5,5.0,0.1,0.1,616.129784,1776203770000
1776203772.127,72.127,0.51,31.0,0.5,5.0,0.61,10.0,0.64,10.0,0.39,10.0,0.36,10.0,0.49,31.0,0.5,5.0,0.1,0.1,616.129784,1776203771000
1776203774.278,74.278,0.6,5.0,0.58,15.7,0.62,5.0,0.63,6.76,0.39,10.0,0.36,10.0,0.49,31.0,0.5,5.0,0.02,0.1,616.129784,1776203771000
1776203775.383,75.383,0.6,5.0,0.58,15.7,0.62,5.0,0.63,6.76,0.38,5.0,0.37,6.76,0.4,5.0,0.42,15.7,0.02,0.02,616.150809,1776203774000
1776203775.917,75.917,0.6,5.0,0.58,15.7,0.62,5.0,0.63,6.76,0.38,5.0,0.37,6.76,0.4,5.0,0.42,15.7,0.02,0.02,616.153948,1776203775000
1776203776.347,76.347,0.62,5.0,0.61,10.9,0.63,11.76,0.74,5.0,0.37,6.76,0.29,5.0,0.4,10.8,0.41,15.7,0.01,0.03,616.153948,1776203775000
1776203776.904,76.904,0.62,5.0,0.61,10.9,0.63,11.76,0.74,5.0,0.37,11.76,0.26,5.0,0.38,5.0,0.39,10.9,0.01,0.01,616.154008,1776203776000
1776203777.408,77.408,0.62,16.0,0.61,10.9,0.77,10.0,0.78,5.0,0.37,11.76,0.26,5.0,0.38,5.0,0.39,10.9,0.15,0.01,616.154008,1776203776000
1776203777.854,77.854,0.62,16.0,0.61,10.9,0.77,10.0,0.78,5.0,0.23,10.0,0.22,5.0,0.38,16.0,0.39,10.9,0.15,0.15,616.171,1776203777000
1776203778.854,78.854,0.62,16.0,0.61,10.9,0.77,10.0,0.78,5.0,0.23,10.0,0.22,5.0,0.38,16.0,0.39,10.9,0.15,0.15,616.197392,1776203778000
1776203779.833,79.833,0.62,16.0,0.61,10.9,0.77,10.0,0.78,5.0,0.23,10.0,0.22,5.0,0.38,16.0,0.39,10.9,0.15,0.15,616.224788,1776203779000
1776203781.19,81.19,0.66,11.6,0.65,16.4,0.75,5.0,0.76,5.0,0.25,5.0,0.24,5.0,0.34,11.6,0.35,16.4,0.09,0.09,616.225089,1776203780000
1776203782.176,82.176,0.66,11.6,0.65,16.4,0.75,5.0,0.76,5.0,0.25,5.0,0.24,5.0,0.34,11.6,0.35,16.4,0.09,0.09,616.221507,1776203781000
1776203783.091,83.091,0.66,11.6,0.65,16.4,0.75,5.0,0.76,5.0,0.25,5.0,0.24,5.0,0.34,11.6,0.35,16.4,0.09,0.09,616.221507,1776203782000
1776203784.079,84.079,0.66,11.6,0.65,16.4,0.75,5.0,0.76,5.0,0.25,5.0,0.24,5.0,0.34,11.6,0.35,16.4,0.09,0.09,616.222979,1776203783000
1776203784.606,84.606,0.66,13.6,0.65,11.4,0.76,10.0,0.77,15.0,0.25,5.0,0.24,5.0,0.34,11.6,0.35,16.4,0.1,0.09,616.222979,1776203783000
1776203785.02,85.02,0.66,13.6,0.65,11.4,0.76,10.0,0.77,15.0,0.24,10.0,0.23,15.0,0.34,13.6,0.35,11.4,0.1,0.1,616.223026,1776203784000
1776203786.072,86.072,0.66,13.6,0.65,11.4,0.76,10.0,0.77,15.0,0.24,10.0,0.23,15.0,0.34,13.6,0.35,11.4,0.1,0.1,616.223597,1776203785000
1776203787.016,87.016,0.66,13.6,0.65,11.4,0.76,10.0,0.77,15.0,0.24,10.0,0.23,15.0,0.34,13.6,0.35,11.4,0.1,0.1,616.223594,1776203786000
1776203788.155,88.155,0.66,13.6,0.65,11.4,0.76,10.0,0.77,15.0,0.24,10.0,0.23,15.0,0.34,13.6,0.35,11.4,0.1,0.1,616.223281,1776203787000
1776203789.168,89.168,0.66,13.6,0.65,11.4,0.76,10.0,0.77,15.0,0.24,10.0,0.23,15.0,0.34,13.6,0.35,11.4,0.1,0.1,616.222363,1776203788000
1776203790.26,90.26,0.66,13.6,0.65,11.4,0.76,10.0,0.77,15.0,0.24,10.0,0.23,15.0,0.34,13.6,0.35,11.4,0.1,0.1,616.223495,1776203789000
1776203791.349,91.349,0.66,13.6,0.65,11.4,0.76,10.0,0.77,15.0,0.24,10.0,0.23,15.0,0.34,13.6,0.35,11.4,0.1,0.1,616.223185,1776203790000
1776203792.359,92.359,0.66,13.6,0.65,11.4,0.76,10.0,0.77,15.0,0.24,10.0,0.23,15.0,0.34,13.6,0.35,11.4,0.1,0.1,616.223188,1776203791000
1776203792.984,92.984,0.66,13.6,0.65,11.4,0.76,10.0,0.77,15.0,0.24,10.0,0.23,15.0,0.34,13.6,0.35,11.4,0.1,0.1,616.223278,1776203792000
1776203794.021,94.021,0.66,13.6,0.65,11.4,0.76,10.0,0.77,15.0,0.24,10.0,0.23,15.0,0.34,13.6,0.35,11.4,0.1,0.1,616.223274,1776203793000
1776203795.119,95.119,0.66,13.6,0.65,11.4,0.76,10.0,0.77,15.0,0.24,10.0,0.23,15.0,0.34,13.6,0.35,11.4,0.1,0.1,616.223485,1776203794000
1776203796.21,96.21,0.66,13.6,0.65,11.4,0.76,10.0,0.77,15.0,0.24,10.0,0.23,15.0,0.34,13.6,0.35,11.4,0.1,0.1,616.223539,1776203795000
1776203797.335,97.335,0.66,13.6,0.65,11.4,0.76,10.0,0.77,15.0,0.24,10.0,0.23,15.0,0.34,13.6,0.35,11.4,0.1,0.1,616.222949,1776203796000
1776203798.354,98.354,0.66,13.6,0.65,11.4,0.76,10.0,0.77,15.0,0.24,10.0,0.23,15.0,0.34,13.6,0.35,11.4,0.1,0.1,616.222949,1776203797000
1776203798.922,98.922,0.66,13.6,0.65,11.4,0.76,10.0,0.77,15.0,0.24,10.0,0.23,15.0,0.34,13.6,0.35,11.4,0.1,0.1,616.222949,1776203798000
1776203800.01,100.01,0.66,13.6,0.65,11.4,0.76,10.0,0.77,15.0,0.24,10.0,0.23,15.0,0.34,13.6,0.35,11.4,0.1,0.1,616.222955,1776203799000
1776203801.044,101.044,0.66,13.6,0.65,11.4,0.76,10.0,0.77,15.0,0.24,10.0,0.23,15.0,0.34,13.6,0.35,11.4,0.1,0.1,616.224347,1776203800000
1776203801.837,101.837,0.66,5.0,0.64,21.3,0.77,3.39,0.78,25.2,0.24,10.0,0.23,15.0,0.34,13.6,0.35,11.4,0.11,0.1,616.224347,1776203800000
1776203802.181,102.181,0.66,5.0,0.64,21.3,0.77,3.39,0.78,25.2,0.23,3.39,0.22,25.2,0.34,5.0,0.36,21.3,0.11,0.11,616.224347,1776203801000
1776203803.315,103.315,0.66,5.0,0.64,21.3,0.77,3.39,0.78,25.2,0.23,3.39,0.22,25.2,0.34,5.0,0.36,21.3,0.11,0.11,616.231987,1776203802000
1776203804.407,104.407,0.66,5.0,0.64,21.3,0.77,3.39,0.78,25.2,0.23,3.39,0.22,25.2,0.34,5.0,0.36,21.3,0.11,0.11,616.231469,1776203803000
1776203804.929,104.929,0.66,5.0,0.64,21.3,0.77,3.39,0.78,25.2,0.23,3.39,0.22,25.2,0.34,5.0,0.36,21.3,0.11,0.11,616.23205,1776203804000
1776203805.995,105.995,0.66,5.0,0.64,21.3,0.77,3.39,0.78,25.2,0.23,3.39,0.22,25.2,0.34,5.0,0.36,21.3,0.11,0.11,616.23199,1776203805000
1776203807.055,107.055,0.66,5.0,0.64,21.3,0.77,3.39,0.78,25.2,0.23,3.39,0.22,25.2,0.34,5.0,0.36,21.3,0.11,0.11,616.230809,1776203806000
1776203808.203,108.203,0.66,5.0,0.64,21.3,0.77,3.39,0.78,25.2,0.23,3.39,0.22,25.2,0.34,5.0,0.36,21.3,0.11,0.11,616.230798,1776203807000
1776203809.321,109.321,0.66,5.0,0.64,21.3,0.77,3.39,0.78,25.2,0.23,3.39,0.22,25.2,0.34,5.0,0.36,21.3,0.11,0.11,616.231772,1776203808000
1776203810.341,110.341,0.66,5.0,0.64,21.3,0.77,3.39,0.78,25.2,0.23,3.39,0.22,25.2,0.34,5.0,0.36,21.3,0.11,0.11,616.231958,1776203809000
1776203811.453,111.453,0.66,5.0,0.64,21.3,0.77,3.39,0.78,25.2,0.23,3.39,0.22,25.2,0.34,5.0,0.36,21.3,0.11,0.11,616.231952,1776203810000
1776203811.975,111.975,0.66,5.0,0.64,21.3,0.77,3.39,0.78,25.2,0.23,3.39,0.22,25.2,0.34,5.0,0.36,21.3,0.11,0.11,616.231952,1776203811000
1776203813.047,113.047,0.66,5.0,0.64,21.3,0.77,3.39,0.78,25.2,0.23,3.39,0.22,25.2,0.34,5.0,0.36,21.3,0.11,0.11,616.232026,1776203812000
1776203814.082,114.082,0.66,5.0,0.64,21.3,0.77,3.39,0.78,25.2,0.23,3.39,0.22,25.2,0.34,5.0,0.36,21.3,0.11,0.11,616.231538,1776203813000
1776203815.083,115.083,0.66,5.0,0.64,21.3,0.77,3.39,0.78,25.2,0.23,3.39,0.22,25.2,0.34,5.0,0.36,21.3,0.11,0.11,616.231538,1776203814000
1776203816.332,116.332,0.66,5.0,0.64,21.3,0.77,3.39,0.78,25.2,0.23,3.39,0.22,25.2,0.34,5.0,0.36,21.3,0.11,0.11,616.229714,1776203815000
1776203816.909,116.909,0.66,5.0,0.64,21.3,0.77,3.39,0.78,25.2,0.23,3.39,0.22,25.2,0.34,5.0,0.36,21.3,0.11,0.11,616.230082,1776203816000
1776203818.078,118.078,0.66,5.0,0.64,21.3,0.77,3.39,0.78,25.2,0.23,3.39,0.22,25.2,0.34,5.0,0.36,21.3,0.11,0.11,616.230073,1776203817000
1776203819.486,119.486,0.66,5.0,0.64,21.3,0.77,3.39,0.78,25.2,0.23,3.39,0.22,25.2,0.34,5.0,0.36,21.3,0.11,0.11,616.230052,1776203818000
1776203820.067,120.067,0.66,5.0,0.64,21.3,0.77,3.39,0.78,25.2,0.23,3.39,0.22,25.2,0.34,5.0,0.36,21.3,0.11,0.11,616.230052,1776203819000
1776203820.475,120.475,0.67,20.0,0.62,10.0,0.73,13.2,0.74,13.5,0.23,3.39,0.22,25.2,0.34,5.0,0.36,21.3,0.06,0.11,616.230052,1776203819000
1776203821.448,121.448,0.67,20.0,0.62,10.0,0.73,13.2,0.74,13.5,0.27,13.2,0.26,13.5,0.33,20.0,0.38,10.0,0.06,0.06,616.230011,1776203820000
1776203822.378,122.378,0.67,20.0,0.62,10.0,0.73,13.2,0.74,13.5,0.27,13.2,0.26,13.5,0.33,20.0,0.38,10.0,0.06,0.06,616.234419,1776203821000
1776203823.681,123.681,0.67,20.0,0.62,10.0,0.73,13.2,0.74,13.5,0.27,13.2,0.26,13.5,0.33,20.0,0.38,10.0,0.06,0.06,616.23417,1776203822000
1776203824.678,124.678,0.67,20.0,0.62,10.0,0.73,13.2,0.74,13.5,0.27,13.2,0.26,13.5,0.33,20.0,0.38,10.0,0.06,0.06,616.23417,1776203823000
1776203825.382,125.382,0.67,20.0,0.62,10.0,0.73,13.2,0.74,13.5,0.27,13.2,0.26,13.5,0.33,20.0,0.38,10.0,0.06,0.06,616.23424,1776203824000
1776203826.072,126.072,0.67,20.0,0.62,10.0,0.73,13.2,0.74,13.5,0.27,13.2,0.26,13.5,0.33,20.0,0.38,10.0,0.06,0.06,616.233882,1776203825000
1776203827.561,127.561,0.67,20.0,0.62,10.0,0.73,13.2,0.74,13.5,0.27,13.2,0.26,13.5,0.33,20.0,0.38,10.0,0.06,0.06,616.233518,1776203826000
1776203828.331,128.331,0.67,20.0,0.62,10.0,0.73,13.2,0.74,13.5,0.27,13.2,0.26,13.5,0.33,20.0,0.38,10.0,0.06,0.06,616.23349,1776203827000
1776203829.82,129.82,0.67,20.0,0.62,10.0,0.73,13.2,0.74,13.5,0.27,13.2,0.26,13.5,0.33,20.0,0.38,10.0,0.06,0.06,616.231284,1776203828000
1776203830.423,130.423,0.67,20.0,0.62,10.0,0.73,13.2,0.74,13.5,0.27,13.2,0.26,13.5,0.33,20.0,0.38,10.0,0.06,0.06,616.232217,1776203829000
1776203831.311,131.311,0.67,20.0,0.62,10.0,0.73,13.2,0.74,13.5,0.27,13.2,0.26,13.5,0.33,20.0,0.38,10.0,0.06,0.06,616.232328,1776203830000
1776203832.574,132.574,0.67,20.0,0.62,10.0,0.73,13.2,0.74,13.5,0.27,13.2,0.26,13.5,0.33,20.0,0.38,10.0,0.06,0.06,616.232482,1776203831000
1776203833.225,133.225,0.67,20.0,0.62,10.0,0.73,13.2,0.74,13.5,0.27,13.2,0.26,13.5,0.33,20.0,0.38,10.0,0.06,0.06,616.232534,1776203832000
1776203834.152,134.152,0.67,20.0,0.62,10.0,0.73,13.2,0.74,13.5,0.27,13.2,0.26,13.5,0.33,20.0,0.38,10.0,0.06,0.06,616.236647,1776203833000
1776203835.242,135.242,0.67,20.0,0.62,10.0,0.73,13.2,0.74,13.5,0.27,13.2,0.26,13.5,0.33,20.0,0.38,10.0,0.06,0.06,616.236598,1776203834000
1776203836.297,136.297,0.67,20.0,0.62,10.0,0.73,13.2,0.74,13.5,0.27,13.2,0.26,13.5,0.33,20.0,0.38,10.0,0.06,0.06,616.232786,1776203835000
1776203837.366,137.366,0.67,20.0,0.62,10.0,0.73,13.2,0.74,13.5,0.27,13.2,0.26,13.5,0.33,20.0,0.38,10.0,0.06,0.06,616.232939,1776203836000
1776203837.888,137.888,0.67,20.0,0.62,10.0,0.73,13.2,0.74,13.5,0.27,13.2,0.26,13.5,0.33,20.0,0.38,10.0,0.06,0.06,616.232939,1776203837000
1776203838.936,138.936,0.67,20.0,0.62,10.0,0.73,13.2,0.74,13.5,0.27,13.2,0.26,13.5,0.33,20.0,0.38,10.0,0.06,0.06,616.232919,1776203838000
1776203840.05,140.05,0.67,20.0,0.62,10.0,0.73,13.2,0.74,13.5,0.27,13.2,0.26,13.5,0.33,20.0,0.38,10.0,0.06,0.06,616.233522,1776203839000
1776203841.199,141.199,0.67,20.0,0.62,10.0,0.73,13.2,0.74,13.5,0.27,13.2,0.26,13.5,0.33,20.0,0.38,10.0,0.06,0.06,616.233459,1776203840000
1776203842.296,142.296,0.67,20.0,0.62,10.0,0.73,13.2,0.74,13.5,0.27,13.2,0.26,13.5,0.33,20.0,0.38,10.0,0.06,0.06,616.233516,1776203841000
1776203843.207,143.207,0.67,20.0,0.62,10.0,0.73,13.2,0.74,13.5,0.27,13.2,0.26,13.5,0.33,20.0,0.38,10.0,0.06,0.06,616.233512,1776203842000
1776203844.343,144.343,0.67,20.0,0.62,10.0,0.73,13.2,0.74,13.5,0.27,13.2,0.26,13.5,0.33,20.0,0.38,10.0,0.06,0.06,616.233399,1776203843000
1776203844.918,144.918,0.67,20.0,0.62,10.0,0.73,13.2,0.74,13.5,0.27,13.2,0.26,13.5,0.33,20.0,0.38,10.0,0.06,0.06,616.233399,1776203844000
1776203846.0,146.0,0.67,20.0,0.62,10.0,0.73,13.2,0.74,13.5,0.27,13.2,0.26,13.5,0.33,20.0,0.38,10.0,0.06,0.06,616.233492,1776203845000
1776203847.126,147.126,0.67,20.0,0.62,10.0,0.73,13.2,0.74,13.5,0.27,13.2,0.26,13.5,0.33,20.0,0.38,10.0,0.06,0.06,616.233492,1776203846000
1776203848.119,148.119,0.67,20.0,0.62,10.0,0.73,13.2,0.74,13.5,0.27,13.2,0.26,13.5,0.33,20.0,0.38,10.0,0.06,0.06,616.23349,1776203847000
1776203849.125,149.125,0.67,20.0,0.62,10.0,0.73,13.2,0.74,13.5,0.27,13.2,0.26,13.5,0.33,20.0,0.38,10.0,0.06,0.06,616.233262,1776203848000
1776203850.217,150.217,0.67,20.0,0.62,10.0,0.73,13.2,0.74,13.5,0.27,13.2,0.26,13.5,0.33,20.0,0.38,10.0,0.06,0.06,616.23326,1776203849000
1776203851.338,151.338,0.67,20.0,0.62,10.0,0.73,13.2,0.74,13.5,0.27,13.2,0.26,13.5,0.33,20.0,0.38,10.0,0.06,0.06,616.233248,1776203850000
1776203852.384,152.384,0.67,20.0,0.62,10.0,0.73,13.2,0.74,13.5,0.27,13.2,0.26,13.5,0.33,20.0,0.38,10.0,0.06,0.06,616.233199,1776203851000
1776203852.892,152.892,0.67,20.0,0.62,10.0,0.73,13.2,0.74,13.5,0.27,13.2,0.26,13.5,0.33,20.0,0.38,10.0,0.06,0.06,616.233199,1776203852000
1776203854.002,154.002,0.67,20.0,0.62,10.0,0.73,13.2,0.74,13.5,0.27,13.2,0.26,13.5,0.33,20.0,0.38,10.0,0.06,0.06,616.232571,1776203853000
1776203854.986,154.986,0.67,20.0,0.62,10.0,0.73,13.2,0.74,13.5,0.27,13.2,0.26,13.5,0.33,20.0,0.38,10.0,0.06,0.06,616.23263,1776203854000
1776203856.044,156.044,0.67,20.0,0.62,10.0,0.73,13.2,0.74,13.5,0.27,13.2,0.26,13.5,0.33,20.0,0.38,10.0,0.06,0.06,616.233986,1776203855000
1776203857.084,157.084,0.67,20.0,0.62,10.0,0.73,13.2,0.74,13.5,0.27,13.2,0.26,13.5,0.33,20.0,0.38,10.0,0.06,0.06,616.234053,1776203856000
1776203858.154,158.154,0.67,20.0,0.62,10.0,0.73,13.2,0.74,13.5,0.27,13.2,0.26,13.5,0.33,20.0,0.38,10.0,0.06,0.06,616.239087,1776203857000
1776203859.152,159.152,0.67,20.0,0.62,10.0,0.73,13.2,0.74,13.5,0.27,13.2,0.26,13.5,0.33,20.0,0.38,10.0,0.06,0.06,616.23877,1776203858000
1776203860.283,160.283,0.67,20.0,0.62,10.0,0.73,13.2,0.74,13.5,0.27,13.2,0.26,13.5,0.33,20.0,0.38,10.0,0.06,0.06,616.265534,1776203859000
1776203860.871,160.871,0.67,20.0,0.62,10.0,0.73,13.2,0.74,13.5,0.27,13.2,0.26,13.5,0.33,20.0,0.38,10.0,0.06,0.06,616.285624,1776203860000
1776203862.428,162.428,0.67,20.0,0.62,10.0,0.73,13.2,0.74,13.5,0.27,13.2,0.26,13.5,0.33,20.0,0.38,10.0,0.06,0.06,616.288831,1776203861000
1776203862.916,162.916,0.67,20.0,0.62,10.0,0.73,13.2,0.74,13.5,0.27,13.2,0.26,13.5,0.33,20.0,0.38,10.0,0.06,0.06,616.288831,1776203862000
1776203863.933,163.933,0.67,20.0,0.62,10.0,0.73,13.2,0.74,13.5,0.27,13.2,0.26,13.5,0.33,20.0,0.38,10.0,0.06,0.06,616.296113,1776203863000
1776203865.076,165.076,0.67,20.0,0.62,10.0,0.73,13.2,0.74,13.5,0.27,13.2,0.26,13.5,0.33,20.0,0.38,10.0,0.06,0.06,616.302903,1776203864000
1776203865.912,165.912,0.67,20.0,0.62,10.0,0.73,13.2,0.74,13.5,0.27,13.2,0.26,13.5,0.33,20.0,0.38,10.0,0.06,0.06,616.31004,1776203865000
1776203866.907,166.907,0.67,20.0,0.62,10.0,0.73,13.2,0.74,13.5,0.27,13.2,0.26,13.5,0.33,20.0,0.38,10.0,0.06,0.06,616.310307,1776203866000
1776203867.831,167.831,0.67,20.0,0.62,10.0,0.73,13.2,0.74,13.5,0.27,13.2,0.26,13.5,0.33,20.0,0.38,10.0,0.06,0.06,616.310304,1776203867000
1776203868.378,168.378,0.83,18.39,0.82,17.6,0.91,85.6,0.92,40.29,0.27,13.2,0.26,13.5,0.33,20.0,0.38,10.0,0.08,0.06,616.310304,1776203867000
1776203868.774,168.774,0.83,18.39,0.82,17.6,0.91,85.6,0.92,40.29,0.09,85.6,0.08,40.29,0.17,18.39,0.18,17.6,0.08,0.08,616.306692,1776203868000
1776203870.249,170.249,0.83,18.39,0.82,17.6,0.91,85.6,0.92,40.29,0.09,85.6,0.08,40.29,0.17,18.39,0.18,17.6,0.08,0.08,616.306743,1776203869000
1776203871.179,171.179,0.83,18.39,0.82,17.6,0.91,85.6,0.92,40.29,0.09,85.6,0.08,40.29,0.17,18.39,0.18,17.6,0.08,0.08,616.31211,1776203870000
1776203872.227,172.227,0.83,18.39,0.82,17.6,0.91,85.6,0.92,40.29,0.09,85.6,0.08,40.29,0.17,18.39,0.18,17.6,0.08,0.08,616.31211,1776203871000
1776203873.201,173.201,0.83,18.39,0.82,17.6,0.91,85.6,0.92,40.29,0.09,85.6,0.08,40.29,0.17,18.39,0.18,17.6,0.08,0.08,616.313828,1776203872000
1776203875.009,175.009,0.83,18.39,0.82,17.6,0.91,85.6,0.92,40.29,0.09,85.6,0.08,40.29,0.17,18.39,0.18,17.6,0.08,0.08,616.317381,1776203873000
1776203875.543,175.543,0.83,18.39,0.82,17.6,0.91,85.6,0.92,40.29,0.09,85.6,0.08,40.29,0.17,18.39,0.18,17.6,0.08,0.08,616.318203,1776203874000
1776203876.115,176.115,0.83,18.39,0.82,17.6,0.91,85.6,0.92,40.29,0.09,85.6,0.08,40.29,0.17,18.39,0.18,17.6,0.08,0.08,616.319394,1776203875000
1776203876.685,176.685,0.83,18.39,0.82,17.6,0.91,79.5,0.92,40.29,0.09,85.6,0.08,40.29,0.17,18.39,0.18,17.6,0.08,0.08,616.319394,1776203875000
1776203877.152,177.152,0.83,18.39,0.82,17.6,0.91,79.5,0.92,40.29,0.09,79.5,0.08,40.29,0.17,18.39,0.18,17.6,0.08,0.08,616.319394,1776203876000
1776203878.247,178.247,0.83,18.39,0.82,17.6,0.91,79.5,0.92,40.29,0.09,79.5,0.08,40.29,0.17,18.39,0.18,17.6,0.08,0.08,616.321101,1776203877000
1776203879.282,179.282,0.83,18.39,0.82,17.6,0.91,79.5,0.92,40.29,0.09,79.5,0.08,40.29,0.17,18.39,0.18,17.6,0.08,0.08,616.320978,1776203878000
1776203880.456,180.456,0.83,18.39,0.82,17.6,0.91,79.5,0.92,40.29,0.09,79.5,0.08,40.29,0.17,18.39,0.18,17.6,0.08,0.08,616.321789,1776203879000
1776203881.004,181.004,0.83,18.39,0.82,17.6,0.91,79.5,0.92,40.29,0.09,79.5,0.08,40.29,0.17,18.39,0.18,17.6,0.08,0.08,616.321789,1776203880000
1776203882.237,182.237,0.83,18.39,0.82,17.6,0.91,79.5,0.92,40.29,0.09,79.5,0.08,40.29,0.17,18.39,0.18,17.6,0.08,0.08,616.321885,1776203881000
1776203883.323,183.323,0.83,18.39,0.82,17.6,0.91,79.5,0.92,40.29,0.09,79.5,0.08,40.29,0.17,18.39,0.18,17.6,0.08,0.08,616.319349,1776203882000
1776203883.871,183.871,0.83,18.39,0.82,17.6,0.91,79.5,0.92,40.29,0.09,79.5,0.08,40.29,0.17,18.39,0.18,17.6,0.08,0.08,616.315754,1776203883000
1776203885.078,185.078,0.83,18.39,0.82,17.6,0.91,79.5,0.92,40.29,0.09,79.5,0.08,40.29,0.17,18.39,0.18,17.6,0.08,0.08,616.319171,1776203884000
1776203886.187,186.187,0.83,18.39,0.82,17.6,0.91,79.5,0.92,40.29,0.09,79.5,0.08,40.29,0.17,18.39,0.18,17.6,0.08,0.08,616.319263,1776203885000
1776203887.302,187.302,0.83,18.39,0.82,17.6,0.91,79.5,0.92,40.29,0.09,79.5,0.08,40.29,0.17,18.39,0.18,17.6,0.08,0.08,616.31921,1776203886000
1776203888.406,188.406,0.83,18.39,0.82,17.6,0.91,79.5,0.92,40.29,0.09,79.5,0.08,40.29,0.17,18.39,0.18,17.6,0.08,0.08,616.317837,1776203887000
1776203889.497,189.497,0.83,18.39,0.82,17.6,0.91,79.5,0.92,40.29,0.09,79.5,0.08,40.29,0.17,18.39,0.18,17.6,0.08,0.08,616.31789,1776203888000
1776203890.049,190.049,0.83,18.39,0.82,17.6,0.91,79.5,0.92,40.29,0.09,79.5,0.08,40.29,0.17,18.39,0.18,17.6,0.08,0.08,616.319073,1776203889000
1776203891.801,191.801,0.83,18.39,0.82,17.6,0.91,79.5,0.92,40.29,0.09,79.5,0.08,40.29,0.17,18.39,0.18,17.6,0.08,0.08,616.331598,1776203890000
1776203892.458,192.458,0.83,18.39,0.82,17.6,0.91,79.5,0.92,40.29,0.09,79.5,0.08,40.29,0.17,18.39,0.18,17.6,0.08,0.08,616.32957,1776203891000
1776203892.987,192.987,0.83,18.39,0.82,17.6,0.91,79.5,0.92,40.29,0.09,79.5,0.08,40.29,0.17,18.39,0.18,17.6,0.08,0.08,616.32957,1776203892000
1776203894.205,194.205,0.83,18.39,0.82,17.6,0.91,79.5,0.92,40.29,0.09,79.5,0.08,40.29,0.17,18.39,0.18,17.6,0.08,0.08,616.324,1776203893000
1776203895.258,195.258,0.83,18.39,0.82,17.6,0.91,79.5,0.92,40.29,0.09,79.5,0.08,40.29,0.17,18.39,0.18,17.6,0.08,0.08,616.316303,1776203894000
1776203896.298,196.298,0.83,18.39,0.82,17.6,0.91,79.5,0.92,40.29,0.09,79.5,0.08,40.29,0.17,18.39,0.18,17.6,0.08,0.08,616.317312,1776203895000
1776203897.47,197.47,0.83,18.39,0.82,17.6,0.91,79.5,0.92,40.29,0.09,79.5,0.08,40.29,0.17,18.39,0.18,17.6,0.08,0.08,616.321,1776203896000
1776203897.925,197.925,0.83,18.39,0.82,17.6,0.91,79.5,0.92,40.29,0.09,79.5,0.08,40.29,0.17,18.39,0.18,17.6,0.08,0.08,616.321,1776203897000
1776203898.926,198.926,0.83,18.39,0.82,17.6,0.91,79.5,0.92,40.29,0.09,79.5,0.08,40.29,0.17,18.39,0.18,17.6,0.08,0.08,616.318307,1776203898000
1776203899.926,199.926,0.83,18.39,0.82,17.6,0.91,79.5,0.92,40.29,0.09,79.5,0.08,40.29,0.17,18.39,0.18,17.6,0.08,0.08,616.33,1776203899000
1776203901.292,201.292,0.9,21.0,0.88,24.6,0.97,123.3,0.98,142.69,0.03,123.3,0.02,142.69,0.1,21.0,0.12,24.6,0.07,0.07,616.399836,1776203900000
1776203901.849,201.849,0.9,21.0,0.88,24.6,0.97,123.3,0.98,142.69,0.03,123.3,0.02,142.69,0.1,21.0,0.12,24.6,0.07,0.07,616.415382,1776203901000
1776203902.692,202.692,0.92,35.29,0.91,31.7,0.96,65.61,0.97,89.3,0.03,123.3,0.02,142.69,0.1,21.0,0.12,24.6,0.04,0.07,616.415382,1776203901000
1776203903.08,203.08,0.92,35.29,0.91,31.7,0.96,65.61,0.97,89.3,0.04,65.61,0.03,89.3,0.08,35.29,0.09,31.7,0.04,0.04,616.415382,1776203902000
1776203904.687,204.687,0.92,35.29,0.91,31.7,0.96,65.61,0.97,89.3,0.04,65.61,0.03,89.3,0.08,35.29,0.09,31.7,0.04,0.04,616.417591,1776203903000
1776203905.106,205.106,0.92,35.29,0.91,31.7,0.96,63.52,0.97,89.3,0.04,65.61,0.03,89.3,0.08,35.29,0.09,31.7,0.04,0.04,616.417591,1776203903000
1776203905.361,205.361,0.92,35.29,0.91,31.7,0.96,63.52,0.97,89.3,0.04,63.52,0.03,89.3,0.08,35.29,0.09,31.7,0.04,0.04,616.417178,1776203904000
1776203906.226,206.226,0.92,35.29,0.91,31.7,0.96,63.52,0.97,89.3,0.04,63.52,0.03,89.3,0.08,35.29,0.09,31.7,0.04,0.04,616.419758,1776203905000
1776203907.29,207.29,0.92,35.29,0.91,31.7,0.96,63.52,0.97,89.3,0.04,63.52,0.03,89.3,0.08,35.29,0.09,31.7,0.04,0.04,616.420345,1776203906000
1776203908.308,208.308,0.92,35.29,0.91,31.7,0.96,63.52,0.97,89.3,0.04,63.52,0.03,89.3,0.08,35.29,0.09,31.7,0.04,0.04,616.420257,1776203907000
1776203909.805,209.805,0.92,35.29,0.91,31.7,0.96,63.52,0.97,89.3,0.04,63.52,0.03,89.3,0.08,35.29,0.09,31.7,0.04,0.04,616.417288,1776203908000
1776203910.323,210.323,0.92,35.29,0.91,31.7,0.96,63.52,0.97,89.3,0.04,63.52,0.03,89.3,0.08,35.29,0.09,31.7,0.04,0.04,616.416111,1776203909000
1776203911.295,211.295,0.92,35.29,0.91,31.7,0.96,63.52,0.97,89.3,0.04,63.52,0.03,89.3,0.08,35.29,0.09,31.7,0.04,0.04,616.412125,1776203910000
1776203912.0,212.0,0.92,35.29,0.91,31.7,0.96,63.52,0.97,89.3,0.04,63.52,0.03,89.3,0.08,35.29,0.09,31.7,0.04,0.04,616.412125,1776203911000
1776203912.322,212.322,0.91,31.7,0.9,28.9,0.96,62.52,0.97,89.3,0.04,63.52,0.03,89.3,0.08,35.29,0.09,31.7,0.05,0.04,616.412125,1776203911000
1776203913.031,213.031,0.91,31.7,0.9,28.9,0.96,62.52,0.97,89.3,0.04,62.52,0.03,89.3,0.09,31.7,0.1,28.9,0.05,0.05,616.396418,1776203912000
1776203914.086,214.086,0.91,31.7,0.9,28.9,0.96,62.52,0.97,89.3,0.04,62.52,0.03,89.3,0.09,31.7,0.1,28.9,0.05,0.05,616.396418,1776203913000
1776203915.203,215.203,0.91,31.7,0.9,28.9,0.96,62.52,0.97,89.3,0.04,62.52,0.03,89.3,0.09,31.7,0.1,28.9,0.05,0.05,616.396418,1776203914000
1776203916.245,216.245,0.91,31.7,0.9,28.9,0.96,62.52,0.97,89.3,0.04,62.52,0.03,89.3,0.09,31.7,0.1,28.9,0.05,0.05,616.396418,1776203915000
1776203917.613,217.613,0.91,31.7,0.9,28.9,0.96,62.52,0.97,89.3,0.04,62.52,0.03,89.3,0.09,31.7,0.1,28.9,0.05,0.05,616.396418,1776203916000
1776203918.22,218.22,0.91,31.7,0.9,28.9,0.96,62.52,0.97,89.3,0.04,62.52,0.03,89.3,0.09,31.7,0.1,28.9,0.05,0.05,616.395193,1776203917000
1776203919.258,219.258,0.91,31.7,0.9,28.9,0.96,62.52,0.97,89.3,0.04,62.52,0.03,89.3,0.09,31.7,0.1,28.9,0.05,0.05,616.395007,1776203918000
1776203920.245,220.245,0.91,31.7,0.9,28.9,0.96,62.52,0.97,89.3,0.04,62.52,0.03,89.3,0.09,31.7,0.1,28.9,0.05,0.05,616.387509,1776203919000
1776203921.27,221.27,0.91,31.7,0.9,28.9,0.96,62.52,0.97,89.3,0.04,62.52,0.03,89.3,0.09,31.7,0.1,28.9,0.05,0.05,616.388016,1776203920000
1776203922.297,222.297,0.91,31.7,0.9,28.9,0.96,62.52,0.97,89.3,0.04,62.52,0.03,89.3,0.09,31.7,0.1,28.9,0.05,0.05,616.388084,1776203921000
1776203923.299,223.299,0.91,31.7,0.9,28.9,0.96,62.52,0.97,89.3,0.04,62.52,0.03,89.3,0.09,31.7,0.1,28.9,0.05,0.05,616.388084,1776203922000
1776203924.238,224.238,0.91,31.7,0.9,28.9,0.96,62.52,0.97,89.3,0.04,62.52,0.03,89.3,0.09,31.7,0.1,28.9,0.05,0.05,616.384726,1776203923000
1776203925.3,225.3,0.91,31.7,0.9,28.9,0.96,62.52,0.97,89.3,0.04,62.52,0.03,89.3,0.09,31.7,0.1,28.9,0.05,0.05,616.333,1776203924000
1776203926.29,226.29,0.91,31.7,0.9,28.9,0.96,62.52,0.97,89.3,0.04,62.52,0.03,89.3,0.09,31.7,0.1,28.9,0.05,0.05,616.33,1776203925000
1776203927.24,227.24,0.91,31.7,0.9,28.9,0.96,62.52,0.97,89.3,0.04,62.52,0.03,89.3,0.09,31.7,0.1,28.9,0.05,0.05,616.333,1776203926000
1776203928.289,228.289,0.91,31.7,0.9,28.9,0.96,62.52,0.97,89.3,0.04,62.52,0.03,89.3,0.09,31.7,0.1,28.9,0.05,0.05,616.325,1776203927000
1776203929.335,229.335,0.91,31.7,0.9,28.9,0.96,62.52,0.97,89.3,0.04,62.52,0.03,89.3,0.09,31.7,0.1,28.9,0.05,0.05,616.329,1776203928000
1776203930.295,230.295,0.91,31.7,0.9,28.9,0.96,62.52,0.97,89.3,0.04,62.52,0.03,89.3,0.09,31.7,0.1,28.9,0.05,0.05,616.317,1776203929000
1776203931.271,231.271,0.91,31.7,0.9,28.9,0.96,62.52,0.97,89.3,0.04,62.52,0.03,89.3,0.09,31.7,0.1,28.9,0.05,0.05,616.317,1776203930000
1776203932.224,232.224,0.91,31.7,0.9,28.9,0.96,62.52,0.97,89.3,0.04,62.52,0.03,89.3,0.09,31.7,0.1,28.9,0.05,0.05,616.313,1776203931000
1776203933.433,233.433,0.91,31.7,0.9,28.9,0.96,62.52,0.97,89.3,0.04,62.52,0.03,89.3,0.09,31.7,0.1,28.9,0.05,0.05,616.313,1776203932000
1776203934.065,234.065,0.91,31.7,0.9,28.9,0.96,62.52,0.97,89.3,0.04,62.52,0.03,89.3,0.09,31.7,0.1,28.9,0.05,0.05,616.313,1776203933000
1776203935.194,235.194,0.84,34.3,0.83,18.39,0.93,35.7,0.94,46.1,0.04,62.52,0.03,89.3,0.09,31.7,0.1,28.9,0.09,0.05,616.313,1776203933000
1776203936.332,236.332,0.84,34.3,0.83,18.39,0.93,35.7,0.94,46.1,0.07,35.7,0.06,46.1,0.16,34.3,0.17,18.39,0.09,0.09,616.312455,1776203935000
1776203936.946,236.946,0.84,34.3,0.83,18.39,0.93,35.7,0.94,46.1,0.07,35.7,0.06,46.1,0.16,34.3,0.17,18.39,0.09,0.09,616.307,1776203936000
1776203937.715,237.715,0.67,4.69,0.66,5.0,0.81,50.0,0.87,15.38,0.07,35.7,0.06,46.1,0.16,34.3,0.17,18.39,0.14,0.09,616.307,1776203936000
1776203938.065,238.065,0.66,0.81,0.62,11.0,0.81,50.0,0.87,15.38,0.19,50.0,0.13,15.38,0.34,0.81,0.38,11.0,0.15,0.15,616.295446,1776203937000
1776203939.221,239.221,0.66,0.81,0.62,11.0,0.81,50.0,0.87,15.38,0.19,50.0,0.13,15.38,0.34,0.81,0.38,11.0,0.15,0.15,616.24202,1776203938000
1776203940.426,240.426,0.66,0.81,0.62,11.0,0.81,50.0,0.87,15.38,0.19,50.0,0.13,15.38,0.34,0.81,0.38,11.0,0.15,0.15,616.19345,1776203939000
1776203941.186,241.186,0.66,0.81,0.62,11.0,0.81,50.0,0.87,15.38,0.19,50.0,0.13,15.38,0.34,0.81,0.38,11.0,0.15,0.15,616.133,1776203940000
1776203942.282,242.282,0.66,0.81,0.62,11.0,0.81,50.0,0.87,15.38,0.19,50.0,0.13,15.38,0.34,0.81,0.38,11.0,0.15,0.15,616.108,1776203941000
1776203943.33,243.33,0.66,0.81,0.62,11.0,0.81,50.0,0.87,15.38,0.19,50.0,0.13,15.38,0.34,0.81,0.38,11.0,0.15,0.15,616.125,1776203942000
1776203944.02,244.02,0.66,0.81,0.62,11.0,0.81,50.0,0.87,15.38,0.19,50.0,0.13,15.38,0.34,0.81,0.38,11.0,0.15,0.15,616.125,1776203943000
1776203945.324,245.324,0.66,0.81,0.62,11.0,0.81,50.0,0.87,15.38,0.19,50.0,0.13,15.38,0.34,0.81,0.38,11.0,0.15,0.15,616.121,1776203944000
1776203946.468,246.468,0.66,0.81,0.62,11.0,0.81,50.0,0.87,15.38,0.19,50.0,0.13,15.38,0.34,0.81,0.38,11.0,0.15,0.15,616.12,1776203945000
1776203947.688,247.688,0.66,0.81,0.62,11.0,0.81,50.0,0.87,15.38,0.19,50.0,0.13,15.38,0.34,0.81,0.38,11.0,0.15,0.15,616.071,1776203946000
1776203948.333,248.333,0.66,0.81,0.62,11.0,0.81,50.0,0.87,15.38,0.19,50.0,0.13,15.38,0.34,0.81,0.38,11.0,0.15,0.15,616.078,1776203947000
1776203949.325,249.325,0.66,0.81,0.62,11.0,0.81,50.0,0.87,15.38,0.19,50.0,0.13,15.38,0.34,0.81,0.38,11.0,0.15,0.15,616.114,1776203948000
1776203949.966,249.966,0.66,0.81,0.62,11.0,0.81,50.0,0.87,15.38,0.19,50.0,0.13,15.38,0.34,0.81,0.38,11.0,0.15,0.15,616.114,1776203949000
1776203951.099,251.099,0.66,0.81,0.62,11.0,0.81,50.0,0.87,15.38,0.19,50.0,0.13,15.38,0.34,0.81,0.38,11.0,0.15,0.15,616.101,1776203950000
1776203952.192,252.192,0.66,0.81,0.62,11.0,0.81,50.0,0.87,15.38,0.19,50.0,0.13,15.38,0.34,0.81,0.38,11.0,0.15,0.15,616.10349,1776203951000
1776203953.254,253.254,0.66,0.81,0.62,11.0,0.81,50.0,0.87,15.38,0.19,50.0,0.13,15.38,0.34,0.81,0.38,11.0,0.15,0.15,616.082329,1776203952000
1776203954.292,254.292,0.66,0.81,0.62,11.0,0.81,50.0,0.87,15.38,0.19,50.0,0.13,15.38,0.34,0.81,0.38,11.0,0.15,0.15,616.13,1776203953000
1776203955.166,255.166,0.66,0.81,0.62,11.0,0.81,50.0,0.87,15.38,0.19,50.0,0.13,15.38,0.34,0.81,0.38,11.0,0.15,0.15,616.13,1776203954000
1776203956.252,256.252,0.66,0.81,0.62,11.0,0.81,50.0,0.87,15.38,0.19,50.0,0.13,15.38,0.34,0.81,0.38,11.0,0.15,0.15,616.128,1776203955000
1776203957.443,257.443,0.66,0.81,0.62,11.0,0.81,50.0,0.87,15.38,0.19,50.0,0.13,15.38,0.34,0.81,0.38,11.0,0.15,0.15,616.119,1776203956000
1776203958.291,258.291,0.66,0.81,0.62,11.0,0.81,50.0,0.87,15.38,0.19,50.0,0.13,15.38,0.34,0.81,0.38,11.0,0.15,0.15,616.112,1776203957000
1776203959.147,259.147,0.66,0.81,0.62,11.0,0.81,50.0,0.87,15.38,0.19,50.0,0.13,15.38,0.34,0.81,0.38,11.0,0.15,0.15,616.112,1776203958000
1776203960.165,260.165,0.66,0.81,0.62,11.0,0.81,50.0,0.87,15.38,0.19,50.0,0.13,15.38,0.34,0.81,0.38,11.0,0.15,0.15,616.114508,1776203959000
1776203961.283,261.283,0.66,0.81,0.62,11.0,0.81,50.0,0.87,15.38,0.19,50.0,0.13,15.38,0.34,0.81,0.38,11.0,0.15,0.15,616.14,1776203960000
1776203962.287,262.287,0.66,0.81,0.62,11.0,0.81,50.0,0.87,15.38,0.19,50.0,0.13,15.38,0.34,0.81,0.38,11.0,0.15,0.15,616.11,1776203961000
1776203963.251,263.251,0.66,0.81,0.62,11.0,0.81,50.0,0.87,15.38,0.19,50.0,0.13,15.38,0.34,0.81,0.38,11.0,0.15,0.15,616.112,1776203962000
1776203964.222,264.222,0.66,0.81,0.62,11.0,0.81,50.0,0.87,15.38,0.19,50.0,0.13,15.38,0.34,0.81,0.38,11.0,0.15,0.15,616.101,1776203963000
1776203965.264,265.264,0.66,0.81,0.62,11.0,0.81,50.0,0.87,15.38,0.19,50.0,0.13,15.38,0.34,0.81,0.38,11.0,0.15,0.15,616.101,1776203964000
1776203966.172,266.172,0.66,0.81,0.62,11.0,0.81,50.0,0.87,15.38,0.19,50.0,0.13,15.38,0.34,0.81,0.38,11.0,0.15,0.15,616.115,1776203965000
1776203967.22,267.22,0.66,0.81,0.62,11.0,0.81,50.0,0.87,15.38,0.19,50.0,0.13,15.38,0.34,0.81,0.38,11.0,0.15,0.15,616.09215,1776203966000
1776203968.16,268.16,0.66,0.81,0.62,11.0,0.81,50.0,0.87,15.38,0.19,50.0,0.13,15.38,0.34,0.81,0.38,11.0,0.15,0.15,616.11754,1776203967000
1776203969.131,269.131,0.7,12.4,0.69,12.2,0.71,53.54,0.81,50.0,0.29,53.54,0.19,50.0,0.3,12.4,0.31,12.2,0.01,0.01,616.117,1776203968000
1776203970.127,270.127,0.7,12.4,0.69,12.2,0.71,53.54,0.81,50.0,0.29,53.54,0.19,50.0,0.3,12.4,0.31,12.2,0.01,0.01,616.117,1776203969000
1776203971.008,271.008,0.7,12.4,0.69,12.2,0.71,53.54,0.81,50.0,0.29,53.54,0.19,50.0,0.3,12.4,0.31,12.2,0.01,0.01,616.116,1776203970000
1776203971.992,271.992,0.7,12.4,0.69,12.2,0.71,53.54,0.81,50.0,0.29,53.54,0.19,50.0,0.3,12.4,0.31,12.2,0.01,0.01,616.118,1776203971000
1776203972.213,272.213,0.7,7.4,0.69,12.2,0.71,53.54,0.81,50.0,0.29,53.54,0.19,50.0,0.3,12.4,0.31,12.2,0.01,0.01,616.118,1776203971000
1776203973.017,273.017,0.7,7.4,0.69,12.2,0.71,53.54,0.81,50.0,0.29,53.54,0.19,50.0,0.3,7.4,0.31,12.2,0.01,0.01,616.114,1776203972000
1776203973.971,273.971,0.7,7.4,0.69,12.2,0.71,53.54,0.81,50.0,0.29,53.54,0.19,50.0,0.3,7.4,0.31,12.2,0.01,0.01,616.082163,1776203973000
1776203975.03,275.03,0.7,7.4,0.69,12.2,0.71,53.54,0.81,50.0,0.29,53.54,0.19,50.0,0.3,7.4,0.31,12.2,0.01,0.01,616.084,1776203974000
1776203975.84,275.84,0.41,100.58,0.34,5.88,0.71,53.54,0.81,50.0,0.29,53.54,0.19,50.0,0.3,7.4,0.31,12.2,0.3,0.01,616.084,1776203974000
1776203977.038,277.038,0.41,100.58,0.34,5.88,0.71,53.54,0.81,50.0,0.29,53.54,0.19,50.0,0.59,100.58,0.66,5.88,0.3,0.3,616.081,1776203976000
1776203977.896,277.896,0.41,100.58,0.34,5.88,0.71,53.54,0.81,50.0,0.29,53.54,0.19,50.0,0.59,100.58,0.66,5.88,0.3,0.3,616.032,1776203977000
1776203978.954,278.954,0.41,100.58,0.34,5.88,0.71,53.54,0.81,50.0,0.29,53.54,0.19,50.0,0.59,100.58,0.66,5.88,0.3,0.3,616.039,1776203978000
1776203979.859,279.859,0.41,100.58,0.34,5.88,0.71,53.54,0.81,50.0,0.29,53.54,0.19,50.0,0.59,100.58,0.66,5.88,0.3,0.3,616.032,1776203979000
1776203980.866,280.866,0.41,100.58,0.34,5.88,0.71,53.54,0.81,50.0,0.29,53.54,0.19,50.0,0.59,100.58,0.66,5.88,0.3,0.3,616.038,1776203980000
1776203981.876,281.876,0.41,100.58,0.34,5.88,0.71,53.54,0.81,50.0,0.29,53.54,0.19,50.0,0.59,100.58,0.66,5.88,0.3,0.3,616.039,1776203981000
1776203982.875,282.875,0.41,100.58,0.34,5.88,0.71,53.54,0.81,50.0,0.29,53.54,0.19,50.0,0.59,100.58,0.66,5.88,0.3,0.3,616.039,1776203982000
1776203983.878,283.878,0.41,100.58,0.34,5.88,0.71,53.54,0.81,50.0,0.29,53.54,0.19,50.0,0.59,100.58,0.66,5.88,0.3,0.3,616.068,1776203983000
1776203984.811,284.811,0.41,100.58,0.34,5.88,0.71,53.54,0.81,50.0,0.29,53.54,0.19,50.0,0.59,100.58,0.66,5.88,0.3,0.3,616.068,1776203984000
1776203986.085,286.085,0.41,100.58,0.34,5.88,0.71,42.54,0.81,50.0,0.29,53.54,0.19,50.0,0.59,100.58,0.66,5.88,0.3,0.3,616.068,1776203984000
1776203987.806,287.806,0.41,100.58,0.34,5.88,0.71,42.54,0.81,50.0,0.29,42.54,0.19,50.0,0.59,100.58,0.66,5.88,0.3,0.3,616.082,1776203986000
1776203988.341,288.341,0.41,100.58,0.34,5.88,0.71,38.35,0.81,50.0,0.29,42.54,0.19,50.0,0.59,100.58,0.66,5.88,0.3,0.3,616.082,1776203986000
1776203988.591,288.591,0.41,100.58,0.34,5.88,0.71,38.35,0.81,50.0,0.29,38.35,0.19,50.0,0.59,100.58,0.66,5.88,0.3,0.3,616.086,1776203987000
1776203989.626,289.626,0.41,100.58,0.34,5.88,0.71,38.35,0.81,50.0,0.29,38.35,0.19,50.0,0.59,100.58,0.66,5.88,0.3,0.3,616.088,1776203988000
1776203990.339,290.339,0.41,100.58,0.34,5.88,0.71,38.35,0.81,50.0,0.29,38.35,0.19,50.0,0.59,100.58,0.66,5.88,0.3,0.3,616.098623,1776203989000
1776203990.691,290.691,0.41,48.58,0.31,50.0,0.71,36.95,0.81,50.0,0.29,38.35,0.19,50.0,0.59,100.58,0.66,5.88,0.3,0.3,616.098623,1776203989000
1776203990.974,290.974,0.41,48.58,0.31,50.0,0.71,36.95,0.81,50.0,0.29,36.95,0.19,50.0,0.59,48.58,0.69,50.0,0.3,0.3,616.098218,1776203990000
1776203991.365,291.365,0.41,43.54,0.31,50.0,0.71,36.95,0.81,50.0,0.29,36.95,0.19,50.0,0.59,48.58,0.69,50.0,0.3,0.3,616.098218,1776203990000
1776203991.637,291.637,0.41,43.54,0.31,50.0,0.71,29.9,0.81,50.0,0.29,36.95,0.19,50.0,0.59,43.54,0.69,50.0,0.3,0.3,616.098218,1776203990000
1776203992.199,292.199,0.41,43.54,0.31,50.0,0.81,50.0,0.91,50.0,0.19,50.0,0.09,50.0,0.59,43.54,0.69,50.0,0.4,0.4,616.063374,1776203991000
1776203992.863,292.863,0.51,43.93,0.41,43.54,0.81,50.0,0.91,50.0,0.19,50.0,0.09,50.0,0.59,43.54,0.69,50.0,0.3,0.4,616.063374,1776203991000
1776203993.599,293.599,0.51,31.79,0.41,43.54,0.81,50.0,0.91,50.0,0.19,50.0,0.09,50.0,0.49,31.79,0.59,43.54,0.3,0.3,616.1,1776203992000
1776203994.239,294.239,0.51,31.79,0.41,43.54,0.81,48.77,0.91,50.0,0.19,48.77,0.09,50.0,0.49,31.79,0.59,43.54,0.3,0.3,616.078,1776203993000
1776203995.515,295.515,0.51,31.79,0.41,43.54,0.81,48.77,0.91,50.0,0.19,48.77,0.09,50.0,0.49,31.79,0.59,43.54,0.3,0.3,616.056,1776203994000
1776203996.081,296.081,0.51,31.79,0.41,43.54,0.81,47.47,0.91,50.0,0.19,48.77,0.09,50.0,0.49,31.79,0.59,43.54,0.3,0.3,616.056,1776203994000
1776203996.412,296.412,0.51,31.79,0.41,43.54,0.81,22.78,0.91,50.0,0.19,47.47,0.09,50.0,0.49,31.79,0.59,43.54,0.3,0.3,616.057,1776203995000
1776203997.369,297.369,0.51,31.79,0.41,43.54,0.81,68.82,0.91,50.0,0.19,68.82,0.09,50.0,0.49,31.79,0.59,43.54,0.3,0.3,616.052,1776203996000
1776203997.629,297.629,0.61,50.0,0.51,31.79,0.91,48.77,0.98,10.0,0.19,32.14,0.09,50.0,0.49,31.79,0.59,43.54,0.3,0.3,616.052,1776203996000
1776203997.964,297.964,0.61,50.0,0.51,31.79,0.91,48.77,0.98,10.0,0.09,48.77,0.02,10.0,0.39,50.0,0.49,31.79,0.3,0.3,616.052,1776203997000
1776203998.403,298.403,0.61,50.0,0.51,31.79,0.91,47.66,0.98,10.0,0.09,48.77,0.02,10.0,0.39,50.0,0.49,31.79,0.3,0.3,616.052,1776203997000
1776203998.768,298.768,0.61,50.0,0.51,31.79,0.91,25.68,0.98,10.0,0.09,47.66,0.02,10.0,0.39,50.0,0.49,31.79,0.3,0.3,616.052,1776203997000
1776203999.247,299.247,0.61,50.0,0.51,31.79,0.91,25.68,0.98,10.0,0.09,25.68,0.02,10.0,0.39,50.0,0.49,31.79,0.3,0.3,616.063,1776203998000
1776204000.307,300.307,0.77,5.0,0.66,55.0,0.98,1.82,0.99,100.0,0.09,25.68,0.02,10.0,0.39,50.0,0.49,31.79,0.21,0.3,616.063,1776203998000
1776204000.55,300.55,0.99,155.19,0.77,10.0,,,,,0.02,1.82,0.01,100.0,0.23,5.0,0.34,55.0,,0.21,616.061,1776203999000
1776204001.276,301.276,0.99,155.19,0.77,10.0,,,,,,,,,0.01,155.19,0.23,10.0,,,616.061,1776204000000
1776204002.691,302.691,0.99,155.19,0.77,10.0,,,,,,,,,0.01,155.19,0.23,10.0,,,616.068,1776204001000

# RESULT,winner=Up,slug=bnb-updown-5m-1776203700,ticks=315
