timestamp,elapsed_sec,up_bid_p1,up_bid_s1,up_bid_p2,up_bid_s2,up_ask_p1,up_ask_s1,up_ask_p2,up_ask_s2,down_bid_p1,down_bid_s1,down_bid_p2,down_bid_s2,down_ask_p1,down_ask_s1,down_ask_p2,down_ask_s2,up_spread,down_spread,bnb_price,bnb_oracle_ts
1776320701.742,1.742,0.52,7.5,0.46,8.69,0.67,300.0,0.69,375.0,0.41,37.0,0.4,33.0,0.48,20.0,0.54,8.69,0.15,0.07,625.257244,1776320700000
1776320705.887,5.887,0.52,2.5,0.43,5.0,0.53,5.0,0.54,10.0,0.33,300.0,0.31,375.0,0.48,7.5,0.54,8.69,0.01,0.15,625.208496,1776320704000
1776320720.979,20.979,0.45,3.89,0.36,10.0,0.46,10.0,0.47,10.0,0.47,5.0,0.46,10.0,0.57,5.0,0.58,5.0,0.01,0.1,625.210021,1776320719000
1776320721.611,21.611,0.25,5.0,0.24,5.0,0.29,5.0,0.3,5.0,0.54,10.0,0.53,10.0,0.64,5.0,0.66,5.0,0.04,0.1,625.206342,1776320720000
1776320721.811,21.811,0.26,5.0,0.25,5.0,0.28,5.0,0.29,5.0,0.71,5.0,0.7,5.0,0.75,5.0,0.76,5.0,0.02,0.04,625.206342,1776320720000
1776320731.632,31.632,0.31,28.13,0.29,5.0,0.34,5.0,0.35,5.0,0.71,5.0,0.7,5.0,0.74,5.0,0.75,5.0,0.03,0.03,624.975,1776320730000
1776320731.923,31.923,0.31,23.13,0.29,5.0,0.34,5.0,0.35,5.0,0.66,5.0,0.65,5.0,0.69,28.13,0.71,5.0,0.03,0.03,624.975,1776320730000
1776320738.36,38.36,0.41,5.0,0.4,5.0,0.43,5.0,0.44,5.0,0.66,5.0,0.65,5.0,0.69,23.13,0.71,5.0,0.02,0.03,625.127177,1776320737000
1776320748.423,48.423,0.37,3.41,0.36,5.0,0.38,5.0,0.39,5.0,0.57,5.0,0.56,5.0,0.59,5.0,0.6,5.0,0.01,0.02,625.130862,1776320747000
1776320771.7,71.7,0.31,18.05,0.22,5.0,0.32,69.0,0.33,10.0,0.62,5.0,0.61,5.0,0.63,3.41,0.64,5.0,0.01,0.01,625.033904,1776320770000
1776320780.498,80.498,0.31,18.05,0.29,5.0,0.32,64.0,0.33,5.0,0.68,69.0,0.67,10.0,0.69,18.05,0.78,5.0,0.01,0.01,625.002343,1776320778000
1776320788.346,88.346,0.38,5.0,0.37,5.0,0.4,10.0,0.41,60.0,0.68,64.0,0.67,5.0,0.69,18.05,0.71,5.0,0.02,0.01,625.062181,1776320787000
1776320803.631,103.631,0.31,18.05,0.3,5.0,0.34,5.0,0.35,5.0,0.61,5.0,0.6,10.0,0.66,1.87,0.67,5.0,0.03,0.05,625.132948,1776320802000
1776320804.092,104.092,0.31,18.05,0.28,5.0,0.33,5.0,0.34,5.0,0.66,5.0,0.65,5.0,0.69,18.05,0.7,5.0,0.02,0.03,625.132948,1776320803000
1776320805.456,105.456,0.31,18.05,0.28,5.0,0.33,5.0,0.34,5.0,0.67,5.0,0.66,5.0,0.69,18.05,0.72,5.0,0.02,0.02,625.133838,1776320804000
1776320810.12,110.12,0.31,7.05,0.27,5.0,0.32,5.0,0.33,5.0,0.67,5.0,0.66,5.0,0.69,18.05,0.72,5.0,0.01,0.02,625.10032,1776320808000
1776320824.752,124.752,0.31,5.6,0.24,5.0,0.32,33.9,0.33,16.8,0.68,5.0,0.67,5.0,0.69,7.05,0.73,5.0,0.01,0.01,625.041388,1776320823000
1776320825.533,125.533,0.24,5.0,0.23,10.0,0.32,33.9,0.33,16.8,0.68,33.9,0.67,16.8,0.69,5.6,0.76,5.0,0.08,0.01,625.04166,1776320824000
1776320827.015,127.015,0.23,10.0,0.22,5.0,0.25,4.0,0.26,5.0,0.68,33.9,0.67,16.8,0.76,5.0,0.77,10.0,0.02,0.08,625.041292,1776320825000
1776320829.552,129.552,0.24,5.0,0.23,10.0,0.27,5.0,0.28,5.0,0.75,4.0,0.74,5.0,0.77,10.0,0.78,5.0,0.03,0.02,625.040184,1776320828000
1776320835.67,135.67,0.15,5.0,0.14,26.6,0.17,5.0,0.18,5.0,0.73,5.0,0.72,5.0,0.76,5.0,0.77,10.0,0.02,0.03,625.037058,1776320834000
1776320864.34,164.34,0.22,5.0,0.21,5.0,0.23,3.7,0.24,19.3,0.83,5.0,0.82,5.0,0.85,5.0,0.86,26.6,0.01,0.02,625.003,1776320863000
1776320911.801,211.801,0.16,3.07,0.15,5.0,0.17,5.0,0.18,22.6,0.77,3.7,0.76,19.3,0.78,5.0,0.79,5.0,0.01,0.01,625.062109,1776320910000
1776320918.488,218.488,0.14,5.73,0.13,5.0,0.16,24.3,0.17,23.39,0.83,5.0,0.82,22.6,0.84,3.07,0.85,5.0,0.02,0.01,625.064193,1776320917000
1776320920.324,220.324,0.12,5.0,0.11,5.0,0.15,25.39,0.16,24.3,0.84,24.3,0.83,23.39,0.86,5.73,0.87,5.0,0.03,0.02,625.05499,1776320919000
1776320924.23,224.23,0.11,5.0,0.1,5.0,0.14,5.0,0.15,25.39,0.85,25.39,0.84,24.3,0.88,5.0,0.89,5.0,0.03,0.03,625.053207,1776320923000
1776320925.535,225.535,0.11,5.0,0.1,5.0,0.13,5.0,0.14,5.0,0.86,5.0,0.85,25.39,0.89,5.0,0.9,5.0,0.02,0.03,625.053207,1776320924000
1776320926.86,226.86,0.09,5.0,0.08,40.29,0.12,5.0,0.13,5.0,0.87,5.0,0.86,5.0,0.89,5.0,0.9,5.0,0.03,0.02,625.059499,1776320925000
1776320932.612,232.612,0.04,76.65,0.03,99.3,0.05,5.0,0.06,5.0,0.88,5.0,0.87,5.0,0.91,5.0,0.92,40.29,0.01,0.03,625.009621,1776320931000
1776320937.075,237.075,0.03,99.08,0.02,152.69,0.05,5.0,0.06,51.1,0.95,5.0,0.94,5.0,0.96,76.65,0.97,99.3,0.02,0.01,625.009551,1776320935000
1776320949.147,249.147,0.03,3.88,0.02,147.69,0.04,5.0,0.05,59.7,0.95,5.0,0.94,51.1,0.97,99.08,0.98,152.69,0.01,0.02,624.956335,1776320948000
1776320959.577,259.577,0.02,13.78,0.01,572.6,0.04,77.7,0.05,59.7,0.96,5.0,0.95,59.7,0.97,3.88,0.98,147.69,0.02,0.01,624.953546,1776320958000
1776320966.44,266.44,0.02,12.75,0.01,572.6,0.03,94.3,0.04,72.7,0.96,77.7,0.95,59.7,0.98,13.78,0.99,572.6,0.01,0.02,624.956,1776320964000
1776320969.429,269.429,0.02,2.65,0.01,572.6,0.03,99.3,0.04,72.7,0.97,94.3,0.96,72.7,0.98,12.75,0.99,572.6,0.01,0.01,624.973911,1776320967000
1776320982.707,282.707,0.01,210.0,,,0.02,7.45,0.03,10.0,0.97,99.3,0.96,72.7,0.98,2.65,0.99,572.6,0.01,0.01,625.044,1776320981000
1776320995.334,295.334,0.01,40.0,,,0.02,17.45,0.03,10.0,0.98,7.45,0.97,10.0,0.99,210.0,,,0.01,0.01,625.05674,1776320994000
1776320996.404,296.404,0.01,38.98,,,0.02,17.45,0.03,10.0,0.98,17.45,0.97,10.0,0.99,40.0,,,0.01,0.01,625.059175,1776320995000
1776320996.764,296.764,0.01,32.82,,,0.02,17.45,0.03,10.0,0.98,17.45,0.97,10.0,0.99,37.87,,,0.01,0.01,625.059175,1776320995000
1776320997.325,297.325,0.01,12.61,,,0.02,17.45,0.03,10.0,0.98,17.45,0.97,10.0,0.99,32.82,,,0.01,0.01,625.059459,1776320996000
1776320997.542,297.542,0.01,2.91,,,0.02,17.45,0.03,10.0,0.98,17.45,0.97,10.0,0.99,11.5,,,0.01,0.01,625.059459,1776320996000

# RESULT,winner=Down,slug=bnb-updown-5m-1776320700,ticks=40
