timestamp,elapsed_sec,up_bid_p1,up_bid_s1,up_bid_p2,up_bid_s2,up_ask_p1,up_ask_s1,up_ask_p2,up_ask_s2,down_bid_p1,down_bid_s1,down_bid_p2,down_bid_s2,down_ask_p1,down_ask_s1,down_ask_p2,down_ask_s2,up_spread,down_spread,bnb_price,bnb_oracle_ts
1776218701.301,1.301,,,,,,,,,,,,,,,,,,,619.389299,1776218700000
1776218701.529,1.529,0.33,300.0,0.31,375.0,0.49,5.0,0.5,8.24,0.51,5.0,0.5,8.24,0.67,300.0,0.69,375.0,0.16,0.16,619.389299,1776218700000
1776218701.91,1.91,0.33,300.0,0.31,375.0,0.49,5.0,0.5,8.24,0.51,5.0,0.5,8.24,0.67,300.0,0.69,375.0,0.16,0.16,619.389299,1776218700000
1776218702.927,2.927,0.33,300.0,0.31,375.0,0.49,5.0,0.5,8.24,0.51,5.0,0.5,8.24,0.67,300.0,0.69,375.0,0.16,0.16,619.375579,1776218701000
1776218703.37,3.37,0.33,300.0,0.31,375.0,0.49,5.0,0.5,8.24,0.51,5.0,0.5,8.24,0.67,300.0,0.69,375.0,0.16,0.16,619.39498,1776218702000
1776218704.489,4.489,0.33,300.0,0.31,375.0,0.49,5.0,0.5,8.24,0.51,5.0,0.5,8.24,0.67,300.0,0.69,375.0,0.16,0.16,619.38294,1776218703000
1776218705.116,5.116,0.33,300.0,0.31,375.0,0.49,5.0,0.5,8.24,0.51,5.0,0.5,8.24,0.67,300.0,0.69,375.0,0.16,0.16,619.391454,1776218704000
1776218705.933,5.933,0.45,5.0,0.39,10.0,0.48,10.0,0.49,5.0,0.51,5.0,0.5,8.24,0.67,300.0,0.69,375.0,0.03,0.16,619.391454,1776218704000
1776218706.332,6.332,0.45,5.0,0.39,10.0,0.48,10.0,0.49,5.0,0.52,10.0,0.51,5.0,0.55,5.0,0.61,10.0,0.03,0.03,619.372934,1776218705000
1776218706.967,6.967,0.45,5.0,0.39,10.0,0.48,10.0,0.49,5.0,0.52,10.0,0.51,5.0,0.55,5.0,0.61,10.0,0.03,0.03,619.372643,1776218706000
1776218708.177,8.177,0.45,5.0,0.39,10.0,0.48,10.0,0.49,5.0,0.52,10.0,0.51,5.0,0.55,5.0,0.61,10.0,0.03,0.03,619.384774,1776218707000
1776218709.384,9.384,0.45,5.0,0.39,10.0,0.48,10.0,0.49,5.0,0.52,10.0,0.51,5.0,0.55,5.0,0.61,10.0,0.03,0.03,619.38243,1776218708000
1776218710.064,10.064,0.45,5.0,0.39,10.0,0.48,10.0,0.49,5.0,0.52,10.0,0.51,5.0,0.55,5.0,0.61,10.0,0.03,0.03,619.380016,1776218709000
1776218711.293,11.293,0.45,5.0,0.39,10.0,0.48,10.0,0.49,5.0,0.52,10.0,0.51,5.0,0.55,5.0,0.61,10.0,0.03,0.03,619.369146,1776218710000
1776218712.42,12.42,0.45,5.0,0.39,10.0,0.48,10.0,0.49,5.0,0.52,10.0,0.51,5.0,0.55,5.0,0.61,10.0,0.03,0.03,619.352408,1776218711000
1776218713.052,13.052,0.45,5.0,0.39,10.0,0.48,10.0,0.49,5.0,0.52,10.0,0.51,5.0,0.55,5.0,0.61,10.0,0.03,0.03,619.348144,1776218712000
1776218714.066,14.066,0.45,5.0,0.39,10.0,0.48,10.0,0.49,5.0,0.52,10.0,0.51,5.0,0.55,5.0,0.61,10.0,0.03,0.03,619.347349,1776218713000
1776218715.206,15.206,0.45,5.0,0.39,10.0,0.48,10.0,0.49,5.0,0.52,10.0,0.51,5.0,0.55,5.0,0.61,10.0,0.03,0.03,619.327335,1776218714000
1776218716.253,16.253,0.45,5.0,0.39,10.0,0.48,10.0,0.49,5.0,0.52,10.0,0.51,5.0,0.55,5.0,0.61,10.0,0.03,0.03,619.321254,1776218715000
1776218717.218,17.218,0.45,5.0,0.39,10.0,0.48,10.0,0.49,5.0,0.52,10.0,0.51,5.0,0.55,5.0,0.61,10.0,0.03,0.03,619.33089,1776218716000
1776218718.337,18.337,0.45,5.0,0.39,10.0,0.48,10.0,0.49,5.0,0.52,10.0,0.51,5.0,0.55,5.0,0.61,10.0,0.03,0.03,619.34247,1776218717000
1776218719.293,19.293,0.45,5.0,0.39,10.0,0.48,10.0,0.49,5.0,0.52,10.0,0.51,5.0,0.55,5.0,0.61,10.0,0.03,0.03,619.34419,1776218718000
1776218720.37,20.37,0.45,5.0,0.39,10.0,0.48,10.0,0.49,5.0,0.52,10.0,0.51,5.0,0.55,5.0,0.61,10.0,0.03,0.03,619.34441,1776218719000
1776218721.396,21.396,0.45,5.0,0.39,10.0,0.48,10.0,0.49,5.0,0.52,10.0,0.51,5.0,0.55,5.0,0.61,10.0,0.03,0.03,619.34429,1776218720000
1776218721.879,21.879,0.45,5.0,0.39,10.0,0.48,10.0,0.49,5.0,0.52,10.0,0.51,5.0,0.55,5.0,0.61,10.0,0.03,0.03,619.34341,1776218721000
1776218722.922,22.922,0.45,5.0,0.39,10.0,0.48,10.0,0.49,5.0,0.52,10.0,0.51,5.0,0.55,5.0,0.61,10.0,0.03,0.03,619.34551,1776218722000
1776218724.137,24.137,0.45,5.0,0.39,10.0,0.48,10.0,0.49,5.0,0.52,10.0,0.51,5.0,0.55,5.0,0.61,10.0,0.03,0.03,619.34545,1776218723000
1776218725.172,25.172,0.45,5.0,0.39,10.0,0.48,10.0,0.49,5.0,0.52,10.0,0.51,5.0,0.55,5.0,0.61,10.0,0.03,0.03,619.329377,1776218724000
1776218726.194,26.194,0.45,5.0,0.39,10.0,0.48,10.0,0.49,5.0,0.52,10.0,0.51,5.0,0.55,5.0,0.61,10.0,0.03,0.03,619.33635,1776218725000
1776218727.691,27.691,0.45,5.0,0.39,10.0,0.48,10.0,0.49,5.0,0.52,10.0,0.51,5.0,0.55,5.0,0.61,10.0,0.03,0.03,619.35298,1776218726000
1776218728.23,28.23,0.45,5.0,0.39,10.0,0.48,10.0,0.49,5.0,0.52,10.0,0.51,5.0,0.55,5.0,0.61,10.0,0.03,0.03,619.35116,1776218727000
1776218729.297,29.297,0.45,5.0,0.39,10.0,0.48,10.0,0.49,5.0,0.52,10.0,0.51,5.0,0.55,5.0,0.61,10.0,0.03,0.03,619.342753,1776218728000
1776218730.666,30.666,0.45,5.0,0.39,10.0,0.48,10.0,0.49,5.0,0.52,10.0,0.51,5.0,0.55,5.0,0.61,10.0,0.03,0.03,619.382997,1776218729000
1776218731.326,31.326,0.45,5.0,0.39,10.0,0.48,10.0,0.49,5.0,0.52,10.0,0.51,5.0,0.55,5.0,0.61,10.0,0.03,0.03,619.385797,1776218730000
1776218732.472,32.472,0.45,5.0,0.39,10.0,0.48,10.0,0.49,5.0,0.52,10.0,0.51,5.0,0.55,5.0,0.61,10.0,0.03,0.03,619.404888,1776218731000
1776218733.004,33.004,0.45,5.0,0.39,10.0,0.48,10.0,0.49,5.0,0.52,10.0,0.51,5.0,0.55,5.0,0.61,10.0,0.03,0.03,619.405085,1776218732000
1776218734.218,34.218,0.45,5.0,0.39,10.0,0.48,10.0,0.49,5.0,0.52,10.0,0.51,5.0,0.55,5.0,0.61,10.0,0.03,0.03,619.39326,1776218733000
1776218735.618,35.618,0.45,5.0,0.39,10.0,0.48,10.0,0.49,5.0,0.52,10.0,0.51,5.0,0.55,5.0,0.61,10.0,0.03,0.03,619.38472,1776218734000
1776218735.977,35.977,0.44,5.0,0.39,10.0,0.49,10.0,0.5,8.24,0.52,10.0,0.51,5.0,0.55,5.0,0.61,10.0,0.05,0.03,619.38472,1776218734000
1776218736.356,36.356,0.44,5.0,0.39,10.0,0.49,10.0,0.5,8.24,0.51,10.0,0.5,8.24,0.56,5.0,0.61,10.0,0.05,0.05,619.38472,1776218735000
1776218736.961,36.961,0.44,5.0,0.39,10.0,0.49,10.0,0.5,8.24,0.51,10.0,0.5,8.24,0.56,5.0,0.61,10.0,0.05,0.05,619.3851,1776218736000
1776218738.121,38.121,0.44,5.0,0.39,10.0,0.49,10.0,0.5,8.24,0.51,10.0,0.5,8.24,0.56,5.0,0.61,10.0,0.05,0.05,619.377662,1776218737000
1776218739.31,39.31,0.44,5.0,0.39,10.0,0.49,10.0,0.5,8.24,0.51,10.0,0.5,8.24,0.56,5.0,0.61,10.0,0.05,0.05,619.376452,1776218738000
1776218740.498,40.498,0.44,5.0,0.39,10.0,0.49,10.0,0.5,8.24,0.51,10.0,0.5,8.24,0.56,5.0,0.61,10.0,0.05,0.05,619.3307,1776218739000
1776218741.061,41.061,0.44,5.0,0.39,10.0,0.49,10.0,0.5,8.24,0.51,10.0,0.5,8.24,0.56,5.0,0.61,10.0,0.05,0.05,619.32575,1776218740000
1776218742.201,42.201,0.44,5.0,0.39,10.0,0.49,10.0,0.5,8.24,0.51,10.0,0.5,8.24,0.56,5.0,0.61,10.0,0.05,0.05,619.318763,1776218741000
1776218742.452,42.452,0.4,5.0,0.39,10.0,0.49,10.0,0.5,8.24,0.51,10.0,0.5,8.24,0.56,5.0,0.61,10.0,0.09,0.05,619.318763,1776218741000
1776218743.335,43.335,0.4,5.0,0.39,10.0,0.49,10.0,0.5,8.24,0.51,10.0,0.5,8.24,0.6,5.0,0.61,10.0,0.09,0.09,619.32285,1776218742000
1776218744.321,44.321,0.4,5.0,0.39,10.0,0.49,10.0,0.5,8.24,0.51,10.0,0.5,8.24,0.6,5.0,0.61,10.0,0.09,0.09,619.32185,1776218743000
1776218745.38,45.38,0.4,5.0,0.39,10.0,0.49,10.0,0.5,8.24,0.51,10.0,0.5,8.24,0.6,5.0,0.61,10.0,0.09,0.09,619.301537,1776218744000
1776218745.864,45.864,0.4,5.0,0.39,10.0,0.49,10.0,0.5,8.24,0.51,10.0,0.5,8.24,0.6,5.0,0.61,10.0,0.09,0.09,619.306877,1776218745000
1776218746.923,46.923,0.4,5.0,0.39,10.0,0.49,10.0,0.5,8.24,0.51,10.0,0.5,8.24,0.6,5.0,0.61,10.0,0.09,0.09,619.29195,1776218746000
1776218748.162,48.162,0.4,5.0,0.39,10.0,0.49,10.0,0.5,8.24,0.51,10.0,0.5,8.24,0.6,5.0,0.61,10.0,0.09,0.09,619.290735,1776218747000
1776218749.339,49.339,0.4,5.0,0.39,10.0,0.49,10.0,0.5,8.24,0.51,10.0,0.5,8.24,0.6,5.0,0.61,10.0,0.09,0.09,619.293051,1776218748000
1776218750.319,50.319,0.4,5.0,0.39,10.0,0.49,10.0,0.5,8.24,0.51,10.0,0.5,8.24,0.6,5.0,0.61,10.0,0.09,0.09,619.286685,1776218749000
1776218751.134,51.134,0.4,5.0,0.39,10.0,0.49,10.0,0.5,8.24,0.51,10.0,0.5,8.24,0.6,5.0,0.61,10.0,0.09,0.09,619.292371,1776218750000
1776218752.341,52.341,0.4,5.0,0.39,10.0,0.49,10.0,0.5,8.24,0.51,10.0,0.5,8.24,0.6,5.0,0.61,10.0,0.09,0.09,619.29679,1776218751000
1776218753.546,53.546,0.4,5.0,0.39,10.0,0.49,10.0,0.5,8.24,0.51,10.0,0.5,8.24,0.6,5.0,0.61,10.0,0.09,0.09,619.30108,1776218752000
1776218754.468,54.468,0.4,5.0,0.39,10.0,0.49,10.0,0.5,8.24,0.51,10.0,0.5,8.24,0.6,5.0,0.61,10.0,0.09,0.09,619.30173,1776218753000
1776218755.198,55.198,0.4,5.0,0.39,10.0,0.49,10.0,0.5,8.24,0.51,10.0,0.5,8.24,0.6,5.0,0.61,10.0,0.09,0.09,619.331238,1776218754000
1776218756.294,56.294,0.4,5.0,0.39,10.0,0.49,10.0,0.5,8.24,0.51,10.0,0.5,8.24,0.6,5.0,0.61,10.0,0.09,0.09,619.316577,1776218755000
1776218757.855,57.855,0.4,5.0,0.39,10.0,0.49,10.0,0.5,8.24,0.51,10.0,0.5,8.24,0.6,5.0,0.61,10.0,0.09,0.09,619.32249,1776218756000
1776218761.425,61.425,0.4,5.0,0.39,10.0,0.49,10.0,0.5,8.24,0.51,10.0,0.5,8.24,0.6,5.0,0.61,10.0,0.09,0.09,619.289446,1776218760000
1776218761.889,61.889,0.4,5.0,0.39,10.0,0.49,10.0,0.5,8.24,0.51,10.0,0.5,8.24,0.6,5.0,0.61,10.0,0.09,0.09,619.289446,1776218761000
1776218763.163,63.163,0.4,5.0,0.39,10.0,0.49,10.0,0.5,8.24,0.51,10.0,0.5,8.24,0.6,5.0,0.61,10.0,0.09,0.09,619.286271,1776218762000
1776218764.145,64.145,0.4,5.0,0.39,10.0,0.49,10.0,0.5,8.24,0.51,10.0,0.5,8.24,0.6,5.0,0.61,10.0,0.09,0.09,619.290215,1776218763000
1776218765.175,65.175,0.4,5.0,0.39,10.0,0.49,10.0,0.5,8.24,0.51,10.0,0.5,8.24,0.6,5.0,0.61,10.0,0.09,0.09,619.284165,1776218764000
1776218766.204,66.204,0.4,5.0,0.39,10.0,0.49,10.0,0.5,8.24,0.51,10.0,0.5,8.24,0.6,5.0,0.61,10.0,0.09,0.09,619.308588,1776218765000
1776218767.241,67.241,0.4,5.0,0.39,10.0,0.49,10.0,0.5,8.24,0.51,10.0,0.5,8.24,0.6,5.0,0.61,10.0,0.09,0.09,619.311155,1776218766000
1776218768.265,68.265,0.4,5.0,0.39,10.0,0.49,10.0,0.5,8.24,0.51,10.0,0.5,8.24,0.6,5.0,0.61,10.0,0.09,0.09,619.311201,1776218767000
1776218769.334,69.334,0.4,5.0,0.39,10.0,0.49,10.0,0.5,8.24,0.51,10.0,0.5,8.24,0.6,5.0,0.61,10.0,0.09,0.09,619.31859,1776218768000
1776218770.462,70.462,0.4,5.0,0.39,10.0,0.49,10.0,0.5,8.24,0.51,10.0,0.5,8.24,0.6,5.0,0.61,10.0,0.09,0.09,619.331845,1776218769000
1776218770.937,70.937,0.4,5.0,0.39,10.0,0.49,10.0,0.5,8.24,0.51,10.0,0.5,8.24,0.6,5.0,0.61,10.0,0.09,0.09,619.33039,1776218770000
1776218772.082,72.082,0.4,5.0,0.39,10.0,0.49,10.0,0.5,8.24,0.51,10.0,0.5,8.24,0.6,5.0,0.61,10.0,0.09,0.09,619.315989,1776218771000
1776218773.09,73.09,0.4,5.0,0.39,10.0,0.49,10.0,0.5,8.24,0.51,10.0,0.5,8.24,0.6,5.0,0.61,10.0,0.09,0.09,619.307491,1776218772000
1776218774.054,74.054,0.4,5.0,0.39,10.0,0.49,10.0,0.5,8.24,0.51,10.0,0.5,8.24,0.6,5.0,0.61,10.0,0.09,0.09,619.312109,1776218773000
1776218775.17,75.17,0.4,5.0,0.39,10.0,0.49,10.0,0.5,8.24,0.51,10.0,0.5,8.24,0.6,5.0,0.61,10.0,0.09,0.09,619.307491,1776218774000
1776218776.54,76.54,0.4,5.0,0.39,10.0,0.49,10.0,0.5,8.24,0.51,10.0,0.5,8.24,0.6,5.0,0.61,10.0,0.09,0.09,619.283654,1776218775000
1776218777.176,77.176,0.4,5.0,0.39,10.0,0.49,10.0,0.5,8.24,0.51,10.0,0.5,8.24,0.6,5.0,0.61,10.0,0.09,0.09,619.283486,1776218776000
1776218778.467,78.467,0.4,5.0,0.39,10.0,0.49,10.0,0.5,8.24,0.51,10.0,0.5,8.24,0.6,5.0,0.61,10.0,0.09,0.09,619.300462,1776218777000
1776218779.217,79.217,0.4,5.0,0.39,10.0,0.49,10.0,0.5,8.24,0.51,10.0,0.5,8.24,0.6,5.0,0.61,10.0,0.09,0.09,619.30295,1776218778000
1776218780.614,80.614,0.4,5.0,0.39,10.0,0.49,10.0,0.5,8.24,0.51,10.0,0.5,8.24,0.6,5.0,0.61,10.0,0.09,0.09,619.289976,1776218779000
1776218781.224,81.224,0.4,5.0,0.39,10.0,0.49,10.0,0.5,8.24,0.51,10.0,0.5,8.24,0.6,5.0,0.61,10.0,0.09,0.09,619.2908,1776218780000
1776218781.885,81.885,0.3,5.0,0.25,13.9,0.41,55.0,0.45,10.0,0.51,10.0,0.5,8.24,0.6,5.0,0.61,10.0,0.11,0.09,619.2908,1776218780000
1776218782.616,82.616,0.3,5.0,0.25,13.9,0.41,55.0,0.45,10.0,0.59,55.0,0.55,10.0,0.7,5.0,0.75,13.9,0.11,0.11,619.27077,1776218781000
1776218783.244,83.244,0.3,5.0,0.25,13.9,0.41,55.0,0.45,10.0,0.59,55.0,0.55,10.0,0.7,5.0,0.75,13.9,0.11,0.11,619.26752,1776218782000
1776218784.445,84.445,0.3,5.0,0.25,13.9,0.41,55.0,0.45,10.0,0.59,55.0,0.55,10.0,0.7,5.0,0.75,13.9,0.11,0.11,619.174987,1776218783000
1776218784.767,84.767,0.31,5.0,0.3,5.0,0.4,10.8,0.41,65.7,0.59,55.0,0.55,10.0,0.7,5.0,0.75,13.9,0.09,0.11,619.174987,1776218783000
1776218785.091,85.091,0.31,5.0,0.3,5.0,0.4,10.8,0.41,65.7,0.6,10.8,0.59,65.7,0.69,5.0,0.7,5.0,0.09,0.09,619.16399,1776218784000
1776218786.355,86.355,0.31,5.0,0.3,5.0,0.4,10.8,0.41,65.7,0.6,10.8,0.59,65.7,0.69,5.0,0.7,5.0,0.09,0.09,619.15555,1776218785000
1776218786.972,86.972,0.31,5.0,0.3,5.0,0.4,10.8,0.41,65.7,0.6,10.8,0.59,65.7,0.69,5.0,0.7,5.0,0.09,0.09,619.15749,1776218786000
1776218788.233,88.233,0.31,5.0,0.3,5.0,0.4,10.8,0.41,65.7,0.6,10.8,0.59,65.7,0.69,5.0,0.7,5.0,0.09,0.09,619.17109,1776218787000
1776218789.441,89.441,0.31,5.0,0.3,5.0,0.4,10.8,0.41,65.7,0.6,10.8,0.59,65.7,0.69,5.0,0.7,5.0,0.09,0.09,619.17124,1776218788000
1776218790.088,90.088,0.31,5.0,0.3,5.0,0.4,10.8,0.41,65.7,0.6,10.8,0.59,65.7,0.69,5.0,0.7,5.0,0.09,0.09,619.16904,1776218789000
1776218791.341,91.341,0.31,3.41,0.3,5.0,0.4,15.8,0.41,65.7,0.6,10.8,0.59,65.7,0.69,5.0,0.7,5.0,0.09,0.09,619.16904,1776218789000
1776218792.097,92.097,0.31,3.41,0.3,5.0,0.4,15.8,0.41,65.7,0.6,15.8,0.59,65.7,0.69,3.41,0.7,5.0,0.09,0.09,619.164,1776218791000
1776218792.843,92.843,0.25,6.83,0.24,24.3,0.4,15.8,0.41,65.7,0.6,15.8,0.59,65.7,0.69,3.41,0.7,5.0,0.15,0.09,619.164,1776218791000
1776218793.666,93.666,0.25,6.83,0.24,24.3,0.4,15.8,0.41,65.7,0.6,15.8,0.59,65.7,0.75,6.83,0.76,24.3,0.15,0.15,619.16215,1776218792000
1776218794.705,94.705,0.25,6.83,0.24,24.3,0.4,15.8,0.41,65.7,0.6,15.8,0.59,65.7,0.75,6.83,0.76,24.3,0.15,0.15,619.16127,1776218793000
1776218795.422,95.422,0.25,6.83,0.24,24.3,0.4,15.8,0.41,65.7,0.6,15.8,0.59,65.7,0.75,6.83,0.76,24.3,0.15,0.15,619.16127,1776218794000
1776218796.214,96.214,0.25,6.83,0.24,24.3,0.4,15.8,0.41,65.7,0.6,15.8,0.59,65.7,0.75,6.83,0.76,24.3,0.15,0.15,619.16151,1776218795000
1776218797.676,97.676,0.25,6.83,0.24,24.3,0.4,15.8,0.41,65.7,0.6,15.8,0.59,65.7,0.75,6.83,0.76,24.3,0.15,0.15,619.16718,1776218796000
1776218798.462,98.462,0.25,6.83,0.24,24.3,0.4,15.8,0.41,65.7,0.6,15.8,0.59,65.7,0.75,6.83,0.76,24.3,0.15,0.15,619.16711,1776218797000
1776218799.104,99.104,0.25,6.83,0.24,24.3,0.4,15.8,0.41,65.7,0.6,15.8,0.59,65.7,0.75,6.83,0.76,24.3,0.15,0.15,619.16611,1776218798000
1776218799.341,99.341,0.26,10.0,0.25,6.83,0.4,9.05,0.41,65.7,0.6,15.8,0.59,65.7,0.75,6.83,0.76,24.3,0.14,0.15,619.16611,1776218798000
1776218800.556,100.556,0.26,10.0,0.25,6.83,0.4,9.05,0.41,65.7,0.6,9.05,0.59,65.7,0.74,10.0,0.75,6.83,0.14,0.14,619.16087,1776218799000
1776218801.255,101.255,0.26,10.0,0.25,6.83,0.4,9.05,0.41,65.7,0.6,9.05,0.59,65.7,0.74,10.0,0.75,6.83,0.14,0.14,619.16097,1776218800000
1776218802.652,102.652,0.26,10.0,0.25,6.83,0.4,9.05,0.41,65.7,0.6,9.05,0.59,65.7,0.74,10.0,0.75,6.83,0.14,0.14,619.14229,1776218801000
1776218803.398,103.398,0.26,10.0,0.25,6.83,0.4,9.05,0.41,65.7,0.6,9.05,0.59,65.7,0.74,10.0,0.75,6.83,0.14,0.14,619.147277,1776218802000
1776218804.125,104.125,0.26,10.0,0.25,6.83,0.4,9.05,0.41,65.7,0.6,9.05,0.59,65.7,0.74,10.0,0.75,6.83,0.14,0.14,619.15225,1776218803000
1776218805.522,105.522,0.26,10.0,0.25,6.83,0.4,9.05,0.41,65.7,0.6,9.05,0.59,65.7,0.74,10.0,0.75,6.83,0.14,0.14,619.15389,1776218804000
1776218806.207,106.207,0.26,10.0,0.25,6.83,0.4,9.05,0.41,65.7,0.6,9.05,0.59,65.7,0.74,10.0,0.75,6.83,0.14,0.14,619.15909,1776218805000
1776218807.582,107.582,0.26,10.0,0.25,6.83,0.4,9.05,0.41,65.7,0.6,9.05,0.59,65.7,0.74,10.0,0.75,6.83,0.14,0.14,619.125707,1776218806000
1776218808.262,108.262,0.26,10.0,0.25,6.83,0.4,9.05,0.41,65.7,0.6,9.05,0.59,65.7,0.74,10.0,0.75,6.83,0.14,0.14,619.113487,1776218807000
1776218809.595,109.595,0.26,10.0,0.25,6.83,0.4,9.05,0.41,65.7,0.6,9.05,0.59,65.7,0.74,10.0,0.75,6.83,0.14,0.14,619.112024,1776218808000
1776218810.659,110.659,0.26,10.0,0.25,6.83,0.4,9.05,0.41,65.7,0.6,9.05,0.59,65.7,0.74,10.0,0.75,6.83,0.14,0.14,619.111481,1776218809000
1776218811.177,111.177,0.26,10.0,0.25,6.83,0.4,9.05,0.41,65.7,0.6,9.05,0.59,65.7,0.74,10.0,0.75,6.83,0.14,0.14,619.122341,1776218810000
1776218812.223,112.223,0.26,10.0,0.25,6.83,0.4,9.05,0.41,65.7,0.6,9.05,0.59,65.7,0.74,10.0,0.75,6.83,0.14,0.14,619.122415,1776218811000
1776218813.226,113.226,0.26,10.0,0.25,6.83,0.4,9.05,0.41,65.7,0.6,9.05,0.59,65.7,0.74,10.0,0.75,6.83,0.14,0.14,619.115,1776218812000
1776218814.258,114.258,0.26,10.0,0.25,6.83,0.4,9.05,0.41,65.7,0.6,9.05,0.59,65.7,0.74,10.0,0.75,6.83,0.14,0.14,619.11495,1776218813000
1776218815.266,115.266,0.26,10.0,0.25,6.83,0.4,9.05,0.41,65.7,0.6,9.05,0.59,65.7,0.74,10.0,0.75,6.83,0.14,0.14,619.11655,1776218814000
1776218816.265,116.265,0.26,10.0,0.25,6.83,0.4,9.05,0.41,65.7,0.6,9.05,0.59,65.7,0.74,10.0,0.75,6.83,0.14,0.14,619.12191,1776218815000
1776218817.229,117.229,0.26,10.0,0.25,6.83,0.4,9.05,0.41,65.7,0.6,9.05,0.59,65.7,0.74,10.0,0.75,6.83,0.14,0.14,619.12235,1776218816000
1776218818.356,118.356,0.26,10.0,0.25,6.83,0.4,9.05,0.41,65.7,0.6,9.05,0.59,65.7,0.74,10.0,0.75,6.83,0.14,0.14,619.11634,1776218817000
1776218819.349,119.349,0.26,10.0,0.25,6.83,0.4,9.05,0.41,65.7,0.6,9.05,0.59,65.7,0.74,10.0,0.75,6.83,0.14,0.14,619.1131,1776218818000
1776218819.952,119.952,0.26,10.0,0.25,6.83,0.4,9.05,0.41,65.7,0.6,9.05,0.59,65.7,0.74,10.0,0.75,6.83,0.14,0.14,619.11454,1776218819000
1776218821.055,121.055,0.26,10.0,0.25,6.83,0.4,9.05,0.41,65.7,0.6,9.05,0.59,65.7,0.74,10.0,0.75,6.83,0.14,0.14,619.11509,1776218820000
1776218822.009,122.009,0.26,10.0,0.25,6.83,0.4,9.05,0.41,65.7,0.6,9.05,0.59,65.7,0.74,10.0,0.75,6.83,0.14,0.14,619.10202,1776218821000
1776218823.036,123.036,0.26,10.0,0.25,6.83,0.4,9.05,0.41,65.7,0.6,9.05,0.59,65.7,0.74,10.0,0.75,6.83,0.14,0.14,619.09357,1776218822000
1776218824.071,124.071,0.26,10.0,0.25,6.83,0.4,9.05,0.41,65.7,0.6,9.05,0.59,65.7,0.74,10.0,0.75,6.83,0.14,0.14,619.08448,1776218823000
1776218825.207,125.207,0.26,10.0,0.25,6.83,0.4,9.05,0.41,65.7,0.6,9.05,0.59,65.7,0.74,10.0,0.75,6.83,0.14,0.14,619.0848,1776218824000
1776218826.259,126.259,0.26,10.0,0.25,6.83,0.4,9.05,0.41,65.7,0.6,9.05,0.59,65.7,0.74,10.0,0.75,6.83,0.14,0.14,619.08178,1776218825000
1776218827.324,127.324,0.26,10.0,0.25,6.83,0.4,9.05,0.41,65.7,0.6,9.05,0.59,65.7,0.74,10.0,0.75,6.83,0.14,0.14,619.08025,1776218826000
1776218827.828,127.828,0.22,5.0,0.19,16.89,0.33,11.8,0.34,16.6,0.67,11.8,0.66,16.6,0.78,5.0,0.81,16.89,0.11,0.11,619.07978,1776218827000
1776218828.839,128.839,0.22,5.0,0.19,16.89,0.33,11.8,0.34,16.6,0.67,11.8,0.66,16.6,0.78,5.0,0.81,16.89,0.11,0.11,619.08048,1776218828000
1776218829.982,129.982,0.22,5.0,0.19,16.89,0.33,11.8,0.34,16.6,0.67,11.8,0.66,16.6,0.78,5.0,0.81,16.89,0.11,0.11,619.0817,1776218829000
1776218830.991,130.991,0.22,5.0,0.19,16.89,0.33,11.8,0.34,16.6,0.67,11.8,0.66,16.6,0.78,5.0,0.81,16.89,0.11,0.11,619.07338,1776218830000
1776218832.005,132.005,0.22,5.0,0.19,16.89,0.33,11.8,0.34,16.6,0.67,11.8,0.66,16.6,0.78,5.0,0.81,16.89,0.11,0.11,619.067272,1776218831000
1776218832.984,132.984,0.22,5.0,0.19,16.89,0.33,11.8,0.34,16.6,0.67,11.8,0.66,16.6,0.78,5.0,0.81,16.89,0.11,0.11,619.07883,1776218832000
1776218834.018,134.018,0.22,5.0,0.19,16.89,0.33,11.8,0.34,16.6,0.67,11.8,0.66,16.6,0.78,5.0,0.81,16.89,0.11,0.11,619.127379,1776218833000
1776218834.974,134.974,0.22,5.0,0.19,16.89,0.33,11.8,0.34,16.6,0.67,11.8,0.66,16.6,0.78,5.0,0.81,16.89,0.11,0.11,619.17092,1776218834000
1776218836.015,136.015,0.22,5.0,0.19,16.89,0.33,11.8,0.34,16.6,0.67,11.8,0.66,16.6,0.78,5.0,0.81,16.89,0.11,0.11,619.1725,1776218835000
1776218837.534,137.534,0.22,5.0,0.19,16.89,0.33,11.8,0.34,16.6,0.67,11.8,0.66,16.6,0.78,5.0,0.81,16.89,0.11,0.11,619.17251,1776218836000
1776218838.061,138.061,0.22,5.0,0.19,16.89,0.33,11.8,0.34,16.6,0.67,11.8,0.66,16.6,0.78,5.0,0.81,16.89,0.11,0.11,619.20005,1776218837000
1776218839.058,139.058,0.22,5.0,0.19,16.89,0.33,11.8,0.34,16.6,0.67,11.8,0.66,16.6,0.78,5.0,0.81,16.89,0.11,0.11,619.198944,1776218838000
1776218840.172,140.172,0.22,5.0,0.19,16.89,0.33,11.8,0.34,16.6,0.67,11.8,0.66,16.6,0.78,5.0,0.81,16.89,0.11,0.11,619.189207,1776218839000
1776218841.203,141.203,0.22,5.0,0.19,16.89,0.33,11.8,0.34,16.6,0.67,11.8,0.66,16.6,0.78,5.0,0.81,16.89,0.11,0.11,619.19566,1776218840000
1776218842.201,142.201,0.22,5.0,0.19,16.89,0.33,11.8,0.34,16.6,0.67,11.8,0.66,16.6,0.78,5.0,0.81,16.89,0.11,0.11,619.169087,1776218841000
1776218843.265,143.265,0.22,5.0,0.19,16.89,0.33,11.8,0.34,16.6,0.67,11.8,0.66,16.6,0.78,5.0,0.81,16.89,0.11,0.11,619.170144,1776218842000
1776218844.257,144.257,0.22,5.0,0.19,16.89,0.33,11.8,0.34,16.6,0.67,11.8,0.66,16.6,0.78,5.0,0.81,16.89,0.11,0.11,619.14163,1776218843000
1776218845.318,145.318,0.22,5.0,0.19,16.89,0.33,11.8,0.34,16.6,0.67,11.8,0.66,16.6,0.78,5.0,0.81,16.89,0.11,0.11,619.138067,1776218844000
1776218846.367,146.367,0.22,5.0,0.19,16.89,0.33,11.8,0.34,16.6,0.67,11.8,0.66,16.6,0.78,5.0,0.81,16.89,0.11,0.11,619.139427,1776218845000
1776218846.822,146.822,0.23,5.0,0.22,15.2,0.35,5.0,0.36,5.0,0.65,5.0,0.64,5.0,0.77,5.0,0.78,15.2,0.12,0.12,619.140207,1776218846000
1776218847.896,147.896,0.23,5.0,0.22,15.2,0.35,5.0,0.36,5.0,0.65,5.0,0.64,5.0,0.77,5.0,0.78,15.2,0.12,0.12,619.13265,1776218847000
1776218848.399,148.399,0.22,5.48,0.21,15.7,0.36,10.0,0.37,11.2,0.65,5.0,0.64,5.0,0.77,5.0,0.78,15.2,0.14,0.12,619.13265,1776218847000
1776218848.903,148.903,0.22,5.48,0.21,15.7,0.36,10.0,0.37,11.2,0.64,10.0,0.63,11.2,0.78,5.48,0.79,15.7,0.14,0.14,619.12513,1776218848000
1776218849.885,149.885,0.22,5.48,0.21,15.7,0.36,10.0,0.37,11.2,0.64,10.0,0.63,11.2,0.78,5.48,0.79,15.7,0.14,0.14,619.1311,1776218849000
1776218851.29,151.29,0.22,5.48,0.21,15.7,0.36,10.0,0.37,11.2,0.64,10.0,0.63,11.2,0.78,5.48,0.79,15.7,0.14,0.14,619.1312,1776218850000
1776218851.848,151.848,0.22,5.48,0.21,15.7,0.36,10.0,0.37,11.2,0.64,10.0,0.63,11.2,0.78,5.48,0.79,15.7,0.14,0.14,619.13673,1776218851000
1776218852.878,152.878,0.22,5.48,0.21,15.7,0.36,10.0,0.37,11.2,0.64,10.0,0.63,11.2,0.78,5.48,0.79,15.7,0.14,0.14,619.133641,1776218852000
1776218853.877,153.877,0.22,5.48,0.21,15.7,0.36,10.0,0.37,11.2,0.64,10.0,0.63,11.2,0.78,5.48,0.79,15.7,0.14,0.14,619.125259,1776218853000
1776218854.161,154.161,0.21,15.7,0.2,16.2,0.36,10.0,0.37,11.2,0.64,10.0,0.63,11.2,0.78,5.48,0.79,15.7,0.15,0.14,619.125259,1776218853000
1776218854.983,154.983,0.21,15.7,0.2,16.2,0.36,10.0,0.37,11.2,0.64,10.0,0.63,11.2,0.79,15.7,0.8,16.2,0.15,0.15,619.122971,1776218854000
1776218855.54,155.54,0.21,7.23,0.2,16.2,0.36,21.3,0.37,11.2,0.64,10.0,0.63,11.2,0.79,15.7,0.8,16.2,0.15,0.15,619.122971,1776218854000
1776218856.149,156.149,0.21,7.23,0.2,16.2,0.36,21.3,0.37,11.2,0.64,21.3,0.63,11.2,0.79,7.23,0.8,16.2,0.15,0.15,619.13841,1776218855000
1776218857.075,157.075,0.21,7.23,0.2,16.2,0.36,21.3,0.37,11.2,0.64,21.3,0.63,11.2,0.79,7.23,0.8,16.2,0.15,0.15,619.133635,1776218856000
1776218858.265,158.265,0.21,7.23,0.2,16.2,0.36,21.3,0.37,11.2,0.64,21.3,0.63,11.2,0.79,7.23,0.8,16.2,0.15,0.15,619.13972,1776218857000
1776218859.165,159.165,0.21,7.23,0.2,16.2,0.36,21.3,0.37,11.2,0.64,21.3,0.63,11.2,0.79,7.23,0.8,16.2,0.15,0.15,619.148049,1776218858000
1776218860.282,160.282,0.21,7.23,0.2,16.2,0.36,21.3,0.37,11.2,0.64,21.3,0.63,11.2,0.79,7.23,0.8,16.2,0.15,0.15,619.13681,1776218859000
1776218861.294,161.294,0.21,7.23,0.2,16.2,0.36,21.3,0.37,11.2,0.64,21.3,0.63,11.2,0.79,7.23,0.8,16.2,0.15,0.15,619.128531,1776218860000
1776218862.437,162.437,0.21,7.23,0.2,16.2,0.36,21.3,0.37,11.2,0.64,21.3,0.63,11.2,0.79,7.23,0.8,16.2,0.15,0.15,619.110413,1776218861000
1776218862.939,162.939,0.21,7.23,0.2,16.2,0.36,21.3,0.37,11.2,0.64,21.3,0.63,11.2,0.79,7.23,0.8,16.2,0.15,0.15,619.115825,1776218862000
1776218865.828,165.828,0.21,7.23,0.2,16.2,0.36,21.3,0.37,11.2,0.64,21.3,0.63,11.2,0.79,7.23,0.8,16.2,0.15,0.15,619.11992,1776218864000
1776218866.224,166.224,0.21,7.23,0.2,16.2,0.36,21.3,0.37,11.2,0.64,21.3,0.63,11.2,0.79,7.23,0.8,16.2,0.15,0.15,619.11992,1776218865000
1776218867.172,167.172,0.21,7.23,0.2,16.2,0.36,21.3,0.37,11.2,0.64,21.3,0.63,11.2,0.79,7.23,0.8,16.2,0.15,0.15,619.118847,1776218866000
1776218868.226,168.226,0.21,7.23,0.2,16.2,0.36,21.3,0.37,11.2,0.64,21.3,0.63,11.2,0.79,7.23,0.8,16.2,0.15,0.15,619.124803,1776218867000
1776218869.204,169.204,0.21,7.23,0.2,16.2,0.36,21.3,0.37,11.2,0.64,21.3,0.63,11.2,0.79,7.23,0.8,16.2,0.15,0.15,619.126226,1776218868000
1776218870.19,170.19,0.21,7.23,0.2,16.2,0.36,21.3,0.37,11.2,0.64,21.3,0.63,11.2,0.79,7.23,0.8,16.2,0.15,0.15,619.126022,1776218869000
1776218871.159,171.159,0.21,7.23,0.2,16.2,0.36,21.3,0.37,11.2,0.64,21.3,0.63,11.2,0.79,7.23,0.8,16.2,0.15,0.15,619.11957,1776218870000
1776218871.678,171.678,0.19,15.64,0.18,17.6,0.29,5.0,0.31,50.0,0.64,21.3,0.63,11.2,0.79,7.23,0.8,16.2,0.1,0.15,619.11957,1776218870000
1776218872.173,172.173,0.19,15.64,0.18,17.6,0.29,5.0,0.31,50.0,0.71,5.0,0.69,50.0,0.81,15.64,0.82,17.6,0.1,0.1,619.11598,1776218871000
1776218873.136,173.136,0.19,15.64,0.18,17.6,0.29,5.0,0.31,50.0,0.71,5.0,0.69,50.0,0.81,15.64,0.82,17.6,0.1,0.1,619.12318,1776218872000
1776218874.166,174.166,0.19,15.64,0.18,17.6,0.29,5.0,0.31,50.0,0.71,5.0,0.69,50.0,0.81,15.64,0.82,17.6,0.1,0.1,619.1247,1776218873000
1776218875.045,175.045,0.19,15.64,0.18,17.6,0.29,5.0,0.31,50.0,0.71,5.0,0.69,50.0,0.81,15.64,0.82,17.6,0.1,0.1,619.12843,1776218874000
1776218875.382,175.382,0.17,18.39,0.16,19.3,0.31,50.0,0.32,11.9,0.71,5.0,0.69,50.0,0.81,15.64,0.82,17.6,0.14,0.1,619.12843,1776218874000
1776218876.047,176.047,0.17,18.39,0.16,19.3,0.31,50.0,0.32,11.9,0.69,50.0,0.68,11.9,0.83,18.39,0.84,19.3,0.14,0.14,619.12439,1776218875000
1776218877.049,177.049,0.17,18.39,0.16,19.3,0.31,50.0,0.32,11.9,0.69,50.0,0.68,11.9,0.83,18.39,0.84,19.3,0.14,0.14,619.10728,1776218876000
1776218878.388,178.388,0.17,18.39,0.16,19.3,0.31,50.0,0.32,11.9,0.69,50.0,0.68,11.9,0.83,18.39,0.84,19.3,0.14,0.14,619.12422,1776218877000
1776218878.934,178.934,0.17,18.39,0.16,19.3,0.31,50.0,0.32,11.9,0.69,50.0,0.68,11.9,0.83,18.39,0.84,19.3,0.14,0.14,619.1402,1776218878000
1776218879.939,179.939,0.17,18.39,0.16,19.3,0.31,50.0,0.32,11.9,0.69,50.0,0.68,11.9,0.83,18.39,0.84,19.3,0.14,0.14,619.12493,1776218879000
1776218881.164,181.164,0.17,18.39,0.16,19.3,0.31,50.0,0.32,11.9,0.69,50.0,0.68,11.9,0.83,18.39,0.84,19.3,0.14,0.14,619.106116,1776218880000
1776218881.919,181.919,0.13,7.87,0.11,26.6,0.27,18.2,0.28,12.9,0.69,50.0,0.68,11.9,0.83,18.39,0.84,19.3,0.14,0.14,619.106116,1776218880000
1776218882.29,182.29,0.13,7.87,0.11,26.6,0.27,18.2,0.28,12.9,0.73,18.2,0.72,12.9,0.87,7.87,0.89,26.6,0.14,0.14,619.081725,1776218881000
1776218883.34,183.34,0.13,7.87,0.11,26.6,0.27,18.2,0.28,12.9,0.73,18.2,0.72,12.9,0.87,7.87,0.89,26.6,0.14,0.14,619.082979,1776218882000
1776218884.465,184.465,0.13,7.87,0.11,26.6,0.27,18.2,0.28,12.9,0.73,18.2,0.72,12.9,0.87,7.87,0.89,26.6,0.14,0.14,619.09872,1776218883000
1776218884.987,184.987,0.13,7.87,0.11,26.6,0.27,18.2,0.28,12.9,0.73,18.2,0.72,12.9,0.87,7.87,0.89,26.6,0.14,0.14,619.09896,1776218884000
1776218886.043,186.043,0.13,7.87,0.11,26.6,0.27,18.2,0.28,12.9,0.73,18.2,0.72,12.9,0.87,7.87,0.89,26.6,0.14,0.14,619.09629,1776218885000
1776218887.089,187.089,0.13,7.87,0.11,26.6,0.27,18.2,0.28,12.9,0.73,18.2,0.72,12.9,0.87,7.87,0.89,26.6,0.14,0.14,619.109811,1776218886000
1776218888.181,188.181,0.13,7.87,0.11,26.6,0.27,18.2,0.28,12.9,0.73,18.2,0.72,12.9,0.87,7.87,0.89,26.6,0.14,0.14,619.110419,1776218887000
1776218889.218,189.218,0.13,7.87,0.11,26.6,0.27,18.2,0.28,12.9,0.73,18.2,0.72,12.9,0.87,7.87,0.89,26.6,0.14,0.14,619.114853,1776218888000
1776218890.41,190.41,0.13,7.87,0.11,26.6,0.27,18.2,0.28,12.9,0.73,18.2,0.72,12.9,0.87,7.87,0.89,26.6,0.14,0.14,619.104171,1776218889000
1776218890.949,190.949,0.13,7.87,0.11,26.6,0.27,18.2,0.28,12.9,0.73,18.2,0.72,12.9,0.87,7.87,0.89,26.6,0.14,0.14,619.105273,1776218890000
1776218892.527,192.527,0.13,7.87,0.11,26.6,0.27,18.2,0.28,12.9,0.73,18.2,0.72,12.9,0.87,7.87,0.89,26.6,0.14,0.14,619.102644,1776218891000
1776218893.051,193.051,0.13,7.87,0.11,26.6,0.27,18.2,0.28,12.9,0.73,18.2,0.72,12.9,0.87,7.87,0.89,26.6,0.14,0.14,619.080755,1776218892000
1776218894.163,194.163,0.13,7.87,0.11,26.6,0.27,18.2,0.28,12.9,0.73,18.2,0.72,12.9,0.87,7.87,0.89,26.6,0.14,0.14,619.080755,1776218893000
1776218895.313,195.313,0.13,7.87,0.11,26.6,0.27,18.2,0.28,12.9,0.73,18.2,0.72,12.9,0.87,7.87,0.89,26.6,0.14,0.14,619.089531,1776218894000
1776218895.911,195.911,0.13,7.87,0.11,26.6,0.27,18.2,0.28,12.9,0.73,18.2,0.72,12.9,0.87,7.87,0.89,26.6,0.14,0.14,619.088476,1776218895000
1776218897.039,197.039,0.13,7.87,0.11,26.6,0.27,18.2,0.28,12.9,0.73,18.2,0.72,12.9,0.87,7.87,0.89,26.6,0.14,0.14,619.088476,1776218896000
1776218898.244,198.244,0.13,7.87,0.11,26.6,0.27,18.2,0.28,12.9,0.73,18.2,0.72,12.9,0.87,7.87,0.89,26.6,0.14,0.14,619.089234,1776218897000
1776218899.259,199.259,0.13,7.87,0.11,26.6,0.27,18.2,0.28,12.9,0.73,18.2,0.72,12.9,0.87,7.87,0.89,26.6,0.14,0.14,619.089317,1776218898000
1776218900.324,200.324,0.13,7.87,0.11,26.6,0.27,18.2,0.28,12.9,0.73,18.2,0.72,12.9,0.87,7.87,0.89,26.6,0.14,0.14,619.078079,1776218899000
1776218900.908,200.908,0.13,7.87,0.11,26.6,0.27,18.2,0.28,12.9,0.73,18.2,0.72,12.9,0.87,7.87,0.89,26.6,0.14,0.14,619.083978,1776218900000
1776218902.079,202.079,0.13,7.87,0.11,26.6,0.27,18.2,0.28,12.9,0.73,18.2,0.72,12.9,0.87,7.87,0.89,26.6,0.14,0.14,619.086659,1776218901000
1776218903.121,203.121,0.13,7.87,0.11,26.6,0.27,18.2,0.28,12.9,0.73,18.2,0.72,12.9,0.87,7.87,0.89,26.6,0.14,0.14,619.095767,1776218902000
1776218904.235,204.235,0.13,7.87,0.11,26.6,0.27,18.2,0.28,12.9,0.73,18.2,0.72,12.9,0.87,7.87,0.89,26.6,0.14,0.14,619.114796,1776218903000
1776218905.3,205.3,0.13,7.87,0.11,26.6,0.27,18.2,0.28,12.9,0.73,18.2,0.72,12.9,0.87,7.87,0.89,26.6,0.14,0.14,619.114829,1776218904000
1776218905.953,205.953,0.13,7.87,0.11,26.6,0.27,18.2,0.28,12.9,0.73,18.2,0.72,12.9,0.87,7.87,0.89,26.6,0.14,0.14,619.114829,1776218905000
1776218907.688,207.688,0.13,7.87,0.11,26.6,0.27,18.2,0.28,12.9,0.73,18.2,0.72,12.9,0.87,7.87,0.89,26.6,0.14,0.14,619.08085,1776218906000
1776218908.291,208.291,0.13,7.87,0.11,26.6,0.27,18.2,0.28,12.9,0.73,18.2,0.72,12.9,0.87,7.87,0.89,26.6,0.14,0.14,619.065402,1776218907000
1776218909.427,209.427,0.13,7.87,0.11,26.6,0.27,18.2,0.28,12.9,0.73,18.2,0.72,12.9,0.87,7.87,0.89,26.6,0.14,0.14,619.065402,1776218908000
1776218910.027,210.027,0.13,7.87,0.11,26.6,0.27,18.2,0.28,12.9,0.73,18.2,0.72,12.9,0.87,7.87,0.89,26.6,0.14,0.14,619.115001,1776218909000
1776218910.769,210.769,0.09,16.2,0.08,35.29,0.18,22.6,0.24,14.3,0.73,18.2,0.72,12.9,0.87,7.87,0.89,26.6,0.09,0.14,619.115001,1776218909000
1776218911.56,211.56,0.09,16.2,0.08,35.29,0.18,22.6,0.24,14.3,0.82,22.6,0.76,14.3,0.91,16.2,0.92,35.29,0.09,0.09,619.073161,1776218910000
1776218912.149,212.149,0.09,16.2,0.08,35.29,0.18,22.6,0.24,14.3,0.82,22.6,0.76,14.3,0.91,16.2,0.92,35.29,0.09,0.09,619.113334,1776218911000
1776218913.664,213.664,0.09,16.2,0.08,35.29,0.18,22.6,0.24,14.3,0.82,22.6,0.76,14.3,0.91,16.2,0.92,35.29,0.09,0.09,619.095189,1776218912000
1776218913.968,213.968,0.07,16.29,0.06,46.1,0.18,22.6,0.23,14.7,0.82,22.6,0.76,14.3,0.91,16.2,0.92,35.29,0.11,0.09,619.095189,1776218912000
1776218914.429,214.429,0.07,16.29,0.06,46.1,0.18,22.6,0.23,14.7,0.82,22.6,0.77,14.7,0.89,26.6,0.93,16.29,0.11,0.07,619.095886,1776218913000
1776218915.122,215.122,0.07,16.29,0.06,46.1,0.18,22.6,0.23,14.7,0.82,22.6,0.77,14.7,0.89,26.6,0.93,16.29,0.11,0.07,619.118151,1776218914000
1776218916.484,216.484,0.07,16.29,0.06,46.1,0.18,22.6,0.23,14.7,0.82,22.6,0.77,14.7,0.89,26.6,0.93,16.29,0.11,0.07,619.119671,1776218915000
1776218917.102,217.102,0.07,16.29,0.06,46.1,0.18,22.6,0.23,14.7,0.82,22.6,0.77,14.7,0.89,26.6,0.93,16.29,0.11,0.07,619.094979,1776218916000
1776218918.364,218.364,0.07,16.29,0.06,46.1,0.18,22.6,0.23,14.7,0.82,22.6,0.77,14.7,0.89,26.6,0.93,16.29,0.11,0.07,619.076506,1776218917000
1776218919.142,219.142,0.07,16.29,0.06,46.1,0.18,22.6,0.23,14.7,0.82,22.6,0.77,14.7,0.89,26.6,0.93,16.29,0.11,0.07,619.08742,1776218918000
1776218920.312,220.312,0.07,16.29,0.06,46.1,0.18,22.6,0.23,14.7,0.82,22.6,0.77,14.7,0.89,26.6,0.93,16.29,0.11,0.07,619.085105,1776218919000
1776218921.519,221.519,0.07,16.29,0.06,46.1,0.18,22.6,0.23,14.7,0.82,22.6,0.77,14.7,0.89,26.6,0.93,16.29,0.11,0.07,619.09339,1776218920000
1776218922.217,222.217,0.07,16.29,0.06,46.1,0.18,22.6,0.23,14.7,0.82,22.6,0.77,14.7,0.89,26.6,0.93,16.29,0.11,0.07,619.094061,1776218921000
1776218923.434,223.434,0.07,16.29,0.06,46.1,0.18,22.6,0.23,14.7,0.82,22.6,0.77,14.7,0.89,26.6,0.93,16.29,0.11,0.07,619.087112,1776218922000
1776218924.351,224.351,0.07,16.29,0.06,46.1,0.18,22.6,0.23,14.7,0.82,22.6,0.77,14.7,0.89,26.6,0.93,16.29,0.11,0.07,619.065081,1776218923000
1776218924.918,224.918,0.07,16.29,0.06,46.1,0.18,22.6,0.23,14.7,0.82,22.6,0.77,14.7,0.89,26.6,0.93,16.29,0.11,0.07,619.077882,1776218924000
1776218925.445,225.445,0.04,70.61,0.03,189.3,0.15,25.39,0.16,19.3,0.82,22.6,0.77,14.7,0.89,26.6,0.93,16.29,0.11,0.07,619.077882,1776218924000
1776218926.114,226.114,0.04,70.61,0.03,189.3,0.15,25.39,0.16,19.3,0.85,25.39,0.84,19.3,0.96,70.61,0.97,189.3,0.11,0.11,619.075005,1776218925000
1776218927.066,227.066,0.04,68.52,0.03,189.3,0.15,25.39,0.16,19.3,0.85,25.39,0.84,19.3,0.96,68.52,0.97,189.3,0.11,0.11,619.06691,1776218926000
1776218928.216,228.216,0.04,68.52,0.03,189.3,0.15,25.39,0.16,19.3,0.85,25.39,0.84,19.3,0.96,68.52,0.97,189.3,0.11,0.11,619.066856,1776218927000
1776218929.289,229.289,0.04,68.52,0.03,189.3,0.15,25.39,0.16,19.3,0.85,25.39,0.84,19.3,0.96,68.52,0.97,189.3,0.11,0.11,619.064822,1776218928000
1776218929.906,229.906,0.04,68.52,0.03,189.3,0.15,25.39,0.16,19.3,0.85,25.39,0.84,19.3,0.96,68.52,0.97,189.3,0.11,0.11,619.064822,1776218929000
1776218930.94,230.94,0.04,68.52,0.03,189.3,0.15,25.39,0.16,19.3,0.85,25.39,0.84,19.3,0.96,68.52,0.97,189.3,0.11,0.11,619.070409,1776218930000
1776218932.012,232.012,0.04,68.52,0.03,189.3,0.15,25.39,0.16,19.3,0.85,25.39,0.84,19.3,0.96,68.52,0.97,189.3,0.11,0.11,619.090955,1776218931000
1776218933.158,233.158,0.04,68.52,0.03,189.3,0.15,25.39,0.16,19.3,0.85,25.39,0.84,19.3,0.96,68.52,0.97,189.3,0.11,0.11,619.073155,1776218932000
1776218934.266,234.266,0.04,68.52,0.03,189.3,0.15,25.39,0.16,19.3,0.85,25.39,0.84,19.3,0.96,68.52,0.97,189.3,0.11,0.11,619.04823,1776218933000
1776218935.313,235.313,0.04,68.52,0.03,189.3,0.15,25.39,0.16,19.3,0.85,25.39,0.84,19.3,0.96,68.52,0.97,189.3,0.11,0.11,619.00663,1776218934000
1776218935.947,235.947,0.04,68.52,0.03,189.3,0.15,25.39,0.16,19.3,0.85,25.39,0.84,19.3,0.96,68.52,0.97,189.3,0.11,0.11,619.012126,1776218935000
1776218936.998,236.998,0.04,68.52,0.03,189.3,0.15,25.39,0.16,19.3,0.85,25.39,0.84,19.3,0.96,68.52,0.97,189.3,0.11,0.11,619.023252,1776218936000
1776218938.075,238.075,0.04,58.1,0.03,189.3,0.14,26.6,0.15,20.39,0.85,25.39,0.84,19.3,0.96,68.52,0.97,189.3,0.1,0.11,619.023252,1776218936000
1776218939.288,239.288,0.04,58.1,0.03,189.3,0.14,26.6,0.15,20.39,0.86,26.6,0.85,20.39,0.96,58.1,0.97,189.3,0.1,0.1,619.016721,1776218937000
1776218940.24,240.24,0.04,58.1,0.03,189.3,0.14,26.6,0.15,20.39,0.86,26.6,0.85,20.39,0.96,58.1,0.97,189.3,0.1,0.1,619.026764,1776218938000
1776218941.226,241.226,0.04,58.1,0.03,189.3,0.14,26.6,0.15,20.39,0.86,26.6,0.85,20.39,0.96,58.1,0.97,189.3,0.1,0.1,619.01001,1776218939000
1776218942.217,242.217,0.04,58.1,0.03,189.3,0.14,26.6,0.15,20.39,0.86,26.6,0.85,20.39,0.96,58.1,0.97,189.3,0.1,0.1,619.001405,1776218940000
1776218943.298,243.298,0.04,58.1,0.03,189.3,0.14,26.6,0.15,20.39,0.86,26.6,0.85,20.39,0.96,58.1,0.97,189.3,0.1,0.1,618.983158,1776218941000
1776218944.351,244.351,0.04,58.1,0.03,189.3,0.14,26.6,0.15,20.39,0.86,26.6,0.85,20.39,0.96,58.1,0.97,189.3,0.1,0.1,618.964699,1776218942000
1776218945.234,245.234,0.03,94.0,0.02,142.69,0.1,28.9,0.11,31.6,0.86,26.6,0.85,20.39,0.96,58.1,0.97,189.3,0.07,0.1,618.964699,1776218942000
1776218946.098,246.098,0.03,94.0,0.02,142.69,0.1,28.9,0.11,31.6,0.9,28.9,0.89,31.6,0.97,94.0,0.98,142.69,0.07,0.07,618.97066,1776218944000
1776218947.116,247.116,0.03,94.0,0.02,142.69,0.1,28.9,0.11,31.6,0.9,28.9,0.89,31.6,0.97,94.0,0.98,142.69,0.07,0.07,618.980078,1776218945000
1776218948.124,248.124,0.03,94.0,0.02,142.69,0.1,28.9,0.11,31.6,0.9,28.9,0.89,31.6,0.97,94.0,0.98,142.69,0.07,0.07,618.98946,1776218946000
1776218949.24,249.24,0.03,94.0,0.02,142.69,0.1,28.9,0.11,31.6,0.9,28.9,0.89,31.6,0.97,94.0,0.98,142.69,0.07,0.07,619.003594,1776218947000
1776218949.768,249.768,0.03,73.38,0.02,142.69,0.08,35.29,0.09,36.7,0.9,28.9,0.89,31.6,0.97,94.0,0.98,142.69,0.05,0.07,619.003594,1776218947000
1776218950.151,250.151,0.03,73.38,0.02,142.69,0.08,35.29,0.09,36.7,0.92,35.29,0.91,36.7,0.97,73.38,0.98,142.69,0.05,0.05,618.975526,1776218948000
1776218951.138,251.138,0.03,73.38,0.02,142.69,0.08,35.29,0.09,36.7,0.92,35.29,0.91,36.7,0.97,73.38,0.98,142.69,0.05,0.05,618.975526,1776218949000
1776218951.876,251.876,0.03,64.05,0.02,10.0,0.07,39.9,0.08,40.29,0.93,39.9,0.92,40.29,0.97,64.05,0.98,10.0,0.04,0.04,618.964562,1776218950000
1776218952.614,252.614,0.03,64.05,0.02,10.0,0.07,39.9,0.08,40.29,0.93,39.9,0.92,40.29,0.97,64.05,0.98,10.0,0.04,0.04,618.985597,1776218951000
1776218953.275,253.275,0.03,64.05,0.02,10.0,0.07,39.9,0.08,40.29,0.93,39.9,0.92,40.29,0.97,64.05,0.98,10.0,0.04,0.04,618.985597,1776218952000
1776218954.83,254.83,0.03,64.05,0.02,142.69,0.08,25.47,0.09,36.7,0.92,25.47,0.91,36.7,0.97,64.05,0.98,142.69,0.05,0.05,618.990737,1776218953000
1776218955.526,255.526,0.03,64.05,0.02,142.69,0.08,25.47,0.09,36.7,0.92,25.47,0.91,36.7,0.97,64.05,0.98,142.69,0.05,0.05,618.970732,1776218954000
1776218956.273,256.273,0.03,64.05,0.02,142.69,0.08,25.47,0.09,36.7,0.92,25.47,0.91,36.7,0.97,64.05,0.98,142.69,0.05,0.05,618.988482,1776218955000
1776218956.476,256.476,0.03,32.03,0.02,10.0,0.04,10.0,0.06,5.0,0.92,25.47,0.91,36.7,0.97,64.05,0.98,142.69,0.01,0.05,618.988482,1776218955000
1776218957.603,257.603,0.03,32.03,0.02,10.0,0.04,10.0,0.06,5.0,0.96,10.0,0.94,5.0,0.97,32.03,0.98,10.0,0.01,0.01,619.01013,1776218956000
1776218958.346,258.346,0.03,32.03,0.02,10.0,0.04,10.0,0.06,5.0,0.96,10.0,0.94,5.0,0.97,32.03,0.98,10.0,0.01,0.01,619.01044,1776218957000
1776218959.056,259.056,0.03,32.03,0.02,10.0,0.04,10.0,0.06,5.0,0.96,10.0,0.94,5.0,0.97,32.03,0.98,10.0,0.01,0.01,619.03625,1776218958000
1776218960.995,260.995,0.03,32.03,0.02,10.0,0.04,10.0,0.06,5.0,0.96,10.0,0.94,5.0,0.97,32.03,0.98,10.0,0.01,0.01,619.02951,1776218959000
1776218961.509,261.509,0.03,32.03,0.02,10.0,0.04,10.0,0.06,5.0,0.96,10.0,0.94,5.0,0.97,32.03,0.98,10.0,0.01,0.01,619.02776,1776218960000
1776218962.119,262.119,0.03,32.03,0.02,10.0,0.04,10.0,0.06,5.0,0.96,10.0,0.94,5.0,0.97,32.03,0.98,10.0,0.01,0.01,619.038309,1776218961000
1776218962.557,262.557,0.02,10.0,0.01,662.6,0.04,10.0,0.05,54.7,0.96,10.0,0.94,5.0,0.97,32.03,0.98,10.0,0.02,0.01,619.038309,1776218961000
1776218963.28,263.28,0.02,10.0,0.01,662.6,0.04,10.0,0.05,54.7,0.96,10.0,0.95,54.7,0.98,10.0,0.99,662.6,0.02,0.02,619.04143,1776218962000
1776218964.489,264.489,0.02,10.0,0.01,662.6,0.04,10.0,0.05,54.7,0.96,10.0,0.95,54.7,0.98,10.0,0.99,662.6,0.02,0.02,619.04139,1776218963000
1776218964.971,264.971,0.02,10.0,0.01,662.6,0.04,10.0,0.05,54.7,0.96,10.0,0.95,54.7,0.98,10.0,0.99,662.6,0.02,0.02,619.04141,1776218964000
1776218966.17,266.17,0.02,10.0,0.01,662.6,0.04,10.0,0.05,54.7,0.96,10.0,0.95,54.7,0.98,10.0,0.99,662.6,0.02,0.02,619.04154,1776218965000
1776218967.295,267.295,0.02,10.0,0.01,662.6,0.04,10.0,0.05,54.7,0.96,10.0,0.95,54.7,0.98,10.0,0.99,662.6,0.02,0.02,619.037996,1776218966000
1776218968.276,268.276,0.01,390.0,,,0.04,77.7,0.05,54.7,0.96,10.0,0.95,54.7,0.98,10.0,0.99,662.6,0.03,0.02,619.037996,1776218966000
1776218968.96,268.96,0.01,390.0,,,0.04,77.7,0.05,54.7,0.96,77.7,0.95,54.7,0.99,390.0,,,0.03,0.03,619.011281,1776218968000
1776218970.109,270.109,0.01,390.0,,,0.04,77.7,0.05,54.7,0.96,77.7,0.95,54.7,0.99,390.0,,,0.03,0.03,619.009266,1776218969000
1776218971.198,271.198,0.01,390.0,,,0.04,77.7,0.05,54.7,0.96,77.7,0.95,54.7,0.99,390.0,,,0.03,0.03,618.999733,1776218970000
1776218972.425,272.425,0.01,388.98,,,0.04,77.7,0.05,54.7,0.96,77.7,0.95,54.7,0.99,390.0,,,0.03,0.03,618.999733,1776218970000
1776218972.798,272.798,0.01,388.98,,,0.04,77.7,0.05,54.7,0.96,77.7,0.95,54.7,0.99,388.98,,,0.03,0.03,619.01801,1776218971000
1776218973.403,273.403,0.01,388.98,,,0.04,77.7,0.05,54.7,0.96,77.7,0.95,54.7,0.99,388.98,,,0.03,0.03,619.025836,1776218972000
1776218974.029,274.029,0.01,388.98,,,0.04,77.7,0.05,54.7,0.96,77.7,0.95,54.7,0.99,388.98,,,0.03,0.03,619.025836,1776218973000
1776218975.089,275.089,0.01,388.98,,,0.04,77.7,0.05,54.7,0.96,77.7,0.95,54.7,0.99,388.98,,,0.03,0.03,619.00624,1776218974000
1776218976.409,276.409,0.01,388.98,,,0.04,77.7,0.05,54.7,0.96,77.7,0.95,54.7,0.99,388.98,,,0.03,0.03,619.00583,1776218975000
1776218976.921,276.921,0.01,388.98,,,0.04,77.7,0.05,54.7,0.96,77.7,0.95,54.7,0.99,388.98,,,0.03,0.03,619.00553,1776218976000
1776218978.063,278.063,0.01,388.98,,,0.04,77.7,0.05,54.7,0.96,77.7,0.95,54.7,0.99,388.98,,,0.03,0.03,618.99863,1776218977000
1776218979.392,279.392,0.01,388.98,,,0.04,77.7,0.05,54.7,0.96,77.7,0.95,54.7,0.99,388.98,,,0.03,0.03,618.98607,1776218978000
1776218979.937,279.937,0.01,388.98,,,0.04,77.7,0.05,54.7,0.96,77.7,0.95,54.7,0.99,388.98,,,0.03,0.03,618.987979,1776218979000
1776218981.113,281.113,0.01,388.98,,,0.04,77.7,0.05,54.7,0.96,77.7,0.95,54.7,0.99,388.98,,,0.03,0.03,618.98999,1776218980000
1776218982.216,282.216,0.01,388.98,,,0.04,77.7,0.05,54.7,0.96,77.7,0.95,54.7,0.99,388.98,,,0.03,0.03,619.003507,1776218981000
1776218983.434,283.434,0.01,388.98,,,0.04,77.7,0.05,54.7,0.96,77.7,0.95,54.7,0.99,388.98,,,0.03,0.03,618.997045,1776218982000
1776218984.017,284.017,0.01,388.98,,,0.04,77.7,0.05,54.7,0.96,77.7,0.95,54.7,0.99,388.98,,,0.03,0.03,619.009136,1776218983000
1776218985.089,285.089,0.01,388.98,,,0.04,77.7,0.05,54.7,0.96,77.7,0.95,54.7,0.99,388.98,,,0.03,0.03,619.00908,1776218984000
1776218986.464,286.464,0.01,388.98,,,0.04,77.7,0.05,54.7,0.96,77.7,0.95,54.7,0.99,388.98,,,0.03,0.03,619.00622,1776218985000
1776218987.038,287.038,0.01,388.98,,,0.04,77.7,0.05,54.7,0.96,77.7,0.95,54.7,0.99,388.98,,,0.03,0.03,618.990892,1776218986000
1776218988.231,288.231,0.01,388.98,,,0.04,77.7,0.05,54.7,0.96,77.7,0.95,54.7,0.99,388.98,,,0.03,0.03,618.986617,1776218987000
1776218989.34,289.34,0.01,388.98,,,0.04,77.7,0.05,54.7,0.96,77.7,0.95,54.7,0.99,388.98,,,0.03,0.03,619.00594,1776218988000
1776218990.04,290.04,0.01,388.98,,,0.04,77.7,0.05,54.7,0.96,77.7,0.95,54.7,0.99,388.98,,,0.03,0.03,619.00585,1776218989000
1776218990.661,290.661,0.01,307.57,,,0.04,10.0,0.11,50.0,0.96,77.7,0.95,54.7,0.99,388.98,,,0.03,0.03,619.00585,1776218989000
1776218990.939,290.939,,,,,0.01,692.43,0.04,10.0,0.96,10.0,0.89,50.0,0.99,307.57,,,,0.03,619.00585,1776218989000
1776218991.606,291.606,,,,,0.01,592.43,0.04,10.0,0.99,692.43,0.96,10.0,,,,,,,619.00585,1776218989000
1776218991.867,291.867,,,,,0.01,592.43,0.04,10.0,0.99,592.43,0.96,10.0,,,,,,,619.00439,1776218990000
1776218992.314,292.314,,,,,0.01,592.43,0.04,10.0,0.99,592.43,0.96,10.0,,,,,,,619.0046,1776218991000
1776218992.879,292.879,,,,,0.01,592.43,0.04,10.0,0.99,592.43,0.96,10.0,,,,,,,618.97899,1776218992000
1776218993.768,293.768,,,,,0.01,592.43,0.04,10.0,0.99,592.43,0.96,10.0,,,,,,,618.990515,1776218993000
1776218994.879,294.879,,,,,0.01,592.43,0.04,10.0,0.99,592.43,0.96,10.0,,,,,,,619.00122,1776218994000
1776218996.258,296.258,,,,,0.01,592.43,0.04,10.0,0.99,592.43,0.96,10.0,,,,,,,619.00126,1776218995000
1776218997.278,297.278,,,,,0.01,592.43,0.04,10.0,0.99,592.43,0.96,10.0,,,,,,,619.00075,1776218996000
1776218998.209,298.209,,,,,0.01,592.43,0.04,10.0,0.99,592.43,0.96,10.0,,,,,,,619.00672,1776218997000
1776218998.953,298.953,,,,,0.01,2383.53,0.02,8.0,0.99,592.43,0.96,10.0,,,,,,,619.00672,1776218997000
1776218999.194,299.194,,,,,0.01,2383.53,0.02,8.0,0.99,2383.53,0.98,8.0,,,,,,,619.01329,1776218998000
1776219000.171,300.171,,,,,0.01,2383.53,0.02,8.0,0.99,2383.53,0.98,8.0,,,,,,,619.01366,1776218999000
1776219001.131,301.131,,,,,0.01,2383.53,0.02,8.0,0.99,2383.53,0.98,8.0,,,,,,,619.01388,1776219000000
1776219002.123,302.123,,,,,0.01,2383.53,0.02,8.0,0.99,2383.53,0.98,8.0,,,,,,,619.01374,1776219001000

# RESULT,winner=Down,slug=bnb-updown-5m-1776218700,ticks=325
