timestamp,elapsed_sec,up_bid_p1,up_bid_s1,up_bid_p2,up_bid_s2,up_bid_p3,up_bid_s3,up_bid_p4,up_bid_s4,up_bid_p5,up_bid_s5,up_ask_p1,up_ask_s1,up_ask_p2,up_ask_s2,up_ask_p3,up_ask_s3,up_ask_p4,up_ask_s4,up_ask_p5,up_ask_s5,down_bid_p1,down_bid_s1,down_bid_p2,down_bid_s2,down_bid_p3,down_bid_s3,down_bid_p4,down_bid_s4,down_bid_p5,down_bid_s5,down_ask_p1,down_ask_s1,down_ask_p2,down_ask_s2,down_ask_p3,down_ask_s3,down_ask_p4,down_ask_s4,down_ask_p5,down_ask_s5,up_spread,down_spread,bnb_price,bnb_oracle_ts
1776166511.526,11.526,0.5,5.0,0.49,5.0,0.43,16.0,0.42,5.0,0.41,55.0,0.59,10.0,0.6,5.0,0.61,5.0,0.64,13.0,0.67,5.0,0.41,10.0,0.4,5.0,0.39,5.0,0.36,13.0,0.33,5.0,0.5,5.0,0.51,5.0,0.57,16.0,0.58,5.0,0.59,55.0,0.09,0.09,616.109,1776166510000
1776166511.995,11.995,0.5,5.0,0.49,5.0,0.43,16.0,0.42,5.0,0.41,55.0,0.59,10.0,0.6,5.0,0.61,5.0,0.64,13.0,0.67,5.0,0.41,10.0,0.4,5.0,0.39,5.0,0.36,13.0,0.33,5.0,0.5,5.0,0.51,5.0,0.57,16.0,0.58,5.0,0.59,55.0,0.09,0.09,616.109,1776166510000
1776166512.976,12.976,0.5,5.0,0.49,5.0,0.43,16.0,0.42,5.0,0.41,55.0,0.59,10.0,0.6,5.0,0.61,5.0,0.64,13.0,0.67,5.0,0.41,10.0,0.4,5.0,0.39,5.0,0.36,13.0,0.33,5.0,0.5,5.0,0.51,5.0,0.57,16.0,0.58,5.0,0.59,55.0,0.09,0.09,616.182,1776166512000
1776166513.962,13.962,0.5,5.0,0.49,5.0,0.43,16.0,0.42,5.0,0.41,55.0,0.59,10.0,0.6,5.0,0.61,5.0,0.64,13.0,0.67,5.0,0.41,10.0,0.4,5.0,0.39,5.0,0.36,13.0,0.33,5.0,0.5,5.0,0.51,5.0,0.57,16.0,0.58,5.0,0.59,55.0,0.09,0.09,616.182,1776166513000
1776166514.996,14.996,0.5,5.0,0.49,5.0,0.43,16.0,0.42,5.0,0.41,55.0,0.59,10.0,0.6,5.0,0.61,5.0,0.64,13.0,0.67,5.0,0.41,10.0,0.4,5.0,0.39,5.0,0.36,13.0,0.33,5.0,0.5,5.0,0.51,5.0,0.57,16.0,0.58,5.0,0.59,55.0,0.09,0.09,616.172413,1776166514000
1776166515.998,15.998,0.5,5.0,0.49,5.0,0.43,16.0,0.42,5.0,0.41,55.0,0.59,10.0,0.6,5.0,0.61,5.0,0.64,13.0,0.67,5.0,0.41,10.0,0.4,5.0,0.39,5.0,0.36,13.0,0.33,5.0,0.5,5.0,0.51,5.0,0.57,16.0,0.58,5.0,0.59,55.0,0.09,0.09,616.170928,1776166515000
1776166517.051,17.051,0.5,5.0,0.49,5.0,0.43,16.0,0.42,5.0,0.41,55.0,0.59,10.0,0.6,5.0,0.61,5.0,0.64,13.0,0.67,5.0,0.41,10.0,0.4,5.0,0.39,5.0,0.36,13.0,0.33,5.0,0.5,5.0,0.51,5.0,0.57,16.0,0.58,5.0,0.59,55.0,0.09,0.09,616.171,1776166516000
1776166518.085,18.085,0.5,5.0,0.49,5.0,0.43,16.0,0.42,5.0,0.41,55.0,0.59,10.0,0.6,5.0,0.61,5.0,0.64,13.0,0.67,5.0,0.41,10.0,0.4,5.0,0.39,5.0,0.36,13.0,0.33,5.0,0.5,5.0,0.51,5.0,0.57,16.0,0.58,5.0,0.59,55.0,0.09,0.09,616.185,1776166517000
1776166518.977,18.977,0.5,5.0,0.49,5.0,0.43,16.0,0.42,5.0,0.41,55.0,0.59,10.0,0.6,5.0,0.61,5.0,0.64,13.0,0.67,5.0,0.41,10.0,0.4,5.0,0.39,5.0,0.36,13.0,0.33,5.0,0.5,5.0,0.51,5.0,0.57,16.0,0.58,5.0,0.59,55.0,0.09,0.09,616.184,1776166518000
1776166520.019,20.019,0.5,5.0,0.49,5.0,0.43,16.0,0.42,5.0,0.41,55.0,0.59,10.0,0.6,5.0,0.61,5.0,0.64,13.0,0.67,5.0,0.41,10.0,0.4,5.0,0.39,5.0,0.36,13.0,0.33,5.0,0.5,5.0,0.51,5.0,0.57,16.0,0.58,5.0,0.59,55.0,0.09,0.09,616.17104,1776166519000
1776166521.003,21.003,0.5,5.0,0.49,5.0,0.43,16.0,0.42,5.0,0.41,55.0,0.59,10.0,0.6,5.0,0.61,5.0,0.64,13.0,0.67,5.0,0.41,10.0,0.4,5.0,0.39,5.0,0.36,13.0,0.33,5.0,0.5,5.0,0.51,5.0,0.57,16.0,0.58,5.0,0.59,55.0,0.09,0.09,616.182586,1776166520000
1776166522.046,22.046,0.5,5.0,0.49,5.0,0.43,16.0,0.42,5.0,0.41,55.0,0.59,10.0,0.6,5.0,0.61,5.0,0.64,13.0,0.67,5.0,0.41,10.0,0.4,5.0,0.39,5.0,0.36,13.0,0.33,5.0,0.5,5.0,0.51,5.0,0.57,16.0,0.58,5.0,0.59,55.0,0.09,0.09,616.189,1776166521000
1776166522.942,22.942,0.5,5.0,0.49,5.0,0.43,16.0,0.42,5.0,0.41,55.0,0.59,10.0,0.6,5.0,0.61,5.0,0.64,13.0,0.67,5.0,0.41,10.0,0.4,5.0,0.39,5.0,0.36,13.0,0.33,5.0,0.5,5.0,0.51,5.0,0.57,16.0,0.58,5.0,0.59,55.0,0.09,0.09,616.195,1776166522000
1776166523.939,23.939,0.5,5.0,0.49,5.0,0.43,16.0,0.42,5.0,0.41,55.0,0.59,10.0,0.6,5.0,0.61,5.0,0.64,13.0,0.67,5.0,0.41,10.0,0.4,5.0,0.39,5.0,0.36,13.0,0.33,5.0,0.5,5.0,0.51,5.0,0.57,16.0,0.58,5.0,0.59,55.0,0.09,0.09,616.188,1776166523000
1776166524.863,24.863,0.5,5.0,0.49,5.0,0.43,16.0,0.42,5.0,0.41,55.0,0.59,10.0,0.6,5.0,0.61,5.0,0.64,13.0,0.67,5.0,0.41,10.0,0.4,5.0,0.39,5.0,0.36,13.0,0.33,5.0,0.5,5.0,0.51,5.0,0.57,16.0,0.58,5.0,0.59,55.0,0.09,0.09,616.192,1776166524000
1776166526.354,26.354,0.5,5.0,0.49,5.0,0.43,16.0,0.42,5.0,0.41,55.0,0.59,10.0,0.6,5.0,0.61,5.0,0.64,13.0,0.67,5.0,0.41,10.0,0.4,5.0,0.39,5.0,0.36,13.0,0.33,5.0,0.5,5.0,0.51,5.0,0.57,16.0,0.58,5.0,0.59,55.0,0.09,0.09,616.189,1776166525000
1776166526.684,26.684,0.55,5.0,0.54,5.0,0.53,9.43,0.49,10.0,0.43,5.0,0.56,6.36,0.59,10.0,0.65,5.0,0.67,5.0,0.68,5.0,0.41,10.0,0.4,5.0,0.39,5.0,0.36,13.0,0.33,5.0,0.5,5.0,0.51,5.0,0.57,16.0,0.58,5.0,0.59,55.0,0.01,0.09,616.189,1776166525000
1776166527.42,27.42,0.55,5.0,0.54,5.0,0.53,9.43,0.49,10.0,0.43,5.0,0.56,6.36,0.59,10.0,0.65,5.0,0.67,5.0,0.68,5.0,0.44,6.36,0.41,10.0,0.35,5.0,0.33,5.0,0.32,5.0,0.45,5.0,0.46,5.0,0.47,9.43,0.51,10.0,0.57,5.0,0.01,0.01,616.191,1776166526000
1776166527.977,27.977,0.55,5.0,0.54,5.0,0.53,9.43,0.49,15.0,0.48,5.0,0.56,6.45,0.65,5.0,0.67,5.0,0.7,16.0,0.71,50.0,0.44,6.45,0.35,5.0,0.33,5.0,0.3,16.0,0.29,50.0,0.45,5.0,0.46,5.0,0.47,9.43,0.51,15.0,0.52,5.0,0.01,0.01,616.191,1776166527000
1776166528.198,28.198,0.6,11.55,0.55,5.0,0.54,5.0,0.53,9.43,0.49,15.0,0.65,5.0,0.67,5.0,0.7,16.0,0.71,50.0,0.73,15.0,0.44,6.45,0.35,5.0,0.33,5.0,0.3,16.0,0.29,50.0,0.45,5.0,0.46,5.0,0.47,9.43,0.51,15.0,0.52,5.0,0.05,0.01,616.191,1776166527000
1776166529.011,29.011,0.6,11.55,0.55,5.0,0.54,5.0,0.53,9.43,0.49,15.0,0.65,5.0,0.67,5.0,0.7,16.0,0.71,50.0,0.73,15.0,0.35,5.0,0.33,5.0,0.3,16.0,0.29,50.0,0.27,15.0,0.4,11.55,0.45,5.0,0.46,5.0,0.47,9.43,0.51,15.0,0.05,0.05,616.17674,1776166528000
1776166530.161,30.161,0.6,11.55,0.55,5.0,0.54,5.0,0.53,9.43,0.49,15.0,0.65,5.0,0.67,5.0,0.7,16.0,0.71,50.0,0.73,15.0,0.35,5.0,0.33,5.0,0.3,16.0,0.29,50.0,0.27,15.0,0.4,11.55,0.45,5.0,0.46,5.0,0.47,9.43,0.51,15.0,0.05,0.05,616.27483,1776166529000
1776166531.221,31.221,0.6,11.55,0.55,5.0,0.54,5.0,0.53,9.43,0.49,15.0,0.65,5.0,0.67,5.0,0.7,16.0,0.71,50.0,0.73,15.0,0.35,5.0,0.33,5.0,0.3,16.0,0.29,50.0,0.27,15.0,0.4,11.55,0.45,5.0,0.46,5.0,0.47,9.43,0.51,15.0,0.05,0.05,616.272239,1776166530000
1776166532.209,32.209,0.6,11.55,0.55,5.0,0.54,5.0,0.53,9.43,0.49,15.0,0.65,5.0,0.67,5.0,0.7,16.0,0.71,50.0,0.73,15.0,0.35,5.0,0.33,5.0,0.3,16.0,0.29,50.0,0.27,15.0,0.4,11.55,0.45,5.0,0.46,5.0,0.47,9.43,0.51,15.0,0.05,0.05,616.2765,1776166531000
1776166533.321,33.321,0.6,11.55,0.55,5.0,0.54,5.0,0.53,9.43,0.49,15.0,0.65,5.0,0.67,5.0,0.7,16.0,0.71,50.0,0.73,15.0,0.35,5.0,0.33,5.0,0.3,16.0,0.29,50.0,0.27,15.0,0.4,11.55,0.45,5.0,0.46,5.0,0.47,9.43,0.51,15.0,0.05,0.05,616.27285,1776166532000
1776166533.942,33.942,0.6,11.55,0.55,5.0,0.54,5.0,0.53,9.43,0.49,15.0,0.65,5.0,0.67,5.0,0.7,16.0,0.71,50.0,0.73,15.0,0.35,5.0,0.33,5.0,0.3,16.0,0.29,50.0,0.27,15.0,0.4,11.55,0.45,5.0,0.46,5.0,0.47,9.43,0.51,15.0,0.05,0.05,616.27285,1776166533000
1776166535.042,35.042,0.6,11.55,0.55,5.0,0.54,5.0,0.53,9.43,0.49,15.0,0.65,5.0,0.67,5.0,0.7,16.0,0.71,50.0,0.73,15.0,0.35,5.0,0.33,5.0,0.3,16.0,0.29,50.0,0.27,15.0,0.4,11.55,0.45,5.0,0.46,5.0,0.47,9.43,0.51,15.0,0.05,0.05,616.3,1776166534000
1776166536.156,36.156,0.6,11.55,0.55,5.0,0.54,5.0,0.53,9.43,0.49,15.0,0.65,5.0,0.67,5.0,0.7,16.0,0.71,50.0,0.73,15.0,0.35,5.0,0.33,5.0,0.3,16.0,0.29,50.0,0.27,15.0,0.4,11.55,0.45,5.0,0.46,5.0,0.47,9.43,0.51,15.0,0.05,0.05,616.353212,1776166535000
1776166537.282,37.282,0.6,11.55,0.55,5.0,0.54,5.0,0.53,9.43,0.49,15.0,0.65,5.0,0.67,5.0,0.7,16.0,0.71,50.0,0.73,15.0,0.35,5.0,0.33,5.0,0.3,16.0,0.29,50.0,0.27,15.0,0.4,11.55,0.45,5.0,0.46,5.0,0.47,9.43,0.51,15.0,0.05,0.05,616.361,1776166536000
1776166538.385,38.385,0.6,11.55,0.55,5.0,0.54,5.0,0.53,9.43,0.49,15.0,0.65,5.0,0.67,5.0,0.7,16.0,0.71,50.0,0.73,15.0,0.35,5.0,0.33,5.0,0.3,16.0,0.29,50.0,0.27,15.0,0.4,11.55,0.45,5.0,0.46,5.0,0.47,9.43,0.51,15.0,0.05,0.05,616.362,1776166537000
1776166538.938,38.938,0.6,11.55,0.55,5.0,0.54,5.0,0.53,9.43,0.49,15.0,0.65,5.0,0.67,5.0,0.7,16.0,0.71,50.0,0.73,15.0,0.35,5.0,0.33,5.0,0.3,16.0,0.29,50.0,0.27,15.0,0.4,11.55,0.45,5.0,0.46,5.0,0.47,9.43,0.51,15.0,0.05,0.05,616.354,1776166538000
1776166540.428,40.428,0.6,11.55,0.55,5.0,0.54,5.0,0.53,9.43,0.49,15.0,0.65,5.0,0.67,5.0,0.7,16.0,0.71,50.0,0.73,15.0,0.35,5.0,0.33,5.0,0.3,16.0,0.29,50.0,0.27,15.0,0.4,11.55,0.45,5.0,0.46,5.0,0.47,9.43,0.51,15.0,0.05,0.05,616.346,1776166539000
1776166540.95,40.95,0.6,11.55,0.55,5.0,0.54,5.0,0.53,9.43,0.49,15.0,0.65,5.0,0.67,5.0,0.7,16.0,0.71,50.0,0.73,15.0,0.35,5.0,0.33,5.0,0.3,16.0,0.29,50.0,0.27,15.0,0.4,11.55,0.45,5.0,0.46,5.0,0.47,9.43,0.51,15.0,0.05,0.05,616.33178,1776166540000
1776166541.982,41.982,0.6,11.55,0.55,5.0,0.54,5.0,0.53,9.43,0.49,15.0,0.65,5.0,0.67,5.0,0.7,16.0,0.71,50.0,0.73,15.0,0.35,5.0,0.33,5.0,0.3,16.0,0.29,50.0,0.27,15.0,0.4,11.55,0.45,5.0,0.46,5.0,0.47,9.43,0.51,15.0,0.05,0.05,616.335,1776166541000
1776166543.043,43.043,0.6,11.55,0.55,5.0,0.54,5.0,0.53,9.43,0.49,15.0,0.65,5.0,0.67,5.0,0.7,16.0,0.71,50.0,0.73,15.0,0.35,5.0,0.33,5.0,0.3,16.0,0.29,50.0,0.27,15.0,0.4,11.55,0.45,5.0,0.46,5.0,0.47,9.43,0.51,15.0,0.05,0.05,616.33608,1776166542000
1776166543.957,43.957,0.6,11.55,0.55,5.0,0.54,5.0,0.53,9.43,0.49,15.0,0.65,5.0,0.67,5.0,0.7,16.0,0.71,50.0,0.73,15.0,0.35,5.0,0.33,5.0,0.3,16.0,0.29,50.0,0.27,15.0,0.4,11.55,0.45,5.0,0.46,5.0,0.47,9.43,0.51,15.0,0.05,0.05,616.33614,1776166543000
1776166544.932,44.932,0.6,11.55,0.55,5.0,0.54,5.0,0.53,9.43,0.49,15.0,0.65,5.0,0.67,5.0,0.7,16.0,0.71,50.0,0.73,15.0,0.35,5.0,0.33,5.0,0.3,16.0,0.29,50.0,0.27,15.0,0.4,11.55,0.45,5.0,0.46,5.0,0.47,9.43,0.51,15.0,0.05,0.05,616.33769,1776166544000
1776166546.844,46.844,0.6,11.55,0.55,5.0,0.54,5.0,0.53,9.43,0.49,15.0,0.65,5.0,0.67,5.0,0.7,16.0,0.71,50.0,0.73,15.0,0.35,5.0,0.33,5.0,0.3,16.0,0.29,50.0,0.27,15.0,0.4,11.55,0.45,5.0,0.46,5.0,0.47,9.43,0.51,15.0,0.05,0.05,616.329,1776166545000
1776166547.42,47.42,0.6,11.55,0.55,5.0,0.54,5.0,0.53,9.43,0.49,15.0,0.65,5.0,0.67,5.0,0.7,16.0,0.71,50.0,0.73,15.0,0.35,5.0,0.33,5.0,0.3,16.0,0.29,50.0,0.27,15.0,0.4,11.55,0.45,5.0,0.46,5.0,0.47,9.43,0.51,15.0,0.05,0.05,616.324,1776166546000
1776166547.969,47.969,0.6,11.55,0.55,5.0,0.54,5.0,0.53,9.43,0.49,15.0,0.65,5.0,0.67,5.0,0.7,16.0,0.71,50.0,0.73,15.0,0.35,5.0,0.33,5.0,0.3,16.0,0.29,50.0,0.27,15.0,0.4,11.55,0.45,5.0,0.46,5.0,0.47,9.43,0.51,15.0,0.05,0.05,616.326,1776166547000
1776166548.994,48.994,0.6,11.55,0.55,5.0,0.54,5.0,0.53,9.43,0.49,15.0,0.65,5.0,0.67,5.0,0.7,16.0,0.71,50.0,0.73,15.0,0.35,5.0,0.33,5.0,0.3,16.0,0.29,50.0,0.27,15.0,0.4,11.55,0.45,5.0,0.46,5.0,0.47,9.43,0.51,15.0,0.05,0.05,616.338639,1776166548000
1776166549.797,49.797,0.79,1.21,0.67,5.0,0.65,5.0,0.64,5.0,0.6,11.55,0.8,35.0,0.81,60.0,0.82,17.6,0.83,18.39,0.84,19.3,0.35,5.0,0.33,5.0,0.3,16.0,0.29,50.0,0.27,15.0,0.4,11.55,0.45,5.0,0.46,5.0,0.47,9.43,0.51,15.0,0.01,0.05,616.338639,1776166548000
1776166550.129,50.129,0.79,1.21,0.67,5.0,0.65,5.0,0.64,5.0,0.6,11.55,0.8,35.0,0.81,60.0,0.82,17.6,0.83,18.39,0.84,19.3,0.2,35.0,0.19,60.0,0.18,17.6,0.17,18.39,0.16,19.3,0.21,1.21,0.33,5.0,0.35,5.0,0.36,5.0,0.4,11.55,0.01,0.01,616.37,1776166549000
1776166550.473,50.473,0.67,23.0,0.65,5.0,0.64,5.0,0.6,11.55,0.59,5.0,0.77,6.0,0.78,2.0,0.8,25.0,0.81,66.89,0.82,27.6,0.2,35.0,0.19,60.0,0.18,17.6,0.17,18.39,0.16,19.3,0.21,1.21,0.33,5.0,0.35,5.0,0.36,5.0,0.4,11.55,0.1,0.01,616.37,1776166549000
1776166551.091,51.091,0.67,23.0,0.65,5.0,0.64,5.0,0.6,11.55,0.59,5.0,0.77,6.0,0.78,2.0,0.8,25.0,0.81,66.89,0.82,27.6,0.23,6.0,0.22,2.0,0.2,25.0,0.19,66.89,0.18,27.6,0.33,23.0,0.35,5.0,0.36,5.0,0.4,11.55,0.41,5.0,0.1,0.1,616.427,1776166550000
1776166551.32,51.32,0.67,17.0,0.65,5.0,0.64,5.0,0.6,11.55,0.59,5.0,0.77,11.0,0.8,46.2,0.81,66.89,0.82,27.6,0.83,23.39,0.23,6.0,0.22,2.0,0.2,25.0,0.19,66.89,0.18,27.6,0.33,23.0,0.35,5.0,0.36,5.0,0.4,11.55,0.41,5.0,0.1,0.1,616.427,1776166550000
1776166552.134,52.134,0.67,17.0,0.65,5.0,0.64,5.0,0.6,11.55,0.59,5.0,0.77,11.0,0.8,46.2,0.81,66.89,0.82,27.6,0.83,23.39,0.23,11.0,0.2,46.2,0.19,66.89,0.18,27.6,0.17,23.39,0.33,17.0,0.35,5.0,0.36,5.0,0.4,11.55,0.41,5.0,0.1,0.1,616.34646,1776166551000
1776166553.415,53.415,0.67,17.0,0.65,5.0,0.64,5.0,0.6,11.55,0.59,5.0,0.77,11.0,0.8,46.2,0.81,66.89,0.82,27.6,0.83,23.39,0.23,11.0,0.2,46.2,0.19,66.89,0.18,27.6,0.17,23.39,0.33,17.0,0.35,5.0,0.36,5.0,0.4,11.55,0.41,5.0,0.1,0.1,616.311,1776166552000
1776166554.569,54.569,0.67,17.0,0.65,5.0,0.64,5.0,0.6,11.55,0.59,5.0,0.77,11.0,0.8,46.2,0.81,66.89,0.82,27.6,0.83,23.39,0.23,11.0,0.2,46.2,0.19,66.89,0.18,27.6,0.17,23.39,0.33,17.0,0.35,5.0,0.36,5.0,0.4,11.55,0.41,5.0,0.1,0.1,616.286,1776166553000
1776166555.145,55.145,0.67,17.0,0.65,5.0,0.64,5.0,0.6,11.55,0.59,5.0,0.77,11.0,0.8,46.2,0.81,66.89,0.82,27.6,0.83,23.39,0.23,11.0,0.2,46.2,0.19,66.89,0.18,27.6,0.17,23.39,0.33,17.0,0.35,5.0,0.36,5.0,0.4,11.55,0.41,5.0,0.1,0.1,616.306,1776166554000
1776166556.465,56.465,0.67,17.0,0.65,5.0,0.64,5.0,0.6,11.55,0.59,5.0,0.77,11.0,0.8,46.2,0.81,66.89,0.82,27.6,0.83,23.39,0.23,11.0,0.2,46.2,0.19,66.89,0.18,27.6,0.17,23.39,0.33,17.0,0.35,5.0,0.36,5.0,0.4,11.55,0.41,5.0,0.1,0.1,616.308,1776166555000
1776166557.141,57.141,0.67,17.0,0.65,5.0,0.64,5.0,0.6,11.55,0.59,5.0,0.77,11.0,0.8,46.2,0.81,66.89,0.82,27.6,0.83,23.39,0.23,11.0,0.2,46.2,0.19,66.89,0.18,27.6,0.17,23.39,0.33,17.0,0.35,5.0,0.36,5.0,0.4,11.55,0.41,5.0,0.1,0.1,616.311,1776166556000
1776166558.362,58.362,0.67,17.0,0.65,5.0,0.64,5.0,0.6,11.55,0.59,5.0,0.77,11.0,0.8,46.2,0.81,66.89,0.82,27.6,0.83,23.39,0.23,11.0,0.2,46.2,0.19,66.89,0.18,27.6,0.17,23.39,0.33,17.0,0.35,5.0,0.36,5.0,0.4,11.55,0.41,5.0,0.1,0.1,616.319733,1776166557000
1776166559.678,59.678,0.67,17.0,0.65,5.0,0.64,5.0,0.6,11.55,0.59,5.0,0.77,11.0,0.8,46.2,0.81,66.89,0.82,27.6,0.83,23.39,0.23,11.0,0.2,46.2,0.19,66.89,0.18,27.6,0.17,23.39,0.33,17.0,0.35,5.0,0.36,5.0,0.4,11.55,0.41,5.0,0.1,0.1,616.319,1776166558000
1776166560.442,60.442,0.67,17.0,0.65,5.0,0.64,5.0,0.6,11.55,0.59,5.0,0.77,11.0,0.8,46.2,0.81,66.89,0.82,27.6,0.83,23.39,0.23,11.0,0.2,46.2,0.19,66.89,0.18,27.6,0.17,23.39,0.33,17.0,0.35,5.0,0.36,5.0,0.4,11.55,0.41,5.0,0.1,0.1,616.319,1776166559000
1776166561.115,61.115,0.67,17.0,0.65,5.0,0.64,5.0,0.6,11.55,0.59,5.0,0.77,11.0,0.8,46.2,0.81,66.89,0.82,27.6,0.83,23.39,0.23,11.0,0.2,46.2,0.19,66.89,0.18,27.6,0.17,23.39,0.33,17.0,0.35,5.0,0.36,5.0,0.4,11.55,0.41,5.0,0.1,0.1,616.32,1776166560000
1776166562.477,62.477,0.67,17.0,0.65,5.0,0.64,5.0,0.6,11.55,0.59,5.0,0.77,11.0,0.8,46.2,0.81,66.89,0.82,27.6,0.83,23.39,0.23,11.0,0.2,46.2,0.19,66.89,0.18,27.6,0.17,23.39,0.33,17.0,0.35,5.0,0.36,5.0,0.4,11.55,0.41,5.0,0.1,0.1,616.32,1776166561000
1776166563.074,63.074,0.67,17.0,0.65,5.0,0.64,5.0,0.6,11.55,0.59,5.0,0.77,11.0,0.8,46.2,0.81,66.89,0.82,27.6,0.83,23.39,0.23,11.0,0.2,46.2,0.19,66.89,0.18,27.6,0.17,23.39,0.33,17.0,0.35,5.0,0.36,5.0,0.4,11.55,0.41,5.0,0.1,0.1,616.314,1776166562000
1776166564.509,64.509,0.67,17.0,0.65,5.0,0.64,5.0,0.6,11.55,0.59,5.0,0.77,11.0,0.8,46.2,0.81,66.89,0.82,27.6,0.83,23.39,0.23,11.0,0.2,46.2,0.19,66.89,0.18,27.6,0.17,23.39,0.33,17.0,0.35,5.0,0.36,5.0,0.4,11.55,0.41,5.0,0.1,0.1,616.353,1776166563000
1776166565.264,65.264,0.67,17.0,0.65,5.0,0.64,5.0,0.6,11.55,0.59,5.0,0.77,11.0,0.8,46.2,0.81,66.89,0.82,27.6,0.83,23.39,0.23,11.0,0.2,46.2,0.19,66.89,0.18,27.6,0.17,23.39,0.33,17.0,0.35,5.0,0.36,5.0,0.4,11.55,0.41,5.0,0.1,0.1,616.353,1776166564000
1776166566.353,66.353,0.67,17.0,0.65,5.0,0.64,5.0,0.6,11.55,0.59,5.0,0.77,11.0,0.8,46.2,0.81,66.89,0.82,27.6,0.83,23.39,0.23,11.0,0.2,46.2,0.19,66.89,0.18,27.6,0.17,23.39,0.33,17.0,0.35,5.0,0.36,5.0,0.4,11.55,0.41,5.0,0.1,0.1,616.36,1776166565000
1776166567.771,67.771,0.67,17.0,0.65,5.0,0.64,5.0,0.6,11.55,0.59,5.0,0.77,11.0,0.8,46.2,0.81,66.89,0.82,27.6,0.83,23.39,0.23,11.0,0.2,46.2,0.19,66.89,0.18,27.6,0.17,23.39,0.33,17.0,0.35,5.0,0.36,5.0,0.4,11.55,0.41,5.0,0.1,0.1,616.324679,1776166566000
1776166568.478,68.478,0.67,17.0,0.65,5.0,0.64,5.0,0.6,11.55,0.59,5.0,0.77,11.0,0.8,46.2,0.81,66.89,0.82,27.6,0.83,23.39,0.23,11.0,0.2,46.2,0.19,66.89,0.18,27.6,0.17,23.39,0.33,17.0,0.35,5.0,0.36,5.0,0.4,11.55,0.41,5.0,0.1,0.1,616.324679,1776166567000
1776166569.06,69.06,0.67,17.0,0.65,5.0,0.64,5.0,0.6,11.55,0.59,5.0,0.77,11.0,0.8,46.2,0.81,66.89,0.82,27.6,0.83,23.39,0.23,11.0,0.2,46.2,0.19,66.89,0.18,27.6,0.17,23.39,0.33,17.0,0.35,5.0,0.36,5.0,0.4,11.55,0.41,5.0,0.1,0.1,616.326955,1776166568000
1776166570.209,70.209,0.67,17.0,0.65,5.0,0.64,5.0,0.6,11.55,0.59,5.0,0.77,11.0,0.8,46.2,0.81,66.89,0.82,27.6,0.83,23.39,0.23,11.0,0.2,46.2,0.19,66.89,0.18,27.6,0.17,23.39,0.33,17.0,0.35,5.0,0.36,5.0,0.4,11.55,0.41,5.0,0.1,0.1,616.331651,1776166569000
1776166571.322,71.322,0.67,17.0,0.65,5.0,0.64,5.0,0.6,11.55,0.59,5.0,0.77,11.0,0.8,46.2,0.81,66.89,0.82,27.6,0.83,23.39,0.23,11.0,0.2,46.2,0.19,66.89,0.18,27.6,0.17,23.39,0.33,17.0,0.35,5.0,0.36,5.0,0.4,11.55,0.41,5.0,0.1,0.1,616.331566,1776166570000
1776166572.343,72.343,0.67,17.0,0.65,5.0,0.64,5.0,0.6,11.55,0.59,5.0,0.77,11.0,0.8,46.2,0.81,66.89,0.82,27.6,0.83,23.39,0.23,11.0,0.2,46.2,0.19,66.89,0.18,27.6,0.17,23.39,0.33,17.0,0.35,5.0,0.36,5.0,0.4,11.55,0.41,5.0,0.1,0.1,616.336799,1776166571000
1776166573.42,73.42,0.67,17.0,0.65,5.0,0.64,5.0,0.6,11.55,0.59,5.0,0.77,11.0,0.8,46.2,0.81,66.89,0.82,27.6,0.83,23.39,0.23,11.0,0.2,46.2,0.19,66.89,0.18,27.6,0.17,23.39,0.33,17.0,0.35,5.0,0.36,5.0,0.4,11.55,0.41,5.0,0.1,0.1,616.352,1776166572000
1776166573.958,73.958,0.67,17.0,0.65,5.0,0.64,5.0,0.6,11.55,0.59,5.0,0.77,11.0,0.8,46.2,0.81,66.89,0.82,27.6,0.83,23.39,0.23,11.0,0.2,46.2,0.19,66.89,0.18,27.6,0.17,23.39,0.33,17.0,0.35,5.0,0.36,5.0,0.4,11.55,0.41,5.0,0.1,0.1,616.36,1776166573000
1776166575.034,75.034,0.67,17.0,0.65,5.0,0.64,5.0,0.6,11.55,0.59,5.0,0.77,11.0,0.8,46.2,0.81,66.89,0.82,27.6,0.83,23.39,0.23,11.0,0.2,46.2,0.19,66.89,0.18,27.6,0.17,23.39,0.33,17.0,0.35,5.0,0.36,5.0,0.4,11.55,0.41,5.0,0.1,0.1,616.339884,1776166574000
1776166575.846,75.846,0.7,30.0,0.67,5.0,0.66,11.6,0.65,28.4,0.64,16.3,0.8,11.93,0.81,71.89,0.82,22.6,0.83,18.39,0.84,19.3,0.23,11.0,0.2,46.2,0.19,66.89,0.18,27.6,0.17,23.39,0.33,17.0,0.35,5.0,0.36,5.0,0.4,11.55,0.41,5.0,0.1,0.1,616.339884,1776166574000
1776166576.085,76.085,0.7,30.0,0.67,5.0,0.66,11.6,0.65,28.4,0.64,16.3,0.8,11.93,0.81,71.89,0.82,22.6,0.83,18.39,0.84,19.3,0.2,11.93,0.19,71.89,0.18,22.6,0.17,18.39,0.16,19.3,0.3,30.0,0.33,5.0,0.34,11.6,0.35,28.4,0.36,16.3,0.1,0.1,616.330719,1776166575000
1776166577.048,77.048,0.7,23.33,0.67,5.0,0.66,11.6,0.65,28.4,0.64,16.3,0.8,11.93,0.81,71.89,0.82,22.6,0.83,18.39,0.84,19.3,0.2,11.93,0.19,71.89,0.18,22.6,0.17,18.39,0.16,19.3,0.3,23.33,0.33,5.0,0.34,11.6,0.35,28.4,0.36,16.3,0.1,0.1,616.34922,1776166576000
1776166578.157,78.157,0.7,23.33,0.67,5.0,0.66,11.6,0.65,28.4,0.64,16.3,0.8,11.93,0.81,71.89,0.82,22.6,0.83,18.39,0.84,19.3,0.2,11.93,0.19,71.89,0.18,22.6,0.17,18.39,0.16,19.3,0.3,23.33,0.33,5.0,0.34,11.6,0.35,28.4,0.36,16.3,0.1,0.1,616.35946,1776166577000
1776166578.388,78.388,0.7,23.33,0.67,16.8,0.66,11.6,0.65,28.4,0.64,16.3,0.81,70.52,0.82,17.6,0.83,23.39,0.84,19.3,0.85,33.59,0.2,11.93,0.19,71.89,0.18,22.6,0.17,18.39,0.16,19.3,0.3,23.33,0.33,5.0,0.34,11.6,0.35,28.4,0.36,16.3,0.11,0.1,616.35946,1776166577000
1776166579.243,79.243,0.7,23.33,0.67,16.8,0.66,11.6,0.65,28.4,0.64,16.3,0.81,70.52,0.82,17.6,0.83,23.39,0.84,19.3,0.85,33.59,0.19,70.52,0.18,17.6,0.17,23.39,0.16,19.3,0.15,33.59,0.3,23.33,0.33,16.8,0.34,11.6,0.35,28.4,0.36,16.3,0.11,0.11,616.37092,1776166578000
1776166580.312,80.312,0.7,23.33,0.67,16.8,0.66,11.6,0.65,28.4,0.64,16.3,0.81,70.52,0.82,17.6,0.83,23.39,0.84,19.3,0.85,33.59,0.19,70.52,0.18,17.6,0.17,23.39,0.16,19.3,0.15,33.59,0.3,23.33,0.33,16.8,0.34,11.6,0.35,28.4,0.36,16.3,0.11,0.11,616.3747,1776166579000
1776166581.323,81.323,0.7,23.33,0.68,5.0,0.67,11.8,0.66,16.6,0.65,28.4,0.81,59.19,0.82,22.6,0.83,23.39,0.84,19.3,0.85,33.59,0.19,59.19,0.18,22.6,0.17,23.39,0.16,19.3,0.15,33.59,0.3,23.33,0.32,5.0,0.33,11.8,0.34,16.6,0.35,28.4,0.11,0.11,616.355038,1776166580000
1776166582.314,82.314,0.7,23.33,0.68,5.0,0.67,11.8,0.66,16.6,0.65,28.4,0.81,59.19,0.82,22.6,0.83,23.39,0.84,19.3,0.85,33.59,0.19,59.19,0.18,22.6,0.17,23.39,0.16,19.3,0.15,33.59,0.3,23.33,0.32,5.0,0.33,11.8,0.34,16.6,0.35,28.4,0.11,0.11,616.35614,1776166581000
1776166583.325,83.325,0.7,23.33,0.68,5.0,0.67,11.8,0.66,16.6,0.65,28.4,0.81,59.19,0.82,22.6,0.83,23.39,0.84,19.3,0.85,33.59,0.19,59.19,0.18,22.6,0.17,23.39,0.16,19.3,0.15,33.59,0.3,23.33,0.32,5.0,0.33,11.8,0.34,16.6,0.35,28.4,0.11,0.11,616.373268,1776166582000
1776166584.958,84.958,0.7,23.33,0.68,5.0,0.67,11.8,0.66,16.6,0.65,28.4,0.81,59.19,0.82,22.6,0.83,23.39,0.84,19.3,0.85,33.59,0.19,59.19,0.18,22.6,0.17,23.39,0.16,19.3,0.15,33.59,0.3,23.33,0.32,5.0,0.33,11.8,0.34,16.6,0.35,28.4,0.11,0.11,616.378059,1776166583000
1776166585.569,85.569,0.7,23.33,0.68,5.0,0.67,11.8,0.66,16.6,0.65,28.4,0.81,59.19,0.82,22.6,0.83,23.39,0.84,19.3,0.85,33.59,0.19,59.19,0.18,22.6,0.17,23.39,0.16,19.3,0.15,33.59,0.3,23.33,0.32,5.0,0.33,11.8,0.34,16.6,0.35,28.4,0.11,0.11,616.375704,1776166584000
1776166586.142,86.142,0.7,23.33,0.68,5.0,0.67,11.8,0.66,16.6,0.65,28.4,0.81,59.19,0.82,22.6,0.83,23.39,0.84,19.3,0.85,33.59,0.19,59.19,0.18,22.6,0.17,23.39,0.16,19.3,0.15,33.59,0.3,23.33,0.32,5.0,0.33,11.8,0.34,16.6,0.35,28.4,0.11,0.11,616.36306,1776166585000
1776166587.302,87.302,0.7,23.33,0.68,5.0,0.67,11.8,0.66,16.6,0.65,28.4,0.81,59.19,0.82,22.6,0.83,23.39,0.84,19.3,0.85,33.59,0.19,59.19,0.18,22.6,0.17,23.39,0.16,19.3,0.15,33.59,0.3,23.33,0.32,5.0,0.33,11.8,0.34,16.6,0.35,28.4,0.11,0.11,616.36343,1776166586000
1776166588.319,88.319,0.7,23.33,0.68,5.0,0.67,11.8,0.66,16.6,0.65,28.4,0.81,59.19,0.82,22.6,0.83,23.39,0.84,19.3,0.85,33.59,0.19,59.19,0.18,22.6,0.17,23.39,0.16,19.3,0.15,33.59,0.3,23.33,0.32,5.0,0.33,11.8,0.34,16.6,0.35,28.4,0.11,0.11,616.36556,1776166587000
1776166589.379,89.379,0.7,23.33,0.68,5.0,0.67,11.8,0.66,16.6,0.65,28.4,0.81,59.19,0.82,22.6,0.83,23.39,0.84,19.3,0.85,33.59,0.19,59.19,0.18,22.6,0.17,23.39,0.16,19.3,0.15,33.59,0.3,23.33,0.32,5.0,0.33,11.8,0.34,16.6,0.35,28.4,0.11,0.11,616.37253,1776166588000
1776166589.847,89.847,0.7,23.33,0.68,5.0,0.67,11.8,0.66,16.6,0.65,28.4,0.81,59.19,0.82,22.6,0.83,23.39,0.84,19.3,0.85,33.59,0.19,59.19,0.18,22.6,0.17,23.39,0.16,19.3,0.15,33.59,0.3,23.33,0.32,5.0,0.33,11.8,0.34,16.6,0.35,28.4,0.11,0.11,616.37284,1776166589000
1776166591.119,91.119,0.7,23.33,0.68,5.0,0.67,11.8,0.66,16.6,0.65,28.4,0.81,59.19,0.82,22.6,0.83,23.39,0.84,19.3,0.85,33.59,0.19,59.19,0.18,22.6,0.17,23.39,0.16,19.3,0.15,33.59,0.3,23.33,0.32,5.0,0.33,11.8,0.34,16.6,0.35,28.4,0.11,0.11,616.37558,1776166590000
1776166592.136,92.136,0.7,23.33,0.68,5.0,0.67,11.8,0.66,16.6,0.65,28.4,0.81,59.19,0.82,22.6,0.83,23.39,0.84,19.3,0.85,33.59,0.19,59.19,0.18,22.6,0.17,23.39,0.16,19.3,0.15,33.59,0.3,23.33,0.32,5.0,0.33,11.8,0.34,16.6,0.35,28.4,0.11,0.11,616.37603,1776166591000
1776166593.184,93.184,0.7,23.33,0.68,5.0,0.67,11.8,0.66,16.6,0.65,28.4,0.81,59.19,0.82,22.6,0.83,23.39,0.84,19.3,0.85,33.59,0.19,59.19,0.18,22.6,0.17,23.39,0.16,19.3,0.15,33.59,0.3,23.33,0.32,5.0,0.33,11.8,0.34,16.6,0.35,28.4,0.11,0.11,616.37629,1776166592000
1776166594.346,94.346,0.7,23.33,0.68,5.0,0.67,11.8,0.66,16.6,0.65,28.4,0.81,59.19,0.82,22.6,0.83,23.39,0.84,19.3,0.85,33.59,0.19,59.19,0.18,22.6,0.17,23.39,0.16,19.3,0.15,33.59,0.3,23.33,0.32,5.0,0.33,11.8,0.34,16.6,0.35,28.4,0.11,0.11,616.37259,1776166593000
1776166594.783,94.783,0.74,1.75,0.65,5.0,0.63,5.0,0.6,16.55,0.59,8.0,0.75,5.0,0.76,5.0,0.78,15.2,0.79,15.7,0.8,16.2,0.19,59.19,0.18,22.6,0.17,23.39,0.16,19.3,0.15,33.59,0.3,23.33,0.32,5.0,0.33,11.8,0.34,16.6,0.35,28.4,0.01,0.11,616.37259,1776166593000
1776166595.437,95.437,0.74,1.75,0.65,5.0,0.63,5.0,0.6,16.55,0.59,8.0,0.75,5.0,0.76,5.0,0.78,15.2,0.79,15.7,0.8,16.2,0.25,5.0,0.24,5.0,0.22,15.2,0.21,15.7,0.2,16.2,0.26,1.75,0.35,5.0,0.37,5.0,0.4,16.55,0.41,8.0,0.01,0.01,616.30344,1776166594000
1776166595.975,95.975,0.74,1.75,0.65,5.0,0.63,5.0,0.6,16.55,0.59,8.0,0.75,5.0,0.76,5.0,0.78,15.2,0.79,15.7,0.8,16.2,0.25,5.0,0.24,5.0,0.22,15.2,0.21,15.7,0.2,16.2,0.26,1.75,0.35,5.0,0.37,5.0,0.4,16.55,0.41,8.0,0.01,0.01,616.30344,1776166595000
1776166597.057,97.057,0.74,1.75,0.65,5.0,0.63,5.0,0.6,16.55,0.59,8.0,0.75,5.0,0.76,5.0,0.78,15.2,0.79,15.7,0.8,16.2,0.25,5.0,0.24,5.0,0.22,15.2,0.21,15.7,0.2,16.2,0.26,1.75,0.35,5.0,0.37,5.0,0.4,16.55,0.41,8.0,0.01,0.01,616.27491,1776166596000
1776166598.11,98.11,0.65,5.0,0.6,11.55,0.58,5.0,0.55,5.0,0.54,9.0,0.71,48.25,0.75,23.9,0.76,14.3,0.77,14.7,0.78,37.2,0.29,48.25,0.25,23.9,0.24,14.3,0.23,14.7,0.22,37.2,0.35,5.0,0.4,11.55,0.42,5.0,0.45,5.0,0.46,9.0,0.06,0.06,616.26098,1776166597000
1776166599.034,99.034,0.65,5.0,0.6,11.55,0.58,5.0,0.55,5.0,0.54,9.0,0.71,48.25,0.75,23.9,0.76,14.3,0.77,14.7,0.78,37.2,0.29,48.25,0.25,23.9,0.24,14.3,0.23,14.7,0.22,37.2,0.35,5.0,0.4,11.55,0.42,5.0,0.45,5.0,0.46,9.0,0.06,0.06,616.224577,1776166598000
1776166599.971,99.971,0.65,5.0,0.6,11.55,0.58,5.0,0.55,5.0,0.54,9.0,0.71,48.25,0.75,23.9,0.76,14.3,0.77,14.7,0.78,37.2,0.29,48.25,0.25,23.9,0.24,14.3,0.23,14.7,0.22,37.2,0.35,5.0,0.4,11.55,0.42,5.0,0.45,5.0,0.46,9.0,0.06,0.06,616.22076,1776166599000
1776166601.051,101.051,0.65,5.0,0.6,11.55,0.58,5.0,0.55,5.0,0.54,9.0,0.71,48.25,0.75,23.9,0.76,14.3,0.77,14.7,0.78,37.2,0.29,48.25,0.25,23.9,0.24,14.3,0.23,14.7,0.22,37.2,0.35,5.0,0.4,11.55,0.42,5.0,0.45,5.0,0.46,9.0,0.06,0.06,616.22568,1776166600000
1776166601.961,101.961,0.65,5.0,0.6,11.55,0.58,5.0,0.55,5.0,0.54,9.0,0.71,48.25,0.75,23.9,0.76,14.3,0.77,14.7,0.78,37.2,0.29,48.25,0.25,23.9,0.24,14.3,0.23,14.7,0.22,37.2,0.35,5.0,0.4,11.55,0.42,5.0,0.45,5.0,0.46,9.0,0.06,0.06,616.22792,1776166601000
1776166602.939,102.939,0.65,5.0,0.6,11.55,0.58,5.0,0.55,5.0,0.54,9.0,0.71,48.25,0.75,23.9,0.76,14.3,0.77,14.7,0.78,37.2,0.29,48.25,0.25,23.9,0.24,14.3,0.23,14.7,0.22,37.2,0.35,5.0,0.4,11.55,0.42,5.0,0.45,5.0,0.46,9.0,0.06,0.06,616.23347,1776166602000
1776166603.792,103.792,0.6,11.55,0.57,5.0,0.55,10.5,0.54,24.5,0.53,10.4,0.7,10.0,0.71,12.6,0.72,12.9,0.73,13.2,0.74,13.5,0.29,48.25,0.25,23.9,0.24,14.3,0.23,14.7,0.22,37.2,0.35,5.0,0.4,11.55,0.42,5.0,0.45,5.0,0.46,9.0,0.1,0.06,616.23347,1776166602000
1776166604.928,104.928,0.6,11.55,0.57,5.0,0.55,10.5,0.54,24.5,0.53,10.4,0.7,10.0,0.71,12.6,0.72,12.9,0.73,13.2,0.74,13.5,0.3,10.0,0.29,12.6,0.28,12.9,0.27,13.2,0.26,13.5,0.4,11.55,0.43,5.0,0.45,10.5,0.46,24.5,0.47,10.4,0.1,0.1,616.23186,1776166604000
1776166606.294,106.294,0.6,11.55,0.57,5.0,0.55,10.5,0.54,24.5,0.53,10.4,0.7,10.0,0.71,12.6,0.72,12.9,0.73,13.2,0.74,13.5,0.3,10.0,0.29,12.6,0.28,12.9,0.27,13.2,0.26,13.5,0.4,11.55,0.43,5.0,0.45,10.5,0.46,24.5,0.47,10.4,0.1,0.1,616.23043,1776166605000
1776166607.256,107.256,0.6,11.55,0.57,5.0,0.55,10.5,0.54,24.5,0.53,10.4,0.7,10.0,0.71,12.6,0.72,12.9,0.73,13.2,0.74,13.5,0.3,10.0,0.29,12.6,0.28,12.9,0.27,13.2,0.26,13.5,0.4,11.55,0.43,5.0,0.45,10.5,0.46,24.5,0.47,10.4,0.1,0.1,616.23102,1776166606000
1776166608.269,108.269,0.6,11.55,0.57,5.0,0.55,10.5,0.54,24.5,0.53,10.4,0.7,10.0,0.71,12.6,0.72,12.9,0.73,13.2,0.74,13.5,0.3,10.0,0.29,12.6,0.28,12.9,0.27,13.2,0.26,13.5,0.4,11.55,0.43,5.0,0.45,10.5,0.46,24.5,0.47,10.4,0.1,0.1,616.2307,1776166607000
1776166609.257,109.257,0.6,11.55,0.57,5.0,0.55,10.5,0.54,24.5,0.53,10.4,0.7,10.0,0.71,12.6,0.72,12.9,0.73,13.2,0.74,13.5,0.3,10.0,0.29,12.6,0.28,12.9,0.27,13.2,0.26,13.5,0.4,11.55,0.43,5.0,0.45,10.5,0.46,24.5,0.47,10.4,0.1,0.1,616.21721,1776166608000
1776166610.311,110.311,0.6,11.55,0.57,5.0,0.55,10.5,0.54,24.5,0.53,10.4,0.7,10.0,0.71,12.6,0.72,12.9,0.73,13.2,0.74,13.5,0.3,10.0,0.29,12.6,0.28,12.9,0.27,13.2,0.26,13.5,0.4,11.55,0.43,5.0,0.45,10.5,0.46,24.5,0.47,10.4,0.1,0.1,616.2176,1776166609000
1776166611.957,111.957,0.6,11.55,0.57,5.0,0.55,10.5,0.54,24.5,0.53,10.4,0.7,10.0,0.71,12.6,0.72,12.9,0.73,13.2,0.74,13.5,0.3,10.0,0.29,12.6,0.28,12.9,0.27,13.2,0.26,13.5,0.4,11.55,0.43,5.0,0.45,10.5,0.46,24.5,0.47,10.4,0.1,0.1,616.21218,1776166610000
1776166612.48,112.48,0.6,11.55,0.57,5.0,0.55,10.5,0.54,24.5,0.53,10.4,0.7,10.0,0.71,12.6,0.72,12.9,0.73,13.2,0.74,13.5,0.3,10.0,0.29,12.6,0.28,12.9,0.27,13.2,0.26,13.5,0.4,11.55,0.43,5.0,0.45,10.5,0.46,24.5,0.47,10.4,0.1,0.1,616.21227,1776166611000
1776166613.564,113.564,0.6,11.55,0.57,5.0,0.55,10.5,0.54,24.5,0.53,10.4,0.7,10.0,0.71,12.6,0.72,12.9,0.73,13.2,0.74,13.5,0.3,10.0,0.29,12.6,0.28,12.9,0.27,13.2,0.26,13.5,0.4,11.55,0.43,5.0,0.45,10.5,0.46,24.5,0.47,10.4,0.1,0.1,616.21425,1776166612000
1776166614.136,114.136,0.6,11.55,0.57,5.0,0.55,10.5,0.54,24.5,0.53,10.4,0.7,10.0,0.71,12.6,0.72,12.9,0.73,13.2,0.74,13.5,0.3,10.0,0.29,12.6,0.28,12.9,0.27,13.2,0.26,13.5,0.4,11.55,0.43,5.0,0.45,10.5,0.46,24.5,0.47,10.4,0.1,0.1,616.21573,1776166613000
1776166615.483,115.483,0.6,11.55,0.57,5.0,0.55,10.5,0.54,24.5,0.53,10.4,0.7,10.0,0.71,12.6,0.72,12.9,0.73,13.2,0.74,13.5,0.3,10.0,0.29,12.6,0.28,12.9,0.27,13.2,0.26,13.5,0.4,11.55,0.43,5.0,0.45,10.5,0.46,24.5,0.47,10.4,0.1,0.1,616.21667,1776166614000
1776166616.407,116.407,0.6,11.55,0.57,5.0,0.55,10.5,0.54,24.5,0.53,10.4,0.7,10.0,0.71,12.6,0.72,12.9,0.73,13.2,0.74,13.5,0.3,10.0,0.29,12.6,0.28,12.9,0.27,13.2,0.26,13.5,0.4,11.55,0.43,5.0,0.45,10.5,0.46,24.5,0.47,10.4,0.1,0.1,616.21691,1776166615000
1776166617.466,117.466,0.6,11.55,0.57,5.0,0.55,10.5,0.54,24.5,0.53,10.4,0.7,10.0,0.71,12.6,0.72,12.9,0.73,13.2,0.74,13.5,0.3,10.0,0.29,12.6,0.28,12.9,0.27,13.2,0.26,13.5,0.4,11.55,0.43,5.0,0.45,10.5,0.46,24.5,0.47,10.4,0.1,0.1,616.21757,1776166616000
1776166618.163,118.163,0.6,11.55,0.57,5.0,0.55,10.5,0.54,24.5,0.53,10.4,0.7,10.0,0.71,12.6,0.72,12.9,0.73,13.2,0.74,13.5,0.3,10.0,0.29,12.6,0.28,12.9,0.27,13.2,0.26,13.5,0.4,11.55,0.43,5.0,0.45,10.5,0.46,24.5,0.47,10.4,0.1,0.1,616.21741,1776166617000
1776166619.313,119.313,0.6,11.55,0.57,5.0,0.55,10.5,0.54,24.5,0.53,10.4,0.7,10.0,0.71,12.6,0.72,12.9,0.73,13.2,0.74,13.5,0.3,10.0,0.29,12.6,0.28,12.9,0.27,13.2,0.26,13.5,0.4,11.55,0.43,5.0,0.45,10.5,0.46,24.5,0.47,10.4,0.1,0.1,616.2176,1776166618000
1776166619.994,119.994,0.6,11.55,0.57,5.0,0.55,10.5,0.54,24.5,0.53,10.4,0.7,10.0,0.71,12.6,0.72,12.9,0.73,13.2,0.74,13.5,0.3,10.0,0.29,12.6,0.28,12.9,0.27,13.2,0.26,13.5,0.4,11.55,0.43,5.0,0.45,10.5,0.46,24.5,0.47,10.4,0.1,0.1,616.21763,1776166619000
1776166621.244,121.244,0.6,11.55,0.57,5.0,0.55,10.5,0.54,24.5,0.53,10.4,0.7,10.0,0.71,12.6,0.72,12.9,0.73,13.2,0.74,13.5,0.3,10.0,0.29,12.6,0.28,12.9,0.27,13.2,0.26,13.5,0.4,11.55,0.43,5.0,0.45,10.5,0.46,24.5,0.47,10.4,0.1,0.1,616.21911,1776166620000
1776166622.643,122.643,0.6,11.55,0.57,5.0,0.55,10.5,0.54,24.5,0.53,10.4,0.7,10.0,0.71,12.6,0.72,12.9,0.73,13.2,0.74,13.5,0.3,10.0,0.29,12.6,0.28,12.9,0.27,13.2,0.26,13.5,0.4,11.55,0.43,5.0,0.45,10.5,0.46,24.5,0.47,10.4,0.1,0.1,616.2179,1776166621000
1776166623.254,123.254,0.6,11.55,0.57,5.0,0.55,10.5,0.54,24.5,0.53,10.4,0.7,10.0,0.71,12.6,0.72,12.9,0.73,13.2,0.74,13.5,0.3,10.0,0.29,12.6,0.28,12.9,0.27,13.2,0.26,13.5,0.4,11.55,0.43,5.0,0.45,10.5,0.46,24.5,0.47,10.4,0.1,0.1,616.21857,1776166622000
1776166624.554,124.554,0.6,11.55,0.57,5.0,0.55,10.5,0.54,24.5,0.53,10.4,0.7,10.0,0.71,12.6,0.72,12.9,0.73,13.2,0.74,13.5,0.3,10.0,0.29,12.6,0.28,12.9,0.27,13.2,0.26,13.5,0.4,11.55,0.43,5.0,0.45,10.5,0.46,24.5,0.47,10.4,0.1,0.1,616.21649,1776166623000
1776166625.336,125.336,0.6,11.55,0.57,5.0,0.55,10.5,0.54,24.5,0.53,10.4,0.7,10.0,0.71,12.6,0.72,12.9,0.73,13.2,0.74,13.5,0.3,10.0,0.29,12.6,0.28,12.9,0.27,13.2,0.26,13.5,0.4,11.55,0.43,5.0,0.45,10.5,0.46,24.5,0.47,10.4,0.1,0.1,616.21675,1776166624000
1776166626.184,126.184,0.6,11.55,0.57,5.0,0.55,10.5,0.54,24.5,0.53,10.4,0.7,10.0,0.71,12.6,0.72,12.9,0.73,13.2,0.74,13.5,0.3,10.0,0.29,12.6,0.28,12.9,0.27,13.2,0.26,13.5,0.4,11.55,0.43,5.0,0.45,10.5,0.46,24.5,0.47,10.4,0.1,0.1,616.21915,1776166625000
1776166627.341,127.341,0.6,11.55,0.57,5.0,0.55,10.5,0.54,24.5,0.53,10.4,0.7,10.0,0.71,12.6,0.72,12.9,0.73,13.2,0.74,13.5,0.3,10.0,0.29,12.6,0.28,12.9,0.27,13.2,0.26,13.5,0.4,11.55,0.43,5.0,0.45,10.5,0.46,24.5,0.47,10.4,0.1,0.1,616.21894,1776166626000
1776166627.983,127.983,0.6,11.55,0.57,5.0,0.55,10.5,0.54,24.5,0.53,10.4,0.7,10.0,0.71,12.6,0.72,12.9,0.73,13.2,0.74,13.5,0.3,10.0,0.29,12.6,0.28,12.9,0.27,13.2,0.26,13.5,0.4,11.55,0.43,5.0,0.45,10.5,0.46,24.5,0.47,10.4,0.1,0.1,616.24306,1776166627000
1776166629.127,129.127,0.6,11.55,0.57,5.0,0.55,10.5,0.54,24.5,0.53,10.4,0.7,10.0,0.71,12.6,0.72,12.9,0.73,13.2,0.74,13.5,0.3,10.0,0.29,12.6,0.28,12.9,0.27,13.2,0.26,13.5,0.4,11.55,0.43,5.0,0.45,10.5,0.46,24.5,0.47,10.4,0.1,0.1,616.26491,1776166628000
1776166630.812,130.812,0.6,11.55,0.57,5.0,0.55,10.5,0.54,24.5,0.53,10.4,0.7,10.0,0.71,12.6,0.72,12.9,0.73,13.2,0.74,13.5,0.3,10.0,0.29,12.6,0.28,12.9,0.27,13.2,0.26,13.5,0.4,11.55,0.43,5.0,0.45,10.5,0.46,24.5,0.47,10.4,0.1,0.1,616.25617,1776166629000
1776166631.501,131.501,0.6,11.55,0.57,5.0,0.55,10.5,0.54,24.5,0.53,10.4,0.7,10.0,0.71,12.6,0.72,12.9,0.73,13.2,0.74,13.5,0.3,10.0,0.29,12.6,0.28,12.9,0.27,13.2,0.26,13.5,0.4,11.55,0.43,5.0,0.45,10.5,0.46,24.5,0.47,10.4,0.1,0.1,616.25801,1776166630000
1776166632.465,132.465,0.6,11.55,0.57,5.0,0.55,10.5,0.54,24.5,0.53,10.4,0.7,10.0,0.71,12.6,0.72,12.9,0.73,13.2,0.74,13.5,0.3,10.0,0.29,12.6,0.28,12.9,0.27,13.2,0.26,13.5,0.4,11.55,0.43,5.0,0.45,10.5,0.46,24.5,0.47,10.4,0.1,0.1,616.25648,1776166631000
1776166632.974,132.974,0.6,11.55,0.57,5.0,0.55,10.5,0.54,24.5,0.53,10.4,0.7,10.0,0.71,12.6,0.72,12.9,0.73,13.2,0.74,13.5,0.3,10.0,0.29,12.6,0.28,12.9,0.27,13.2,0.26,13.5,0.4,11.55,0.43,5.0,0.45,10.5,0.46,24.5,0.47,10.4,0.1,0.1,616.25409,1776166632000
1776166634.449,134.449,0.6,11.55,0.57,5.0,0.55,10.5,0.54,24.5,0.53,10.4,0.7,10.0,0.71,12.6,0.72,12.9,0.73,13.2,0.74,13.5,0.3,10.0,0.29,12.6,0.28,12.9,0.27,13.2,0.26,13.5,0.4,11.55,0.43,5.0,0.45,10.5,0.46,24.5,0.47,10.4,0.1,0.1,616.22742,1776166633000
1776166635.328,135.328,0.6,11.55,0.57,5.0,0.55,10.5,0.54,24.5,0.53,10.4,0.7,10.0,0.71,12.6,0.72,12.9,0.73,13.2,0.74,13.5,0.3,10.0,0.29,12.6,0.28,12.9,0.27,13.2,0.26,13.5,0.4,11.55,0.43,5.0,0.45,10.5,0.46,24.5,0.47,10.4,0.1,0.1,616.23223,1776166634000
1776166636.798,136.798,0.6,11.55,0.57,5.0,0.55,10.5,0.54,24.5,0.53,10.4,0.7,10.0,0.71,12.6,0.72,12.9,0.73,13.2,0.74,13.5,0.3,10.0,0.29,12.6,0.28,12.9,0.27,13.2,0.26,13.5,0.4,11.55,0.43,5.0,0.45,10.5,0.46,24.5,0.47,10.4,0.1,0.1,616.24565,1776166635000
1776166637.491,137.491,0.62,8.06,0.6,11.55,0.58,8.0,0.55,5.0,0.54,10.5,0.75,5.9,0.76,14.3,0.77,14.7,0.78,25.2,0.79,15.7,0.25,5.9,0.24,14.3,0.23,14.7,0.22,25.2,0.21,15.7,0.38,8.06,0.4,11.55,0.42,8.0,0.45,5.0,0.46,10.5,0.13,0.13,616.24354,1776166636000
1776166638.262,138.262,0.62,8.06,0.6,11.55,0.58,8.0,0.55,5.0,0.54,10.5,0.75,5.9,0.76,14.3,0.77,14.7,0.78,25.2,0.79,15.7,0.25,5.9,0.24,14.3,0.23,14.7,0.22,25.2,0.21,15.7,0.38,8.06,0.4,11.55,0.42,8.0,0.45,5.0,0.46,10.5,0.13,0.13,616.24111,1776166637000
1776166639.823,139.823,0.62,8.06,0.6,11.55,0.58,8.0,0.55,5.0,0.54,10.5,0.75,5.9,0.76,14.3,0.77,14.7,0.78,25.2,0.79,15.7,0.25,5.9,0.24,14.3,0.23,14.7,0.22,25.2,0.21,15.7,0.38,8.06,0.4,11.55,0.42,8.0,0.45,5.0,0.46,10.5,0.13,0.13,616.21476,1776166638000
1776166640.615,140.615,0.62,8.06,0.6,11.55,0.58,8.0,0.55,5.0,0.54,10.5,0.75,5.9,0.76,14.3,0.77,14.7,0.78,25.2,0.79,15.7,0.25,5.9,0.24,14.3,0.23,14.7,0.22,25.2,0.21,15.7,0.38,8.06,0.4,11.55,0.42,8.0,0.45,5.0,0.46,10.5,0.13,0.13,616.21581,1776166639000
1776166641.314,141.314,0.62,8.06,0.6,11.55,0.58,8.0,0.55,5.0,0.54,10.5,0.75,5.9,0.76,14.3,0.77,14.7,0.78,25.2,0.79,15.7,0.25,5.9,0.24,14.3,0.23,14.7,0.22,25.2,0.21,15.7,0.38,8.06,0.4,11.55,0.42,8.0,0.45,5.0,0.46,10.5,0.13,0.13,616.21498,1776166640000
1776166642.071,142.071,0.62,8.06,0.6,11.55,0.58,8.0,0.55,5.0,0.54,10.5,0.75,5.9,0.76,14.3,0.77,14.7,0.78,25.2,0.79,15.7,0.25,5.9,0.24,14.3,0.23,14.7,0.22,25.2,0.21,15.7,0.38,8.06,0.4,11.55,0.42,8.0,0.45,5.0,0.46,10.5,0.13,0.13,616.25193,1776166641000
1776166643.677,143.677,0.62,8.06,0.6,11.55,0.58,8.0,0.55,5.0,0.54,10.5,0.75,5.9,0.76,14.3,0.77,14.7,0.78,25.2,0.79,15.7,0.25,5.9,0.24,14.3,0.23,14.7,0.22,25.2,0.21,15.7,0.38,8.06,0.4,11.55,0.42,8.0,0.45,5.0,0.46,10.5,0.13,0.13,616.257255,1776166642000
1776166644.493,144.493,0.62,8.06,0.6,11.55,0.58,8.0,0.55,5.0,0.54,10.5,0.75,5.9,0.76,14.3,0.77,14.7,0.78,25.2,0.79,15.7,0.25,5.9,0.24,14.3,0.23,14.7,0.22,25.2,0.21,15.7,0.38,8.06,0.4,11.55,0.42,8.0,0.45,5.0,0.46,10.5,0.13,0.13,616.27212,1776166643000
1776166645.197,145.197,0.62,8.06,0.6,11.55,0.58,8.0,0.55,5.0,0.54,10.5,0.75,5.9,0.76,14.3,0.77,14.7,0.78,25.2,0.79,15.7,0.25,5.9,0.24,14.3,0.23,14.7,0.22,25.2,0.21,15.7,0.38,8.06,0.4,11.55,0.42,8.0,0.45,5.0,0.46,10.5,0.13,0.13,616.331348,1776166644000
1776166646.712,146.712,0.62,8.06,0.6,11.55,0.58,8.0,0.55,5.0,0.54,10.5,0.75,5.9,0.76,14.3,0.77,14.7,0.78,25.2,0.79,15.7,0.25,5.9,0.24,14.3,0.23,14.7,0.22,25.2,0.21,15.7,0.38,8.06,0.4,11.55,0.42,8.0,0.45,5.0,0.46,10.5,0.13,0.13,616.32956,1776166645000
1776166647.494,147.494,0.62,8.06,0.6,11.55,0.58,8.0,0.55,5.0,0.54,10.5,0.75,5.9,0.76,14.3,0.77,14.7,0.78,25.2,0.79,15.7,0.25,5.9,0.24,14.3,0.23,14.7,0.22,25.2,0.21,15.7,0.38,8.06,0.4,11.55,0.42,8.0,0.45,5.0,0.46,10.5,0.13,0.13,616.329313,1776166646000
1776166648.683,148.683,0.62,8.06,0.6,11.55,0.58,8.0,0.55,5.0,0.54,10.5,0.75,5.9,0.76,14.3,0.77,14.7,0.78,25.2,0.79,15.7,0.25,5.9,0.24,14.3,0.23,14.7,0.22,25.2,0.21,15.7,0.38,8.06,0.4,11.55,0.42,8.0,0.45,5.0,0.46,10.5,0.13,0.13,616.341026,1776166647000
1776166649.224,149.224,0.62,8.06,0.6,11.55,0.58,8.0,0.55,5.0,0.54,10.5,0.75,5.9,0.76,14.3,0.77,14.7,0.78,25.2,0.79,15.7,0.25,5.9,0.24,14.3,0.23,14.7,0.22,25.2,0.21,15.7,0.38,8.06,0.4,11.55,0.42,8.0,0.45,5.0,0.46,10.5,0.13,0.13,616.34583,1776166648000
1776166650.288,150.288,0.62,8.06,0.6,11.55,0.58,8.0,0.55,5.0,0.54,10.5,0.75,5.9,0.76,14.3,0.77,14.7,0.78,25.2,0.79,15.7,0.25,5.9,0.24,14.3,0.23,14.7,0.22,25.2,0.21,15.7,0.38,8.06,0.4,11.55,0.42,8.0,0.45,5.0,0.46,10.5,0.13,0.13,616.349,1776166649000
1776166651.309,151.309,0.62,8.06,0.6,11.55,0.58,8.0,0.55,5.0,0.54,10.5,0.75,5.9,0.76,14.3,0.77,14.7,0.78,25.2,0.79,15.7,0.25,5.9,0.24,14.3,0.23,14.7,0.22,25.2,0.21,15.7,0.38,8.06,0.4,11.55,0.42,8.0,0.45,5.0,0.46,10.5,0.13,0.13,616.351,1776166650000
1776166651.884,151.884,0.62,8.06,0.6,11.55,0.58,8.0,0.55,5.0,0.54,10.5,0.75,5.9,0.76,14.3,0.77,14.7,0.78,25.2,0.79,15.7,0.25,5.9,0.24,14.3,0.23,14.7,0.22,25.2,0.21,15.7,0.38,8.06,0.4,11.55,0.42,8.0,0.45,5.0,0.46,10.5,0.13,0.13,616.357,1776166651000
1776166652.941,152.941,0.62,8.06,0.6,11.55,0.58,8.0,0.55,5.0,0.54,10.5,0.75,5.9,0.76,14.3,0.77,14.7,0.78,25.2,0.79,15.7,0.25,5.9,0.24,14.3,0.23,14.7,0.22,25.2,0.21,15.7,0.38,8.06,0.4,11.55,0.42,8.0,0.45,5.0,0.46,10.5,0.13,0.13,616.357,1776166652000
1776166653.902,153.902,0.62,8.06,0.6,11.55,0.58,8.0,0.55,5.0,0.54,10.5,0.75,5.9,0.76,14.3,0.77,14.7,0.78,25.2,0.79,15.7,0.25,5.9,0.24,14.3,0.23,14.7,0.22,25.2,0.21,15.7,0.38,8.06,0.4,11.55,0.42,8.0,0.45,5.0,0.46,10.5,0.13,0.13,616.356,1776166653000
1776166654.954,154.954,0.62,8.06,0.6,11.55,0.58,8.0,0.55,5.0,0.54,10.5,0.75,5.9,0.76,14.3,0.77,14.7,0.78,25.2,0.79,15.7,0.25,5.9,0.24,14.3,0.23,14.7,0.22,25.2,0.21,15.7,0.38,8.06,0.4,11.55,0.42,8.0,0.45,5.0,0.46,10.5,0.13,0.13,616.354,1776166654000
1776166655.956,155.956,0.62,8.06,0.6,11.55,0.58,8.0,0.55,5.0,0.54,10.5,0.75,5.9,0.76,14.3,0.77,14.7,0.78,25.2,0.79,15.7,0.25,5.9,0.24,14.3,0.23,14.7,0.22,25.2,0.21,15.7,0.38,8.06,0.4,11.55,0.42,8.0,0.45,5.0,0.46,10.5,0.13,0.13,616.354,1776166655000
1776166657.027,157.027,0.62,8.06,0.6,11.55,0.58,8.0,0.55,5.0,0.54,10.5,0.75,5.9,0.76,14.3,0.77,14.7,0.78,25.2,0.79,15.7,0.25,5.9,0.24,14.3,0.23,14.7,0.22,25.2,0.21,15.7,0.38,8.06,0.4,11.55,0.42,8.0,0.45,5.0,0.46,10.5,0.13,0.13,616.361,1776166656000
1776166658.142,158.142,0.62,8.06,0.6,11.55,0.58,8.0,0.55,5.0,0.54,10.5,0.75,5.9,0.76,14.3,0.77,14.7,0.78,25.2,0.79,15.7,0.25,5.9,0.24,14.3,0.23,14.7,0.22,25.2,0.21,15.7,0.38,8.06,0.4,11.55,0.42,8.0,0.45,5.0,0.46,10.5,0.13,0.13,616.36774,1776166657000
1776166659.117,159.117,0.62,8.06,0.6,11.55,0.58,8.0,0.55,5.0,0.54,10.5,0.75,5.9,0.76,14.3,0.77,14.7,0.78,25.2,0.79,15.7,0.25,5.9,0.24,14.3,0.23,14.7,0.22,25.2,0.21,15.7,0.38,8.06,0.4,11.55,0.42,8.0,0.45,5.0,0.46,10.5,0.13,0.13,616.367044,1776166658000
1776166660.204,160.204,0.62,8.06,0.6,11.55,0.58,8.0,0.55,5.0,0.54,10.5,0.75,5.9,0.76,14.3,0.77,14.7,0.78,25.2,0.79,15.7,0.25,5.9,0.24,14.3,0.23,14.7,0.22,25.2,0.21,15.7,0.38,8.06,0.4,11.55,0.42,8.0,0.45,5.0,0.46,10.5,0.13,0.13,616.361055,1776166659000
1776166661.209,161.209,0.62,8.06,0.6,11.55,0.58,8.0,0.55,5.0,0.54,10.5,0.75,5.9,0.76,14.3,0.77,14.7,0.78,25.2,0.79,15.7,0.25,5.9,0.24,14.3,0.23,14.7,0.22,25.2,0.21,15.7,0.38,8.06,0.4,11.55,0.42,8.0,0.45,5.0,0.46,10.5,0.13,0.13,616.350837,1776166660000
1776166662.368,162.368,0.62,8.06,0.6,11.55,0.58,8.0,0.55,5.0,0.54,10.5,0.75,5.9,0.76,14.3,0.77,14.7,0.78,25.2,0.79,15.7,0.25,5.9,0.24,14.3,0.23,14.7,0.22,25.2,0.21,15.7,0.38,8.06,0.4,11.55,0.42,8.0,0.45,5.0,0.46,10.5,0.13,0.13,616.343,1776166661000
1776166662.932,162.932,0.62,8.06,0.6,11.55,0.58,8.0,0.55,5.0,0.54,10.5,0.75,5.9,0.76,14.3,0.77,14.7,0.78,25.2,0.79,15.7,0.25,5.9,0.24,14.3,0.23,14.7,0.22,25.2,0.21,15.7,0.38,8.06,0.4,11.55,0.42,8.0,0.45,5.0,0.46,10.5,0.13,0.13,616.343,1776166662000
1776166663.973,163.973,0.62,8.06,0.6,11.55,0.58,8.0,0.55,5.0,0.54,10.5,0.75,5.9,0.76,14.3,0.77,14.7,0.78,25.2,0.79,15.7,0.25,5.9,0.24,14.3,0.23,14.7,0.22,25.2,0.21,15.7,0.38,8.06,0.4,11.55,0.42,8.0,0.45,5.0,0.46,10.5,0.13,0.13,616.349,1776166663000
1776166665.086,165.086,0.62,8.06,0.6,11.55,0.58,8.0,0.55,5.0,0.54,10.5,0.75,5.9,0.76,14.3,0.77,14.7,0.78,25.2,0.79,15.7,0.25,5.9,0.24,14.3,0.23,14.7,0.22,25.2,0.21,15.7,0.38,8.06,0.4,11.55,0.42,8.0,0.45,5.0,0.46,10.5,0.13,0.13,616.344,1776166664000
1776166666.183,166.183,0.62,8.06,0.6,11.55,0.58,8.0,0.55,5.0,0.54,10.5,0.75,5.9,0.76,14.3,0.77,14.7,0.78,25.2,0.79,15.7,0.25,5.9,0.24,14.3,0.23,14.7,0.22,25.2,0.21,15.7,0.38,8.06,0.4,11.55,0.42,8.0,0.45,5.0,0.46,10.5,0.13,0.13,616.343,1776166665000
1776166667.279,167.279,0.62,8.06,0.6,11.55,0.58,8.0,0.55,5.0,0.54,10.5,0.75,5.9,0.76,14.3,0.77,14.7,0.78,25.2,0.79,15.7,0.25,5.9,0.24,14.3,0.23,14.7,0.22,25.2,0.21,15.7,0.38,8.06,0.4,11.55,0.42,8.0,0.45,5.0,0.46,10.5,0.13,0.13,616.343,1776166666000
1776166668.428,168.428,0.62,8.06,0.6,11.55,0.58,8.0,0.55,5.0,0.54,10.5,0.75,5.9,0.76,14.3,0.77,14.7,0.78,25.2,0.79,15.7,0.25,5.9,0.24,14.3,0.23,14.7,0.22,25.2,0.21,15.7,0.38,8.06,0.4,11.55,0.42,8.0,0.45,5.0,0.46,10.5,0.13,0.13,616.344,1776166667000
1776166668.885,168.885,0.75,23.9,0.74,13.5,0.73,19.2,0.72,19.84,0.71,17.6,0.81,31.5,0.85,13.2,0.86,21.6,0.87,28.0,0.88,34.6,0.19,31.5,0.15,13.2,0.14,21.6,0.13,28.0,0.12,34.6,0.25,23.9,0.26,13.5,0.27,19.2,0.28,19.84,0.29,17.6,0.06,0.06,616.35,1776166668000
1776166670.163,170.163,0.75,23.9,0.74,13.5,0.73,19.2,0.72,19.84,0.71,17.6,0.81,31.5,0.85,13.2,0.86,21.6,0.87,28.0,0.88,34.6,0.19,31.5,0.15,13.2,0.14,21.6,0.13,28.0,0.12,34.6,0.25,23.9,0.26,13.5,0.27,19.2,0.28,19.84,0.29,17.6,0.06,0.06,616.349,1776166669000
1776166671.208,171.208,0.75,23.9,0.74,13.5,0.73,19.2,0.72,19.84,0.71,17.6,0.81,31.5,0.85,13.2,0.86,21.6,0.87,28.0,0.88,34.6,0.19,31.5,0.15,13.2,0.14,21.6,0.13,28.0,0.12,34.6,0.25,23.9,0.26,13.5,0.27,19.2,0.28,19.84,0.29,17.6,0.06,0.06,616.353,1776166670000
1776166672.258,172.258,0.75,23.9,0.74,13.5,0.73,19.2,0.72,19.84,0.71,17.6,0.81,31.5,0.85,13.2,0.86,21.6,0.87,28.0,0.88,34.6,0.19,31.5,0.15,13.2,0.14,21.6,0.13,28.0,0.12,34.6,0.25,23.9,0.26,13.5,0.27,19.2,0.28,19.84,0.29,17.6,0.06,0.06,616.354,1776166671000
1776166672.884,172.884,0.75,23.9,0.74,13.5,0.73,19.2,0.72,19.84,0.71,17.6,0.81,31.5,0.85,13.2,0.86,21.6,0.87,28.0,0.88,34.6,0.19,31.5,0.15,13.2,0.14,21.6,0.13,28.0,0.12,34.6,0.25,23.9,0.26,13.5,0.27,19.2,0.28,19.84,0.29,17.6,0.06,0.06,616.354,1776166672000
1776166673.981,173.981,0.75,23.9,0.74,13.5,0.73,19.2,0.72,19.84,0.71,17.6,0.81,31.5,0.85,13.2,0.86,21.6,0.87,28.0,0.88,34.6,0.19,31.5,0.15,13.2,0.14,21.6,0.13,28.0,0.12,34.6,0.25,23.9,0.26,13.5,0.27,19.2,0.28,19.84,0.29,17.6,0.06,0.06,616.291898,1776166673000
1776166675.064,175.064,0.75,23.9,0.74,13.5,0.73,19.2,0.72,19.84,0.71,17.6,0.81,31.5,0.85,13.2,0.86,21.6,0.87,28.0,0.88,34.6,0.19,31.5,0.15,13.2,0.14,21.6,0.13,28.0,0.12,34.6,0.25,23.9,0.26,13.5,0.27,19.2,0.28,19.84,0.29,17.6,0.06,0.06,616.291186,1776166674000
1776166676.656,176.656,0.75,23.9,0.74,13.5,0.73,19.2,0.72,19.84,0.71,17.6,0.81,31.5,0.85,13.2,0.86,21.6,0.87,28.0,0.88,34.6,0.19,31.5,0.15,13.2,0.14,21.6,0.13,28.0,0.12,34.6,0.25,23.9,0.26,13.5,0.27,19.2,0.28,19.84,0.29,17.6,0.06,0.06,616.358,1776166675000
1776166677.132,177.132,0.75,23.9,0.74,13.5,0.73,19.2,0.72,19.84,0.71,17.6,0.81,31.5,0.85,13.2,0.86,21.6,0.87,28.0,0.88,34.6,0.19,31.5,0.15,13.2,0.14,21.6,0.13,28.0,0.12,34.6,0.25,23.9,0.26,13.5,0.27,19.2,0.28,19.84,0.29,17.6,0.06,0.06,616.325347,1776166676000
1776166678.105,178.105,0.75,23.9,0.74,13.5,0.73,19.2,0.72,19.84,0.71,17.6,0.81,31.5,0.85,13.2,0.86,21.6,0.87,28.0,0.88,34.6,0.19,31.5,0.15,13.2,0.14,21.6,0.13,28.0,0.12,34.6,0.25,23.9,0.26,13.5,0.27,19.2,0.28,19.84,0.29,17.6,0.06,0.06,616.34266,1776166677000
1776166679.01,179.01,0.75,23.9,0.74,13.5,0.73,19.2,0.72,19.84,0.71,17.6,0.81,31.5,0.85,13.2,0.86,21.6,0.87,28.0,0.88,34.6,0.19,31.5,0.15,13.2,0.14,21.6,0.13,28.0,0.12,34.6,0.25,23.9,0.26,13.5,0.27,19.2,0.28,19.84,0.29,17.6,0.06,0.06,616.340242,1776166678000
1776166679.904,179.904,0.75,23.9,0.74,13.5,0.73,19.2,0.72,19.84,0.71,17.6,0.81,31.5,0.85,13.2,0.86,21.6,0.87,28.0,0.88,34.6,0.19,31.5,0.15,13.2,0.14,21.6,0.13,28.0,0.12,34.6,0.25,23.9,0.26,13.5,0.27,19.2,0.28,19.84,0.29,17.6,0.06,0.06,616.353,1776166679000
1776166680.907,180.907,0.75,23.9,0.74,13.5,0.73,19.2,0.72,19.84,0.71,17.6,0.81,31.5,0.85,13.2,0.86,21.6,0.87,28.0,0.88,34.6,0.19,31.5,0.15,13.2,0.14,21.6,0.13,28.0,0.12,34.6,0.25,23.9,0.26,13.5,0.27,19.2,0.28,19.84,0.29,17.6,0.06,0.06,616.342875,1776166680000
1776166681.878,181.878,0.75,23.9,0.74,13.5,0.73,19.2,0.72,19.84,0.71,17.6,0.81,31.5,0.85,13.2,0.86,21.6,0.87,28.0,0.88,34.6,0.19,31.5,0.15,13.2,0.14,21.6,0.13,28.0,0.12,34.6,0.25,23.9,0.26,13.5,0.27,19.2,0.28,19.84,0.29,17.6,0.06,0.06,616.353,1776166681000
1776166682.898,182.898,0.75,23.9,0.74,13.5,0.73,19.2,0.72,19.84,0.71,17.6,0.81,31.5,0.85,13.2,0.86,21.6,0.87,28.0,0.88,34.6,0.19,31.5,0.15,13.2,0.14,21.6,0.13,28.0,0.12,34.6,0.25,23.9,0.26,13.5,0.27,19.2,0.28,19.84,0.29,17.6,0.06,0.06,616.353,1776166682000
1776166683.873,183.873,0.75,23.9,0.74,13.5,0.73,19.2,0.72,19.84,0.71,17.6,0.81,31.5,0.85,13.2,0.86,21.6,0.87,28.0,0.88,34.6,0.19,31.5,0.15,13.2,0.14,21.6,0.13,28.0,0.12,34.6,0.25,23.9,0.26,13.5,0.27,19.2,0.28,19.84,0.29,17.6,0.06,0.06,616.353,1776166683000
1776166685.227,185.227,0.75,23.9,0.74,13.5,0.73,19.2,0.72,19.84,0.71,17.6,0.81,31.5,0.85,13.2,0.86,21.6,0.87,28.0,0.88,34.6,0.19,31.5,0.15,13.2,0.14,21.6,0.13,28.0,0.12,34.6,0.25,23.9,0.26,13.5,0.27,19.2,0.28,19.84,0.29,17.6,0.06,0.06,616.342432,1776166684000
1776166686.141,186.141,0.75,23.9,0.74,13.5,0.73,19.2,0.72,19.84,0.71,17.6,0.81,31.5,0.85,13.2,0.86,21.6,0.87,28.0,0.88,34.6,0.19,31.5,0.15,13.2,0.14,21.6,0.13,28.0,0.12,34.6,0.25,23.9,0.26,13.5,0.27,19.2,0.28,19.84,0.29,17.6,0.06,0.06,616.356,1776166685000
1776166687.18,187.18,0.75,23.9,0.74,13.5,0.73,19.2,0.72,19.84,0.71,17.6,0.81,31.5,0.85,13.2,0.86,21.6,0.87,28.0,0.88,34.6,0.19,31.5,0.15,13.2,0.14,21.6,0.13,28.0,0.12,34.6,0.25,23.9,0.26,13.5,0.27,19.2,0.28,19.84,0.29,17.6,0.06,0.06,616.357,1776166686000
1776166688.12,188.12,0.85,5.0,0.83,22.0,0.79,6.32,0.78,15.2,0.77,14.7,0.89,5.0,0.9,5.0,0.91,31.7,0.92,35.29,0.93,39.9,0.11,5.0,0.1,5.0,0.09,31.7,0.08,35.29,0.07,39.9,0.15,5.0,0.17,22.0,0.21,6.32,0.22,15.2,0.23,14.7,0.04,0.04,616.357,1776166687000
1776166689.701,189.701,0.85,5.0,0.83,22.0,0.79,6.32,0.78,15.2,0.77,14.7,0.89,5.0,0.9,5.0,0.91,31.7,0.92,35.29,0.93,39.9,0.11,5.0,0.1,5.0,0.09,31.7,0.08,35.29,0.07,39.9,0.15,5.0,0.17,22.0,0.21,6.32,0.22,15.2,0.23,14.7,0.04,0.04,616.338827,1776166688000
1776166690.373,190.373,0.85,5.0,0.83,22.0,0.79,6.32,0.78,15.2,0.77,14.7,0.89,5.0,0.9,5.0,0.91,31.7,0.92,35.29,0.93,39.9,0.11,5.0,0.1,5.0,0.09,31.7,0.08,35.29,0.07,39.9,0.15,5.0,0.17,22.0,0.21,6.32,0.22,15.2,0.23,14.7,0.04,0.04,616.352462,1776166689000
1776166691.47,191.47,0.85,5.0,0.83,22.0,0.79,6.32,0.78,15.2,0.77,14.7,0.89,5.0,0.9,5.0,0.91,31.7,0.92,35.29,0.93,39.9,0.11,5.0,0.1,5.0,0.09,31.7,0.08,35.29,0.07,39.9,0.15,5.0,0.17,22.0,0.21,6.32,0.22,15.2,0.23,14.7,0.04,0.04,616.373,1776166690000
1776166692.088,192.088,0.85,5.0,0.83,22.0,0.79,6.32,0.78,15.2,0.77,14.7,0.89,5.0,0.9,5.0,0.91,31.7,0.92,35.29,0.93,39.9,0.11,5.0,0.1,5.0,0.09,31.7,0.08,35.29,0.07,39.9,0.15,5.0,0.17,22.0,0.21,6.32,0.22,15.2,0.23,14.7,0.04,0.04,616.337826,1776166691000
1776166693.272,193.272,0.85,5.0,0.83,22.0,0.79,6.32,0.78,15.2,0.77,14.7,0.89,5.0,0.9,5.0,0.91,31.7,0.92,35.29,0.93,39.9,0.11,5.0,0.1,5.0,0.09,31.7,0.08,35.29,0.07,39.9,0.15,5.0,0.17,22.0,0.21,6.32,0.22,15.2,0.23,14.7,0.04,0.04,616.342872,1776166692000
1776166695.148,195.148,0.85,5.0,0.83,22.0,0.79,6.32,0.78,15.2,0.77,14.7,0.89,5.0,0.9,5.0,0.91,31.7,0.92,35.29,0.93,39.9,0.11,5.0,0.1,5.0,0.09,31.7,0.08,35.29,0.07,39.9,0.15,5.0,0.17,22.0,0.21,6.32,0.22,15.2,0.23,14.7,0.04,0.04,616.346344,1776166694000
1776166696.369,196.369,0.85,5.0,0.83,22.0,0.79,6.32,0.78,15.2,0.77,14.7,0.89,5.0,0.9,5.0,0.91,31.7,0.92,35.29,0.93,39.9,0.11,5.0,0.1,5.0,0.09,31.7,0.08,35.29,0.07,39.9,0.15,5.0,0.17,22.0,0.21,6.32,0.22,15.2,0.23,14.7,0.04,0.04,616.369,1776166695000
1776166696.967,196.967,0.85,5.0,0.83,22.0,0.79,6.32,0.78,15.2,0.77,14.7,0.89,5.0,0.9,5.0,0.91,31.7,0.92,35.29,0.93,39.9,0.11,5.0,0.1,5.0,0.09,31.7,0.08,35.29,0.07,39.9,0.15,5.0,0.17,22.0,0.21,6.32,0.22,15.2,0.23,14.7,0.04,0.04,616.369,1776166696000
1776166698.428,198.428,0.85,5.0,0.83,22.0,0.79,6.32,0.78,15.2,0.77,14.7,0.89,5.0,0.9,5.0,0.91,31.7,0.92,35.29,0.93,39.9,0.11,5.0,0.1,5.0,0.09,31.7,0.08,35.29,0.07,39.9,0.15,5.0,0.17,22.0,0.21,6.32,0.22,15.2,0.23,14.7,0.04,0.04,616.41,1776166697000
1776166699.439,199.439,0.85,5.0,0.83,22.0,0.79,6.32,0.78,15.2,0.77,14.7,0.89,5.0,0.9,5.0,0.91,31.7,0.92,35.29,0.93,39.9,0.11,5.0,0.1,5.0,0.09,31.7,0.08,35.29,0.07,39.9,0.15,5.0,0.17,22.0,0.21,6.32,0.22,15.2,0.23,14.7,0.04,0.04,616.429,1776166698000
1776166700.079,200.079,0.88,48.28,0.87,23.0,0.86,21.6,0.85,30.39,0.84,19.3,0.94,46.1,0.95,54.7,0.96,77.7,0.97,89.3,0.98,142.69,0.06,46.1,0.05,54.7,0.04,77.7,0.03,89.3,0.02,142.69,0.12,48.28,0.13,23.0,0.14,21.6,0.15,30.39,0.16,19.3,0.06,0.06,616.429349,1776166699000
1776166701.442,201.442,0.88,48.28,0.87,23.0,0.86,21.6,0.85,30.39,0.84,19.3,0.94,46.1,0.95,54.7,0.96,77.7,0.97,89.3,0.98,142.69,0.06,46.1,0.05,54.7,0.04,77.7,0.03,89.3,0.02,142.69,0.12,48.28,0.13,23.0,0.14,21.6,0.15,30.39,0.16,19.3,0.06,0.06,616.429404,1776166700000
1776166702.026,202.026,0.88,48.28,0.87,23.0,0.86,21.6,0.85,30.39,0.84,19.3,0.94,46.1,0.95,54.7,0.96,77.7,0.97,89.3,0.98,142.69,0.06,46.1,0.05,54.7,0.04,77.7,0.03,89.3,0.02,142.69,0.12,48.28,0.13,23.0,0.14,21.6,0.15,30.39,0.16,19.3,0.06,0.06,616.42077,1776166701000
1776166703.061,203.061,0.85,5.0,0.67,11.8,0.66,16.6,0.65,11.4,0.64,11.3,0.89,5.0,0.91,55.0,0.94,129.1,0.95,54.7,0.96,72.7,0.06,46.1,0.05,54.7,0.04,77.7,0.03,89.3,0.02,142.69,0.12,48.28,0.13,23.0,0.14,21.6,0.15,30.39,0.16,19.3,0.04,0.06,616.42077,1776166701000
1776166703.424,203.424,0.85,5.0,0.67,11.8,0.66,16.6,0.65,11.4,0.64,11.3,0.89,5.0,0.91,55.0,0.94,129.1,0.95,54.7,0.96,72.7,0.11,5.0,0.09,55.0,0.06,129.1,0.05,54.7,0.04,72.7,0.15,5.0,0.33,11.8,0.34,16.6,0.35,11.4,0.36,11.3,0.04,0.04,616.46,1776166702000
1776166704.024,204.024,0.85,5.0,0.67,11.8,0.66,16.6,0.65,11.4,0.64,11.3,0.89,5.0,0.91,55.0,0.94,129.1,0.95,54.7,0.96,72.7,0.11,5.0,0.09,55.0,0.06,129.1,0.05,54.7,0.04,72.7,0.15,5.0,0.33,11.8,0.34,16.6,0.35,11.4,0.36,11.3,0.04,0.04,616.41557,1776166703000
1776166705.209,205.209,0.68,11.9,0.67,11.8,0.66,16.6,0.65,11.4,0.64,11.3,0.86,5.0,0.89,10.0,0.91,55.0,0.93,39.9,0.94,129.1,0.14,5.0,0.11,10.0,0.09,55.0,0.07,39.9,0.06,129.1,0.32,11.9,0.33,11.8,0.34,16.6,0.35,11.4,0.36,11.3,0.18,0.18,616.294,1776166704000
1776166706.165,206.165,0.68,11.9,0.67,11.8,0.66,16.6,0.65,11.4,0.64,11.3,0.86,5.0,0.89,10.0,0.91,55.0,0.93,39.9,0.94,129.1,0.14,5.0,0.11,10.0,0.09,55.0,0.07,39.9,0.06,129.1,0.32,11.9,0.33,11.8,0.34,16.6,0.35,11.4,0.36,11.3,0.18,0.18,616.272,1776166705000
1776166707.211,207.211,0.68,11.9,0.67,11.8,0.66,16.6,0.65,11.4,0.64,11.3,0.86,5.0,0.89,10.0,0.91,55.0,0.93,39.9,0.94,129.1,0.14,5.0,0.11,10.0,0.09,55.0,0.07,39.9,0.06,129.1,0.32,11.9,0.33,11.8,0.34,16.6,0.35,11.4,0.36,11.3,0.18,0.18,616.22,1776166706000
1776166708.099,208.099,0.68,11.9,0.67,11.8,0.66,16.6,0.65,11.4,0.64,11.3,0.86,5.0,0.89,10.0,0.91,55.0,0.93,39.9,0.94,129.1,0.14,5.0,0.11,10.0,0.09,55.0,0.07,39.9,0.06,129.1,0.32,11.9,0.33,11.8,0.34,16.6,0.35,11.4,0.36,11.3,0.18,0.18,616.209,1776166707000
1776166709.154,209.154,0.68,11.9,0.67,11.8,0.66,16.6,0.65,11.4,0.64,11.3,0.86,5.0,0.89,10.0,0.91,55.0,0.93,39.9,0.94,129.1,0.14,5.0,0.11,10.0,0.09,55.0,0.07,39.9,0.06,129.1,0.32,11.9,0.33,11.8,0.34,16.6,0.35,11.4,0.36,11.3,0.18,0.18,616.214,1776166708000
1776166709.931,209.931,0.68,11.9,0.67,11.8,0.66,16.6,0.65,11.4,0.64,11.3,0.86,5.0,0.89,10.0,0.91,55.0,0.93,39.9,0.94,129.1,0.14,5.0,0.11,10.0,0.09,55.0,0.07,39.9,0.06,129.1,0.32,11.9,0.33,11.8,0.34,16.6,0.35,11.4,0.36,11.3,0.18,0.18,616.209,1776166709000
1776166710.943,210.943,0.68,11.9,0.67,11.8,0.66,16.6,0.65,11.4,0.64,11.3,0.86,5.0,0.89,10.0,0.91,55.0,0.93,39.9,0.94,129.1,0.14,5.0,0.11,10.0,0.09,55.0,0.07,39.9,0.06,129.1,0.32,11.9,0.33,11.8,0.34,16.6,0.35,11.4,0.36,11.3,0.18,0.18,616.21,1776166710000
1776166711.916,211.916,0.68,11.9,0.67,11.8,0.66,16.6,0.65,11.4,0.64,11.3,0.86,5.0,0.89,10.0,0.91,55.0,0.93,39.9,0.94,129.1,0.14,5.0,0.11,10.0,0.09,55.0,0.07,39.9,0.06,129.1,0.32,11.9,0.33,11.8,0.34,16.6,0.35,11.4,0.36,11.3,0.18,0.18,616.208,1776166711000
1776166712.904,212.904,0.68,11.9,0.67,11.8,0.66,16.6,0.65,11.4,0.64,11.3,0.86,5.0,0.89,10.0,0.91,55.0,0.93,39.9,0.94,129.1,0.14,5.0,0.11,10.0,0.09,55.0,0.07,39.9,0.06,129.1,0.32,11.9,0.33,11.8,0.34,16.6,0.35,11.4,0.36,11.3,0.18,0.18,616.208,1776166712000
1776166713.913,213.913,0.68,11.9,0.67,11.8,0.66,16.6,0.65,11.4,0.64,11.3,0.86,5.0,0.89,10.0,0.91,55.0,0.93,39.9,0.94,129.1,0.14,5.0,0.11,10.0,0.09,55.0,0.07,39.9,0.06,129.1,0.32,11.9,0.33,11.8,0.34,16.6,0.35,11.4,0.36,11.3,0.18,0.18,616.209,1776166713000
1776166715.346,215.346,0.68,11.9,0.67,11.8,0.66,16.6,0.65,11.4,0.64,11.3,0.86,5.0,0.89,10.0,0.91,55.0,0.93,39.9,0.94,129.1,0.14,5.0,0.11,10.0,0.09,55.0,0.07,39.9,0.06,129.1,0.32,11.9,0.33,11.8,0.34,16.6,0.35,11.4,0.36,11.3,0.18,0.18,616.211,1776166714000
1776166716.274,216.274,0.68,11.9,0.67,11.8,0.66,16.6,0.65,11.4,0.64,11.3,0.86,5.0,0.89,10.0,0.91,55.0,0.93,39.9,0.94,129.1,0.14,5.0,0.11,10.0,0.09,55.0,0.07,39.9,0.06,129.1,0.32,11.9,0.33,11.8,0.34,16.6,0.35,11.4,0.36,11.3,0.18,0.18,616.211,1776166715000
1776166717.209,217.209,0.68,11.9,0.67,11.8,0.66,16.6,0.65,11.4,0.64,11.3,0.86,5.0,0.89,10.0,0.91,55.0,0.93,39.9,0.94,129.1,0.14,5.0,0.11,10.0,0.09,55.0,0.07,39.9,0.06,129.1,0.32,11.9,0.33,11.8,0.34,16.6,0.35,11.4,0.36,11.3,0.18,0.18,616.215,1776166716000
1776166718.747,218.747,0.68,11.9,0.67,11.8,0.66,16.6,0.65,11.4,0.64,11.3,0.86,5.0,0.89,10.0,0.91,55.0,0.93,39.9,0.94,129.1,0.14,5.0,0.11,10.0,0.09,55.0,0.07,39.9,0.06,129.1,0.32,11.9,0.33,11.8,0.34,16.6,0.35,11.4,0.36,11.3,0.18,0.18,616.208,1776166717000
1776166719.311,219.311,0.68,11.9,0.67,11.8,0.66,16.6,0.65,11.4,0.64,11.3,0.86,5.0,0.89,10.0,0.91,55.0,0.93,39.9,0.94,129.1,0.14,5.0,0.11,10.0,0.09,55.0,0.07,39.9,0.06,129.1,0.32,11.9,0.33,11.8,0.34,16.6,0.35,11.4,0.36,11.3,0.18,0.18,616.208,1776166718000
1776166720.83,220.83,0.68,11.9,0.67,11.8,0.66,16.6,0.65,11.4,0.64,11.3,0.86,5.0,0.89,10.0,0.91,55.0,0.93,39.9,0.94,129.1,0.14,5.0,0.11,10.0,0.09,55.0,0.07,39.9,0.06,129.1,0.32,11.9,0.33,11.8,0.34,16.6,0.35,11.4,0.36,11.3,0.18,0.18,616.207,1776166719000
1776166721.365,221.365,0.68,11.9,0.67,11.8,0.66,16.6,0.65,11.4,0.64,11.3,0.86,5.0,0.89,10.0,0.91,55.0,0.93,39.9,0.94,129.1,0.14,5.0,0.11,10.0,0.09,55.0,0.07,39.9,0.06,129.1,0.32,11.9,0.33,11.8,0.34,16.6,0.35,11.4,0.36,11.3,0.18,0.18,616.208,1776166720000
1776166722.016,222.016,0.68,11.9,0.67,11.8,0.66,16.6,0.65,11.4,0.64,11.3,0.86,5.0,0.89,10.0,0.91,55.0,0.93,39.9,0.94,129.1,0.14,5.0,0.11,10.0,0.09,55.0,0.07,39.9,0.06,129.1,0.32,11.9,0.33,11.8,0.34,16.6,0.35,11.4,0.36,11.3,0.18,0.18,616.132791,1776166721000
1776166722.47,222.47,0.6,11.55,0.51,55.68,0.47,10.4,0.46,10.5,0.45,10.5,0.74,19.0,0.76,14.3,0.77,14.7,0.78,15.2,0.79,15.7,0.14,5.0,0.11,10.0,0.09,55.0,0.07,39.9,0.06,129.1,0.32,11.9,0.33,11.8,0.34,16.6,0.35,11.4,0.36,11.3,0.14,0.18,616.132791,1776166721000
1776166723.365,223.365,0.6,11.55,0.51,55.68,0.47,10.4,0.46,10.5,0.45,10.5,0.74,19.0,0.76,14.3,0.77,14.7,0.78,15.2,0.79,15.7,0.26,19.0,0.24,14.3,0.23,14.7,0.22,15.2,0.21,15.7,0.4,11.55,0.49,55.68,0.53,10.4,0.54,10.5,0.55,10.5,0.14,0.14,616.0993,1776166722000
1776166724.009,224.009,0.6,11.55,0.51,55.68,0.47,10.4,0.46,10.5,0.45,10.5,0.74,29.79,0.75,13.9,0.76,14.3,0.77,14.7,0.78,15.2,0.26,29.79,0.25,13.9,0.24,14.3,0.23,14.7,0.22,15.2,0.4,11.55,0.49,55.68,0.53,10.4,0.54,10.5,0.55,10.5,0.14,0.14,616.118354,1776166723000
1776166724.654,224.654,0.51,50.0,0.49,5.68,0.43,10.6,0.42,10.7,0.41,72.7,0.72,12.9,0.73,13.2,0.74,29.79,0.75,13.9,0.76,14.3,0.27,13.2,0.26,29.79,0.25,13.9,0.24,14.3,0.23,14.7,0.4,8.02,0.49,50.0,0.51,5.68,0.57,10.6,0.58,10.7,0.21,0.13,616.118354,1776166723000
1776166725.06,225.06,0.51,50.0,0.49,5.68,0.43,10.6,0.42,10.7,0.41,72.7,0.72,12.9,0.73,13.2,0.74,29.79,0.75,13.9,0.76,14.3,0.28,12.9,0.27,13.2,0.26,29.79,0.25,13.9,0.24,14.3,0.49,50.0,0.51,5.68,0.57,10.6,0.58,10.7,0.59,72.7,0.21,0.21,616.15142,1776166724000
1776166726.278,226.278,0.51,50.0,0.49,5.68,0.43,10.6,0.42,10.7,0.41,72.7,0.72,12.9,0.73,13.2,0.74,29.79,0.75,13.9,0.76,14.3,0.28,12.9,0.27,13.2,0.26,29.79,0.25,13.9,0.24,14.3,0.49,50.0,0.51,5.68,0.57,10.6,0.58,10.7,0.59,72.7,0.21,0.21,616.12928,1776166725000
1776166727.378,227.378,0.51,50.0,0.49,5.68,0.43,10.6,0.42,10.7,0.41,72.7,0.72,12.9,0.73,13.2,0.74,29.79,0.75,13.9,0.76,14.3,0.28,12.9,0.27,13.2,0.26,29.79,0.25,13.9,0.24,14.3,0.49,50.0,0.51,5.68,0.57,10.6,0.58,10.7,0.59,72.7,0.21,0.21,616.1139,1776166726000
1776166727.997,227.997,0.51,50.0,0.49,5.68,0.43,10.6,0.42,10.7,0.41,72.7,0.72,12.9,0.73,13.2,0.74,29.79,0.75,13.9,0.76,14.3,0.28,12.9,0.27,13.2,0.26,29.79,0.25,13.9,0.24,14.3,0.49,50.0,0.51,5.68,0.57,10.6,0.58,10.7,0.59,72.7,0.21,0.21,616.1139,1776166727000
1776166729.351,229.351,0.51,50.0,0.49,5.68,0.43,10.6,0.42,10.7,0.41,72.7,0.72,12.9,0.73,13.2,0.74,29.79,0.75,13.9,0.76,14.3,0.28,12.9,0.27,13.2,0.26,29.79,0.25,13.9,0.24,14.3,0.49,50.0,0.51,5.68,0.57,10.6,0.58,10.7,0.59,72.7,0.21,0.21,616.1109,1776166728000
1776166730.456,230.456,0.51,50.0,0.49,5.68,0.43,10.6,0.42,10.7,0.41,72.7,0.72,12.9,0.73,13.2,0.74,29.79,0.75,13.9,0.76,14.3,0.28,12.9,0.27,13.2,0.26,29.79,0.25,13.9,0.24,14.3,0.49,50.0,0.51,5.68,0.57,10.6,0.58,10.7,0.59,72.7,0.21,0.21,616.11128,1776166729000
1776166731.057,231.057,0.51,50.0,0.49,5.68,0.43,10.6,0.42,10.7,0.41,72.7,0.72,12.9,0.73,13.2,0.74,29.79,0.75,13.9,0.76,14.3,0.28,12.9,0.27,13.2,0.26,29.79,0.25,13.9,0.24,14.3,0.49,50.0,0.51,5.68,0.57,10.6,0.58,10.7,0.59,72.7,0.21,0.21,616.09288,1776166730000
1776166732.14,232.14,0.51,50.0,0.49,5.68,0.43,10.6,0.42,10.7,0.41,72.7,0.72,12.9,0.73,13.2,0.74,29.79,0.75,13.9,0.76,14.3,0.28,12.9,0.27,13.2,0.26,29.79,0.25,13.9,0.24,14.3,0.49,50.0,0.51,5.68,0.57,10.6,0.58,10.7,0.59,72.7,0.21,0.21,616.0811,1776166731000
1776166733.305,233.305,0.51,50.0,0.49,5.68,0.43,10.6,0.42,10.7,0.41,72.7,0.72,12.9,0.73,13.2,0.74,29.79,0.75,13.9,0.76,14.3,0.28,12.9,0.27,13.2,0.26,29.79,0.25,13.9,0.24,14.3,0.49,50.0,0.51,5.68,0.57,10.6,0.58,10.7,0.59,72.7,0.21,0.21,616.08169,1776166732000
1776166734.273,234.273,0.51,50.0,0.49,5.68,0.43,10.6,0.42,10.7,0.41,72.7,0.72,12.9,0.73,13.2,0.74,29.79,0.75,13.9,0.76,14.3,0.28,12.9,0.27,13.2,0.26,29.79,0.25,13.9,0.24,14.3,0.49,50.0,0.51,5.68,0.57,10.6,0.58,10.7,0.59,72.7,0.21,0.21,616.08267,1776166733000
1776166735.421,235.421,0.51,50.0,0.49,5.68,0.43,10.6,0.42,10.7,0.41,72.7,0.72,12.9,0.73,13.2,0.74,29.79,0.75,13.9,0.76,14.3,0.28,12.9,0.27,13.2,0.26,29.79,0.25,13.9,0.24,14.3,0.49,50.0,0.51,5.68,0.57,10.6,0.58,10.7,0.59,72.7,0.21,0.21,616.08298,1776166734000
1776166735.97,235.97,0.41,46.45,0.38,5.68,0.32,11.9,0.31,62.2,0.3,12.4,0.52,10.4,0.53,10.4,0.54,10.5,0.55,10.5,0.56,10.6,0.48,10.4,0.47,10.4,0.46,10.5,0.45,10.5,0.44,10.6,0.59,46.45,0.62,5.68,0.68,11.9,0.69,62.2,0.7,12.4,0.11,0.11,616.0751,1776166735000
1776166737.121,237.121,0.41,46.45,0.38,5.68,0.32,11.9,0.31,62.2,0.3,12.4,0.52,10.4,0.53,10.4,0.54,10.5,0.55,10.5,0.56,10.6,0.48,10.4,0.47,10.4,0.46,10.5,0.45,10.5,0.44,10.6,0.59,46.45,0.62,5.68,0.68,11.9,0.69,62.2,0.7,12.4,0.11,0.11,616.0759,1776166736000
1776166738.275,238.275,0.41,46.45,0.38,5.68,0.32,11.9,0.31,62.2,0.3,12.4,0.52,10.4,0.53,10.4,0.54,10.5,0.55,10.5,0.56,10.6,0.48,10.4,0.47,10.4,0.46,10.5,0.45,10.5,0.44,10.6,0.59,46.45,0.62,5.68,0.68,11.9,0.69,62.2,0.7,12.4,0.11,0.11,616.07635,1776166737000
1776166738.606,238.606,0.39,4.31,0.37,5.68,0.31,62.2,0.3,12.4,0.29,12.6,0.49,10.4,0.5,15.5,0.51,10.4,0.52,10.4,0.53,10.4,0.48,10.4,0.47,10.4,0.46,10.5,0.45,10.5,0.44,10.6,0.59,46.45,0.62,5.68,0.68,11.9,0.69,62.2,0.7,12.4,0.1,0.11,616.07635,1776166737000
1776166739.259,239.259,0.39,4.31,0.37,5.68,0.31,62.2,0.3,12.4,0.29,12.6,0.49,10.4,0.5,15.5,0.51,10.4,0.52,10.4,0.53,10.4,0.51,10.4,0.5,15.5,0.49,10.4,0.48,10.4,0.47,10.4,0.61,4.31,0.63,5.68,0.69,62.2,0.7,12.4,0.71,12.6,0.1,0.1,616.07681,1776166738000
1776166740.33,240.33,0.39,4.31,0.37,5.68,0.31,62.2,0.3,12.4,0.29,12.6,0.49,10.4,0.5,15.5,0.51,10.4,0.52,10.4,0.53,10.4,0.51,10.4,0.5,15.5,0.49,10.4,0.48,10.4,0.47,10.4,0.61,4.31,0.63,5.68,0.69,62.2,0.7,12.4,0.71,12.6,0.1,0.1,616.06026,1776166739000
1776166741.369,241.369,0.39,4.31,0.37,5.68,0.31,62.2,0.3,12.4,0.29,12.6,0.49,10.4,0.5,15.5,0.51,10.4,0.52,10.4,0.53,10.4,0.51,10.4,0.5,15.5,0.49,10.4,0.48,10.4,0.47,10.4,0.61,4.31,0.63,5.68,0.69,62.2,0.7,12.4,0.71,12.6,0.1,0.1,616.014437,1776166740000
1776166741.948,241.948,0.39,4.31,0.37,5.68,0.31,62.2,0.3,12.4,0.29,12.6,0.49,10.4,0.5,15.5,0.51,10.4,0.52,10.4,0.53,10.4,0.51,10.4,0.5,15.5,0.49,10.4,0.48,10.4,0.47,10.4,0.61,4.31,0.63,5.68,0.69,62.2,0.7,12.4,0.71,12.6,0.1,0.1,616.017067,1776166741000
1776166743.111,243.111,0.39,4.31,0.37,5.68,0.31,62.2,0.3,12.4,0.29,12.6,0.49,10.4,0.5,15.5,0.51,10.4,0.52,10.4,0.53,10.4,0.51,10.4,0.5,15.5,0.49,10.4,0.48,10.4,0.47,10.4,0.61,4.31,0.63,5.68,0.69,62.2,0.7,12.4,0.71,12.6,0.1,0.1,616.06078,1776166742000
1776166744.269,244.269,0.39,4.31,0.37,5.68,0.31,62.2,0.3,12.4,0.29,12.6,0.49,10.4,0.5,15.5,0.51,10.4,0.52,10.4,0.53,10.4,0.51,10.4,0.5,15.5,0.49,10.4,0.48,10.4,0.47,10.4,0.61,4.31,0.63,5.68,0.69,62.2,0.7,12.4,0.71,12.6,0.1,0.1,616.077834,1776166743000
1776166745.468,245.468,0.39,4.31,0.37,5.68,0.31,62.2,0.3,12.4,0.29,12.6,0.49,10.4,0.5,15.5,0.51,10.4,0.52,10.4,0.53,10.4,0.51,10.4,0.5,15.5,0.49,10.4,0.48,10.4,0.47,10.4,0.61,4.31,0.63,5.68,0.69,62.2,0.7,12.4,0.71,12.6,0.1,0.1,616.07328,1776166744000
1776166745.932,245.932,0.39,4.31,0.37,5.68,0.31,62.2,0.3,12.4,0.29,12.6,0.49,10.4,0.5,15.5,0.51,10.4,0.52,10.4,0.53,10.4,0.51,10.4,0.5,15.5,0.49,10.4,0.48,10.4,0.47,10.4,0.61,4.31,0.63,5.68,0.69,62.2,0.7,12.4,0.71,12.6,0.1,0.1,616.04403,1776166745000
1776166747.219,247.219,0.39,4.31,0.35,5.68,0.31,50.0,0.3,12.4,0.29,12.6,0.47,8.04,0.48,10.4,0.49,20.4,0.5,10.4,0.51,10.4,0.53,8.04,0.52,10.4,0.51,20.4,0.5,10.4,0.49,10.4,0.61,4.31,0.65,5.68,0.69,50.0,0.7,12.4,0.71,12.6,0.08,0.08,616.03896,1776166746000
1776166748.804,248.804,0.39,4.31,0.35,5.68,0.31,50.0,0.3,12.4,0.29,12.6,0.47,8.04,0.48,10.4,0.49,20.4,0.5,10.4,0.51,10.4,0.53,8.04,0.52,10.4,0.51,20.4,0.5,10.4,0.49,10.4,0.61,4.31,0.65,5.68,0.69,50.0,0.7,12.4,0.71,12.6,0.08,0.08,616.04019,1776166747000
1776166749.301,249.301,0.39,4.31,0.35,5.68,0.31,50.0,0.3,12.4,0.29,12.6,0.47,8.04,0.48,10.4,0.49,20.4,0.5,10.4,0.51,10.4,0.53,8.04,0.52,10.4,0.51,20.4,0.5,10.4,0.49,10.4,0.61,4.31,0.65,5.68,0.69,50.0,0.7,12.4,0.71,12.6,0.08,0.08,616.04073,1776166748000
1776166750.275,250.275,0.39,4.31,0.35,5.68,0.31,50.0,0.3,12.4,0.29,12.6,0.47,8.04,0.48,10.4,0.49,20.4,0.5,10.4,0.51,10.4,0.53,8.04,0.52,10.4,0.51,20.4,0.5,10.4,0.49,10.4,0.61,4.31,0.65,5.68,0.69,50.0,0.7,12.4,0.71,12.6,0.08,0.08,616.04142,1776166749000
1776166751.241,251.241,0.39,4.31,0.35,5.68,0.31,50.0,0.3,12.4,0.29,12.6,0.47,8.04,0.48,10.4,0.49,20.4,0.5,10.4,0.51,10.4,0.53,8.04,0.52,10.4,0.51,20.4,0.5,10.4,0.49,10.4,0.61,4.31,0.65,5.68,0.69,50.0,0.7,12.4,0.71,12.6,0.08,0.08,616.04149,1776166750000
1776166752.378,252.378,0.39,4.31,0.35,5.68,0.31,50.0,0.3,12.4,0.29,12.6,0.47,8.04,0.48,10.4,0.49,20.4,0.5,10.4,0.51,10.4,0.53,8.04,0.52,10.4,0.51,20.4,0.5,10.4,0.49,10.4,0.61,4.31,0.65,5.68,0.69,50.0,0.7,12.4,0.71,12.6,0.08,0.08,616.06175,1776166751000
1776166753.483,253.483,0.39,4.31,0.35,5.68,0.31,50.0,0.3,12.4,0.29,12.6,0.47,8.04,0.48,10.4,0.49,20.4,0.5,10.4,0.51,10.4,0.53,8.04,0.52,10.4,0.51,20.4,0.5,10.4,0.49,10.4,0.61,4.31,0.65,5.68,0.69,50.0,0.7,12.4,0.71,12.6,0.08,0.08,616.06623,1776166752000
1776166754.014,254.014,0.39,4.31,0.35,5.68,0.31,50.0,0.3,12.4,0.29,12.6,0.47,8.04,0.48,10.4,0.49,20.4,0.5,10.4,0.51,10.4,0.53,8.04,0.52,10.4,0.51,20.4,0.5,10.4,0.49,10.4,0.61,4.31,0.65,5.68,0.69,50.0,0.7,12.4,0.71,12.6,0.08,0.08,616.06623,1776166753000
1776166755.168,255.168,0.39,4.31,0.35,5.68,0.31,50.0,0.3,12.4,0.29,12.6,0.47,8.04,0.48,10.4,0.49,20.4,0.5,10.4,0.51,10.4,0.53,8.04,0.52,10.4,0.51,20.4,0.5,10.4,0.49,10.4,0.61,4.31,0.65,5.68,0.69,50.0,0.7,12.4,0.71,12.6,0.08,0.08,616.06819,1776166754000
1776166756.229,256.229,0.39,4.31,0.35,5.68,0.31,50.0,0.3,12.4,0.29,12.6,0.47,8.04,0.48,10.4,0.49,20.4,0.5,10.4,0.51,10.4,0.53,8.04,0.52,10.4,0.51,20.4,0.5,10.4,0.49,10.4,0.61,4.31,0.65,5.68,0.69,50.0,0.7,12.4,0.71,12.6,0.08,0.08,616.06857,1776166755000
1776166757.258,257.258,0.39,4.31,0.35,5.68,0.31,50.0,0.3,12.4,0.29,12.6,0.47,8.04,0.48,10.4,0.49,20.4,0.5,10.4,0.51,10.4,0.53,8.04,0.52,10.4,0.51,20.4,0.5,10.4,0.49,10.4,0.61,4.31,0.65,5.68,0.69,50.0,0.7,12.4,0.71,12.6,0.08,0.08,616.06843,1776166756000
1776166758.427,258.427,0.39,4.31,0.35,5.68,0.31,50.0,0.3,12.4,0.29,12.6,0.47,8.04,0.48,10.4,0.49,20.4,0.5,10.4,0.51,10.4,0.53,8.04,0.52,10.4,0.51,20.4,0.5,10.4,0.49,10.4,0.61,4.31,0.65,5.68,0.69,50.0,0.7,12.4,0.71,12.6,0.08,0.08,616.06848,1776166757000
1776166758.988,258.988,0.39,4.31,0.35,5.68,0.31,50.0,0.3,12.4,0.29,12.6,0.47,8.04,0.48,10.4,0.49,20.4,0.5,10.4,0.51,10.4,0.53,8.04,0.52,10.4,0.51,20.4,0.5,10.4,0.49,10.4,0.61,4.31,0.65,5.68,0.69,50.0,0.7,12.4,0.71,12.6,0.08,0.08,616.0693,1776166758000
1776166759.97,259.97,0.39,4.31,0.35,5.68,0.31,50.0,0.3,12.4,0.29,12.6,0.47,8.04,0.48,10.4,0.49,20.4,0.5,10.4,0.51,10.4,0.53,8.04,0.52,10.4,0.51,20.4,0.5,10.4,0.49,10.4,0.61,4.31,0.65,5.68,0.69,50.0,0.7,12.4,0.71,12.6,0.08,0.08,616.07006,1776166759000
1776166761.079,261.079,0.39,4.31,0.35,5.68,0.31,50.0,0.3,12.4,0.29,12.6,0.47,8.04,0.48,10.4,0.49,20.4,0.5,10.4,0.51,10.4,0.53,8.04,0.52,10.4,0.51,20.4,0.5,10.4,0.49,10.4,0.61,4.31,0.65,5.68,0.69,50.0,0.7,12.4,0.71,12.6,0.08,0.08,616.07017,1776166760000
1776166762.449,262.449,0.39,4.31,0.35,5.68,0.31,50.0,0.3,12.4,0.29,12.6,0.47,8.04,0.48,10.4,0.49,20.4,0.5,10.4,0.51,10.4,0.53,8.04,0.52,10.4,0.51,20.4,0.5,10.4,0.49,10.4,0.61,4.31,0.65,5.68,0.69,50.0,0.7,12.4,0.71,12.6,0.08,0.08,616.077084,1776166761000
1776166763.021,263.021,0.39,4.31,0.35,5.68,0.31,50.0,0.3,12.4,0.29,12.6,0.47,8.04,0.48,10.4,0.49,20.4,0.5,10.4,0.51,10.4,0.53,8.04,0.52,10.4,0.51,20.4,0.5,10.4,0.49,10.4,0.61,4.31,0.65,5.68,0.69,50.0,0.7,12.4,0.71,12.6,0.08,0.08,616.077354,1776166762000
1776166764.068,264.068,0.39,4.31,0.35,5.68,0.31,50.0,0.3,12.4,0.29,12.6,0.47,8.04,0.48,10.4,0.49,20.4,0.5,10.4,0.51,10.4,0.53,8.04,0.52,10.4,0.51,20.4,0.5,10.4,0.49,10.4,0.61,4.31,0.65,5.68,0.69,50.0,0.7,12.4,0.71,12.6,0.08,0.08,616.05808,1776166763000
1776166765.044,265.044,0.39,4.31,0.35,5.68,0.31,50.0,0.3,12.4,0.29,12.6,0.47,8.04,0.48,10.4,0.49,20.4,0.5,10.4,0.51,10.4,0.53,8.04,0.52,10.4,0.51,20.4,0.5,10.4,0.49,10.4,0.61,4.31,0.65,5.68,0.69,50.0,0.7,12.4,0.71,12.6,0.08,0.08,616.05774,1776166764000
1776166765.955,265.955,0.39,4.31,0.35,5.68,0.31,50.0,0.3,12.4,0.29,12.6,0.47,8.04,0.48,10.4,0.49,20.4,0.5,10.4,0.51,10.4,0.53,8.04,0.52,10.4,0.51,20.4,0.5,10.4,0.49,10.4,0.61,4.31,0.65,5.68,0.69,50.0,0.7,12.4,0.71,12.6,0.08,0.08,616.05737,1776166765000
1776166766.907,266.907,0.39,4.31,0.35,5.68,0.31,50.0,0.3,12.4,0.29,12.6,0.47,8.04,0.48,10.4,0.49,20.4,0.5,10.4,0.51,10.4,0.53,8.04,0.52,10.4,0.51,20.4,0.5,10.4,0.49,10.4,0.61,4.31,0.65,5.68,0.69,50.0,0.7,12.4,0.71,12.6,0.08,0.08,616.05751,1776166766000
1776166767.883,267.883,0.39,4.31,0.35,5.68,0.31,50.0,0.3,12.4,0.29,12.6,0.47,8.04,0.48,10.4,0.49,20.4,0.5,10.4,0.51,10.4,0.53,8.04,0.52,10.4,0.51,20.4,0.5,10.4,0.49,10.4,0.61,4.31,0.65,5.68,0.69,50.0,0.7,12.4,0.71,12.6,0.08,0.08,616.06282,1776166767000
1776166769.254,269.254,0.39,4.31,0.35,5.68,0.31,50.0,0.3,12.4,0.29,12.6,0.47,8.04,0.48,10.4,0.49,20.4,0.5,10.4,0.51,10.4,0.53,8.04,0.52,10.4,0.51,20.4,0.5,10.4,0.49,10.4,0.61,4.31,0.65,5.68,0.69,50.0,0.7,12.4,0.71,12.6,0.08,0.08,616.05872,1776166768000
1776166770.342,270.342,0.39,4.31,0.35,5.68,0.31,50.0,0.3,12.4,0.29,12.6,0.47,8.04,0.48,10.4,0.49,20.4,0.5,10.4,0.51,10.4,0.53,8.04,0.52,10.4,0.51,20.4,0.5,10.4,0.49,10.4,0.61,4.31,0.65,5.68,0.69,50.0,0.7,12.4,0.71,12.6,0.08,0.08,616.0594,1776166769000
1776166771.215,271.215,0.39,4.31,0.35,5.68,0.31,50.0,0.3,12.4,0.29,12.6,0.47,8.04,0.48,10.4,0.49,20.4,0.5,10.4,0.51,10.4,0.53,8.04,0.52,10.4,0.51,20.4,0.5,10.4,0.49,10.4,0.61,4.31,0.65,5.68,0.69,50.0,0.7,12.4,0.71,12.6,0.08,0.08,616.06054,1776166770000
1776166772.147,272.147,0.39,2.27,0.31,50.0,0.29,5.68,0.26,13.5,0.25,13.9,0.42,15.7,0.43,10.6,0.44,10.6,0.45,10.5,0.46,10.5,0.58,15.7,0.57,10.6,0.56,10.6,0.55,10.5,0.54,10.5,0.61,2.27,0.69,50.0,0.71,5.68,0.74,13.5,0.75,13.9,0.03,0.03,616.06071,1776166771000
1776166773.161,273.161,0.39,2.27,0.31,50.0,0.29,5.68,0.26,13.5,0.25,13.9,0.42,15.7,0.43,10.6,0.44,10.6,0.45,10.5,0.46,10.5,0.58,15.7,0.57,10.6,0.56,10.6,0.55,10.5,0.54,10.5,0.61,2.27,0.69,50.0,0.71,5.68,0.74,13.5,0.75,13.9,0.03,0.03,616.05986,1776166772000
1776166773.464,273.464,0.31,50.0,0.28,5.68,0.25,13.9,0.24,14.3,0.23,14.7,0.41,15.7,0.42,20.7,0.43,10.6,0.44,10.6,0.45,10.5,0.58,15.7,0.57,10.6,0.56,10.6,0.55,10.5,0.54,10.5,0.61,2.27,0.69,50.0,0.71,5.68,0.74,13.5,0.75,13.9,0.1,0.03,616.05986,1776166772000
1776166774.083,274.083,0.31,50.0,0.28,5.68,0.25,13.9,0.24,14.3,0.23,14.7,0.41,15.7,0.42,20.7,0.43,10.6,0.44,10.6,0.45,10.5,0.59,15.7,0.58,20.7,0.57,10.6,0.56,10.6,0.55,10.5,0.69,50.0,0.72,5.68,0.75,13.9,0.76,14.3,0.77,14.7,0.1,0.1,616.06126,1776166773000
1776166775.035,275.035,0.31,50.0,0.28,5.68,0.25,13.9,0.24,14.3,0.23,14.7,0.41,15.7,0.42,20.7,0.43,10.6,0.44,10.6,0.45,10.5,0.59,15.7,0.58,20.7,0.57,10.6,0.56,10.6,0.55,10.5,0.69,50.0,0.72,5.68,0.75,13.9,0.76,14.3,0.77,14.7,0.1,0.1,616.06101,1776166774000
1776166776.014,276.014,0.31,50.0,0.28,5.68,0.25,13.9,0.24,14.3,0.23,14.7,0.41,15.7,0.42,20.7,0.43,10.6,0.44,10.6,0.45,10.5,0.59,15.7,0.58,20.7,0.57,10.6,0.56,10.6,0.55,10.5,0.69,50.0,0.72,5.68,0.75,13.9,0.76,14.3,0.77,14.7,0.1,0.1,616.06155,1776166775000
1776166776.936,276.936,0.31,50.0,0.28,5.68,0.25,13.9,0.24,14.3,0.23,14.7,0.41,15.7,0.42,20.7,0.43,10.6,0.44,10.6,0.45,10.5,0.59,15.7,0.58,20.7,0.57,10.6,0.56,10.6,0.55,10.5,0.69,50.0,0.72,5.68,0.75,13.9,0.76,14.3,0.77,14.7,0.1,0.1,616.06234,1776166776000
1776166777.635,277.635,0.31,33.56,0.26,5.68,0.21,50.0,0.15,13.2,0.12,10.0,0.4,5.0,0.42,10.0,0.61,50.0,0.71,50.0,0.75,20.0,0.59,15.7,0.58,20.7,0.57,10.6,0.56,10.6,0.55,10.5,0.69,50.0,0.72,5.68,0.75,13.9,0.76,14.3,0.77,14.7,0.09,0.1,616.06234,1776166776000
1776166777.979,277.979,0.31,33.56,0.26,5.68,0.21,50.0,0.15,13.2,0.12,10.0,0.4,5.0,0.42,10.0,0.61,50.0,0.71,50.0,0.75,20.0,0.6,5.0,0.58,10.0,0.39,50.0,0.29,50.0,0.25,20.0,0.69,33.56,0.74,5.68,0.79,50.0,0.85,13.2,0.88,10.0,0.09,0.09,616.06227,1776166777000
1776166778.988,278.988,0.31,33.56,0.26,5.68,0.21,50.0,0.15,13.2,0.12,10.0,0.4,5.0,0.42,10.0,0.61,50.0,0.71,50.0,0.75,20.0,0.6,5.0,0.58,10.0,0.39,50.0,0.29,50.0,0.25,20.0,0.69,33.56,0.74,5.68,0.79,50.0,0.85,13.2,0.88,10.0,0.09,0.09,616.06235,1776166778000
1776166779.887,279.887,0.31,33.56,0.26,5.68,0.21,50.0,0.15,13.2,0.12,10.0,0.4,5.0,0.42,10.0,0.61,50.0,0.71,50.0,0.75,20.0,0.6,5.0,0.58,10.0,0.39,50.0,0.29,50.0,0.25,20.0,0.69,33.56,0.74,5.68,0.79,50.0,0.85,13.2,0.88,10.0,0.09,0.09,616.06253,1776166779000
1776166781.272,281.272,0.31,33.56,0.26,5.68,0.21,50.0,0.15,13.2,0.12,10.0,0.4,5.0,0.42,10.0,0.61,50.0,0.71,50.0,0.75,20.0,0.6,5.0,0.58,10.0,0.39,50.0,0.29,50.0,0.25,20.0,0.69,33.56,0.74,5.68,0.79,50.0,0.85,13.2,0.88,10.0,0.09,0.09,616.06288,1776166780000
1776166782.173,282.173,0.31,33.56,0.26,5.68,0.21,50.0,0.15,13.2,0.12,10.0,0.4,5.0,0.42,10.0,0.61,50.0,0.71,50.0,0.75,20.0,0.6,5.0,0.58,10.0,0.39,50.0,0.29,50.0,0.25,20.0,0.69,33.56,0.74,5.68,0.79,50.0,0.85,13.2,0.88,10.0,0.09,0.09,616.09468,1776166781000
1776166783.035,283.035,0.31,33.56,0.26,5.68,0.21,50.0,0.15,13.2,0.12,10.0,0.4,5.0,0.42,10.0,0.61,50.0,0.71,50.0,0.75,20.0,0.6,5.0,0.58,10.0,0.39,50.0,0.29,50.0,0.25,20.0,0.69,33.56,0.74,5.68,0.79,50.0,0.85,13.2,0.88,10.0,0.09,0.09,616.09475,1776166782000
1776166784.011,284.011,0.31,33.56,0.26,5.68,0.21,50.0,0.15,13.2,0.12,10.0,0.4,5.0,0.42,10.0,0.61,50.0,0.71,50.0,0.75,20.0,0.6,5.0,0.58,10.0,0.39,50.0,0.29,50.0,0.25,20.0,0.69,33.56,0.74,5.68,0.79,50.0,0.85,13.2,0.88,10.0,0.09,0.09,616.09564,1776166783000
1776166784.954,284.954,0.31,33.56,0.26,5.68,0.21,50.0,0.15,13.2,0.12,10.0,0.4,5.0,0.42,10.0,0.61,50.0,0.71,50.0,0.75,20.0,0.6,5.0,0.58,10.0,0.39,50.0,0.29,50.0,0.25,20.0,0.69,33.56,0.74,5.68,0.79,50.0,0.85,13.2,0.88,10.0,0.09,0.09,616.09561,1776166784000
1776166785.837,285.837,0.31,33.56,0.26,5.68,0.21,50.0,0.15,13.2,0.12,10.0,0.4,5.0,0.42,10.0,0.61,50.0,0.71,50.0,0.75,20.0,0.6,5.0,0.58,10.0,0.39,50.0,0.29,50.0,0.25,20.0,0.69,33.56,0.74,5.68,0.79,50.0,0.85,13.2,0.88,10.0,0.09,0.09,616.09569,1776166785000
1776166787.416,287.416,0.31,33.56,0.26,5.68,0.21,50.0,0.15,13.2,0.12,10.0,0.4,5.0,0.42,10.0,0.61,50.0,0.71,50.0,0.75,20.0,0.6,5.0,0.58,10.0,0.39,50.0,0.29,50.0,0.25,20.0,0.69,33.56,0.74,5.68,0.79,50.0,0.85,13.2,0.88,10.0,0.09,0.09,616.099992,1776166786000
1776166788.076,288.076,0.31,33.56,0.26,5.68,0.21,50.0,0.15,13.2,0.12,10.0,0.4,5.0,0.42,10.0,0.61,50.0,0.71,50.0,0.75,20.0,0.6,5.0,0.58,10.0,0.39,50.0,0.29,50.0,0.25,20.0,0.69,33.56,0.74,5.68,0.79,50.0,0.85,13.2,0.88,10.0,0.09,0.09,616.099142,1776166787000
1776166789.273,289.273,0.31,33.56,0.26,5.68,0.21,50.0,0.15,13.2,0.12,10.0,0.4,5.0,0.42,10.0,0.61,50.0,0.71,50.0,0.75,20.0,0.6,5.0,0.58,10.0,0.39,50.0,0.29,50.0,0.25,20.0,0.69,33.56,0.74,5.68,0.79,50.0,0.85,13.2,0.88,10.0,0.09,0.09,616.099139,1776166788000
1776166790.464,290.464,0.31,33.56,0.26,5.68,0.21,50.0,0.15,13.2,0.12,10.0,0.4,5.0,0.42,10.0,0.61,50.0,0.71,50.0,0.75,20.0,0.6,5.0,0.58,10.0,0.39,50.0,0.29,50.0,0.25,20.0,0.69,33.56,0.74,5.68,0.79,50.0,0.85,13.2,0.88,10.0,0.09,0.09,616.099237,1776166789000
1776166791.058,291.058,0.31,33.56,0.26,5.68,0.21,50.0,0.15,13.2,0.12,10.0,0.4,5.0,0.42,10.0,0.61,50.0,0.71,50.0,0.75,20.0,0.6,5.0,0.58,10.0,0.39,50.0,0.29,50.0,0.25,20.0,0.69,33.56,0.74,5.68,0.79,50.0,0.85,13.2,0.88,10.0,0.09,0.09,616.099893,1776166790000
1776166792.201,292.201,0.31,33.56,0.26,5.68,0.21,50.0,0.15,13.2,0.12,10.0,0.4,5.0,0.42,10.0,0.61,50.0,0.71,50.0,0.75,20.0,0.6,5.0,0.58,10.0,0.39,50.0,0.29,50.0,0.25,20.0,0.69,33.56,0.74,5.68,0.79,50.0,0.85,13.2,0.88,10.0,0.09,0.09,616.100087,1776166791000
1776166793.304,293.304,0.31,33.56,0.26,5.68,0.21,50.0,0.15,13.2,0.12,10.0,0.4,5.0,0.42,10.0,0.61,50.0,0.71,50.0,0.75,20.0,0.6,5.0,0.58,10.0,0.39,50.0,0.29,50.0,0.25,20.0,0.69,33.56,0.74,5.68,0.79,50.0,0.85,13.2,0.88,10.0,0.09,0.09,616.100097,1776166792000
1776166794.032,294.032,0.31,33.56,0.26,5.68,0.21,50.0,0.15,13.2,0.12,10.0,0.4,5.0,0.42,10.0,0.61,50.0,0.71,50.0,0.75,20.0,0.6,5.0,0.58,10.0,0.39,50.0,0.29,50.0,0.25,20.0,0.69,33.56,0.74,5.68,0.79,50.0,0.85,13.2,0.88,10.0,0.09,0.09,616.100097,1776166793000
1776166795.141,295.141,0.31,33.56,0.26,5.68,0.21,50.0,0.15,13.2,0.12,10.0,0.4,5.0,0.42,10.0,0.61,50.0,0.71,50.0,0.75,20.0,0.6,5.0,0.58,10.0,0.39,50.0,0.29,50.0,0.25,20.0,0.69,33.56,0.74,5.68,0.79,50.0,0.85,13.2,0.88,10.0,0.09,0.09,616.10201,1776166794000
1776166796.296,296.296,0.31,33.56,0.26,5.68,0.21,50.0,0.15,13.2,0.12,10.0,0.4,5.0,0.42,10.0,0.61,50.0,0.71,50.0,0.75,20.0,0.6,5.0,0.58,10.0,0.39,50.0,0.29,50.0,0.25,20.0,0.69,33.56,0.74,5.68,0.79,50.0,0.85,13.2,0.88,10.0,0.09,0.09,616.105,1776166795000
1776166797.342,297.342,0.11,32.26,0.05,11.0,0.04,5.0,0.02,10.0,0.01,316.09,0.41,62.0,0.42,10.0,0.51,50.0,0.61,50.0,0.71,50.0,0.6,5.0,0.58,10.0,0.39,50.0,0.29,50.0,0.25,20.0,0.69,33.56,0.74,5.68,0.79,50.0,0.85,13.2,0.88,10.0,0.3,0.09,616.105,1776166795000
1776166797.608,297.608,0.11,32.26,0.05,11.0,0.04,5.0,0.02,10.0,0.01,316.09,0.41,32.59,0.42,10.0,0.51,50.0,0.61,50.0,0.71,50.0,0.59,62.0,0.58,10.0,0.49,50.0,0.39,50.0,0.29,50.0,0.89,32.26,0.95,11.0,0.96,5.0,0.98,10.0,0.99,316.09,0.3,0.3,616.10474,1776166796000
1776166797.904,297.904,0.31,50.0,0.21,50.0,0.11,32.26,0.04,5.0,0.02,10.0,0.71,53.81,0.81,50.0,0.89,45.0,0.91,50.0,0.95,11.0,0.49,33.77,0.39,50.0,0.29,50.0,0.19,50.0,0.09,50.0,0.89,32.26,0.95,11.0,0.96,5.0,0.98,10.0,0.99,316.09,0.4,0.4,616.10474,1776166796000
1776166798.118,298.118,0.31,50.0,0.21,50.0,0.11,32.26,0.04,5.0,0.02,10.0,0.71,53.81,0.81,50.0,0.89,45.0,0.91,50.0,0.95,11.0,0.29,53.81,0.19,50.0,0.11,45.0,0.09,50.0,0.05,11.0,0.69,50.0,0.79,50.0,0.89,32.26,0.96,5.0,0.98,10.0,0.4,0.4,616.10474,1776166797000
1776166798.567,298.567,0.41,50.0,0.31,50.0,0.21,50.0,0.11,32.26,0.04,5.0,0.71,41.62,0.81,50.0,0.91,50.0,0.96,5.0,0.98,10.0,0.29,53.81,0.19,50.0,0.11,45.0,0.09,50.0,0.05,11.0,0.69,50.0,0.79,50.0,0.89,32.26,0.96,5.0,0.98,10.0,0.3,0.4,616.10474,1776166797000
1776166799.144,299.144,0.41,50.0,0.31,50.0,0.21,50.0,0.11,32.26,0.04,5.0,0.71,41.62,0.81,50.0,0.91,50.0,0.96,5.0,0.98,10.0,0.29,41.62,0.19,50.0,0.09,50.0,0.04,5.0,0.02,10.0,0.59,50.0,0.69,50.0,0.79,50.0,0.89,32.26,0.96,5.0,0.3,0.3,616.10149,1776166798000
1776166800.298,300.298,0.41,50.0,0.31,50.0,0.21,50.0,0.11,32.26,0.04,5.0,0.71,41.62,0.81,50.0,0.91,50.0,0.96,5.0,0.98,10.0,0.29,41.62,0.19,50.0,0.09,50.0,0.04,5.0,0.02,10.0,0.59,50.0,0.69,50.0,0.79,50.0,0.89,32.26,0.96,5.0,0.3,0.3,616.181,1776166799000
1776166801.384,301.384,0.99,80.92,0.77,5.0,0.65,5.0,0.6,6.0,0.55,12.0,,,,,,,,,,,,,,,,,,,,,0.01,80.92,0.23,5.0,0.35,5.0,0.4,6.0,0.45,12.0,,,616.1732,1776166800000
1776166802.414,302.414,0.99,80.92,0.77,5.0,0.65,5.0,0.6,6.0,0.55,12.0,,,,,,,,,,,,,,,,,,,,,0.01,80.92,0.23,5.0,0.35,5.0,0.4,6.0,0.45,12.0,,,616.11908,1776166801000

# RESULT,winner=Up,slug=bnb-updown-5m-1776166500,ticks=308
