timestamp,elapsed_sec,up_bid_p1,up_bid_s1,up_bid_p2,up_bid_s2,up_bid_p3,up_bid_s3,up_bid_p4,up_bid_s4,up_bid_p5,up_bid_s5,up_ask_p1,up_ask_s1,up_ask_p2,up_ask_s2,up_ask_p3,up_ask_s3,up_ask_p4,up_ask_s4,up_ask_p5,up_ask_s5,down_bid_p1,down_bid_s1,down_bid_p2,down_bid_s2,down_bid_p3,down_bid_s3,down_bid_p4,down_bid_s4,down_bid_p5,down_bid_s5,down_ask_p1,down_ask_s1,down_ask_p2,down_ask_s2,down_ask_p3,down_ask_s3,down_ask_p4,down_ask_s4,down_ask_p5,down_ask_s5,up_spread,down_spread,bnb_price,bnb_oracle_ts
1776170700.569,0.569,0.49,10.0,0.48,5.0,0.47,31.0,0.46,41.0,0.45,45.0,0.51,10.0,0.52,5.0,0.53,31.0,0.54,41.0,0.55,45.0,0.41,13.0,0.4,8.0,0.39,8.0,0.38,8.0,0.37,189.0,0.59,13.0,0.6,8.0,0.61,8.0,0.62,8.0,0.63,189.0,0.02,0.18,615.848769,1776170698000
1776170701.621,1.621,0.41,13.0,0.4,8.0,0.39,8.0,0.38,8.0,0.37,189.0,0.59,13.0,0.6,8.0,0.61,8.0,0.62,8.0,0.63,189.0,0.41,13.0,0.4,8.0,0.39,8.0,0.38,8.0,0.37,189.0,0.59,13.0,0.6,8.0,0.61,8.0,0.62,8.0,0.63,189.0,0.18,0.18,615.74748,1776170700000
1776170702.256,2.256,0.41,13.0,0.4,8.0,0.39,8.0,0.38,8.0,0.37,189.0,0.59,13.0,0.6,8.0,0.61,8.0,0.62,8.0,0.63,189.0,0.41,13.0,0.4,8.0,0.39,8.0,0.38,8.0,0.37,189.0,0.59,13.0,0.6,8.0,0.61,8.0,0.62,8.0,0.63,189.0,0.18,0.18,615.74203,1776170701000
1776170703.72,3.72,0.41,13.0,0.4,8.0,0.39,8.0,0.38,8.0,0.37,189.0,0.59,13.0,0.6,8.0,0.61,8.0,0.62,8.0,0.63,189.0,0.41,13.0,0.4,8.0,0.39,8.0,0.38,8.0,0.37,189.0,0.59,13.0,0.6,8.0,0.61,8.0,0.62,8.0,0.63,189.0,0.18,0.18,615.8047,1776170702000
1776170704.604,4.604,0.41,13.0,0.4,8.0,0.39,8.0,0.38,8.0,0.37,189.0,0.59,13.0,0.6,8.0,0.61,8.0,0.62,8.0,0.63,189.0,0.41,13.0,0.4,8.0,0.39,8.0,0.38,8.0,0.37,189.0,0.59,13.0,0.6,8.0,0.61,8.0,0.62,8.0,0.63,189.0,0.18,0.18,615.801406,1776170703000
1776170705.251,5.251,0.41,13.0,0.4,8.0,0.39,8.0,0.38,8.0,0.37,189.0,0.59,13.0,0.6,8.0,0.61,8.0,0.62,8.0,0.63,189.0,0.41,13.0,0.4,8.0,0.39,8.0,0.38,8.0,0.37,189.0,0.59,13.0,0.6,8.0,0.61,8.0,0.62,8.0,0.63,189.0,0.18,0.18,615.82792,1776170704000
1776170706.772,6.772,0.41,13.0,0.4,8.0,0.39,8.0,0.38,8.0,0.37,189.0,0.59,13.0,0.6,8.0,0.61,8.0,0.62,8.0,0.63,189.0,0.41,13.0,0.4,8.0,0.39,8.0,0.38,8.0,0.37,189.0,0.59,13.0,0.6,8.0,0.61,8.0,0.62,8.0,0.63,189.0,0.18,0.18,615.83309,1776170705000
1776170707.475,7.475,0.41,13.0,0.4,8.0,0.39,8.0,0.38,8.0,0.37,189.0,0.59,13.0,0.6,8.0,0.61,8.0,0.62,8.0,0.63,189.0,0.41,13.0,0.4,8.0,0.39,8.0,0.38,8.0,0.37,189.0,0.59,13.0,0.6,8.0,0.61,8.0,0.62,8.0,0.63,189.0,0.18,0.18,615.83022,1776170706000
1776170708.174,8.174,0.41,13.0,0.4,8.0,0.39,8.0,0.38,8.0,0.37,189.0,0.59,13.0,0.6,8.0,0.61,8.0,0.62,8.0,0.63,189.0,0.41,13.0,0.4,8.0,0.39,8.0,0.38,8.0,0.37,189.0,0.59,13.0,0.6,8.0,0.61,8.0,0.62,8.0,0.63,189.0,0.18,0.18,615.82715,1776170707000
1776170709.745,9.745,0.41,13.0,0.4,8.0,0.39,8.0,0.38,8.0,0.37,189.0,0.59,13.0,0.6,8.0,0.61,8.0,0.62,8.0,0.63,189.0,0.41,13.0,0.4,8.0,0.39,8.0,0.38,8.0,0.37,189.0,0.59,13.0,0.6,8.0,0.61,8.0,0.62,8.0,0.63,189.0,0.18,0.18,615.84732,1776170708000
1776170710.407,10.407,0.41,13.0,0.4,8.0,0.39,8.0,0.38,8.0,0.37,189.0,0.59,13.0,0.6,8.0,0.61,8.0,0.62,8.0,0.63,189.0,0.41,13.0,0.4,8.0,0.39,8.0,0.38,8.0,0.37,189.0,0.59,13.0,0.6,8.0,0.61,8.0,0.62,8.0,0.63,189.0,0.18,0.18,615.863276,1776170709000
1776170711.507,11.507,0.41,13.0,0.4,8.0,0.39,8.0,0.38,8.0,0.37,189.0,0.59,13.0,0.6,8.0,0.61,8.0,0.62,8.0,0.63,189.0,0.41,13.0,0.4,8.0,0.39,8.0,0.38,8.0,0.37,189.0,0.59,13.0,0.6,8.0,0.61,8.0,0.62,8.0,0.63,189.0,0.18,0.18,615.80799,1776170710000
1776170711.961,11.961,0.41,13.0,0.4,8.0,0.39,8.0,0.38,8.0,0.37,189.0,0.59,13.0,0.6,8.0,0.61,8.0,0.62,8.0,0.63,189.0,0.41,13.0,0.4,8.0,0.39,8.0,0.38,8.0,0.37,189.0,0.59,13.0,0.6,8.0,0.61,8.0,0.62,8.0,0.63,189.0,0.18,0.18,615.785956,1776170711000
1776170712.953,12.953,0.41,13.0,0.4,8.0,0.39,8.0,0.38,8.0,0.37,189.0,0.59,13.0,0.6,8.0,0.61,8.0,0.62,8.0,0.63,189.0,0.41,13.0,0.4,8.0,0.39,8.0,0.38,8.0,0.37,189.0,0.59,13.0,0.6,8.0,0.61,8.0,0.62,8.0,0.63,189.0,0.18,0.18,615.7816,1776170712000
1776170713.848,13.848,0.41,13.0,0.4,8.0,0.39,8.0,0.38,8.0,0.37,189.0,0.59,13.0,0.6,8.0,0.61,8.0,0.62,8.0,0.63,189.0,0.41,13.0,0.4,8.0,0.39,8.0,0.38,8.0,0.37,189.0,0.59,13.0,0.6,8.0,0.61,8.0,0.62,8.0,0.63,189.0,0.18,0.18,615.76778,1776170713000
1776170715.312,15.312,0.41,13.0,0.4,8.0,0.39,8.0,0.38,8.0,0.37,189.0,0.59,13.0,0.6,8.0,0.61,8.0,0.62,8.0,0.63,189.0,0.41,13.0,0.4,8.0,0.39,8.0,0.38,8.0,0.37,189.0,0.59,13.0,0.6,8.0,0.61,8.0,0.62,8.0,0.63,189.0,0.18,0.18,615.764292,1776170714000
1776170716.212,16.212,0.41,13.0,0.4,8.0,0.39,8.0,0.38,8.0,0.37,189.0,0.59,13.0,0.6,8.0,0.61,8.0,0.62,8.0,0.63,189.0,0.41,13.0,0.4,8.0,0.39,8.0,0.38,8.0,0.37,189.0,0.59,13.0,0.6,8.0,0.61,8.0,0.62,8.0,0.63,189.0,0.18,0.18,615.768088,1776170715000
1776170717.137,17.137,0.41,13.0,0.4,8.0,0.39,8.0,0.38,8.0,0.37,189.0,0.59,13.0,0.6,8.0,0.61,8.0,0.62,8.0,0.63,189.0,0.41,13.0,0.4,8.0,0.39,8.0,0.38,8.0,0.37,189.0,0.59,13.0,0.6,8.0,0.61,8.0,0.62,8.0,0.63,189.0,0.18,0.18,615.79434,1776170716000
1776170718.187,18.187,0.41,13.0,0.4,8.0,0.39,8.0,0.38,8.0,0.37,189.0,0.59,13.0,0.6,8.0,0.61,8.0,0.62,8.0,0.63,189.0,0.41,13.0,0.4,8.0,0.39,8.0,0.38,8.0,0.37,189.0,0.59,13.0,0.6,8.0,0.61,8.0,0.62,8.0,0.63,189.0,0.18,0.18,615.807256,1776170717000
1776170719.198,19.198,0.41,13.0,0.4,8.0,0.39,8.0,0.38,8.0,0.37,189.0,0.59,13.0,0.6,8.0,0.61,8.0,0.62,8.0,0.63,189.0,0.41,13.0,0.4,8.0,0.39,8.0,0.38,8.0,0.37,189.0,0.59,13.0,0.6,8.0,0.61,8.0,0.62,8.0,0.63,189.0,0.18,0.18,615.81088,1776170718000
1776170720.134,20.134,0.41,13.0,0.4,8.0,0.39,8.0,0.38,8.0,0.37,189.0,0.59,13.0,0.6,8.0,0.61,8.0,0.62,8.0,0.63,189.0,0.41,13.0,0.4,8.0,0.39,8.0,0.38,8.0,0.37,189.0,0.59,13.0,0.6,8.0,0.61,8.0,0.62,8.0,0.63,189.0,0.18,0.18,615.80958,1776170719000
1776170721.164,21.164,0.41,13.0,0.4,8.0,0.39,8.0,0.38,8.0,0.37,189.0,0.59,13.0,0.6,8.0,0.61,8.0,0.62,8.0,0.63,189.0,0.41,13.0,0.4,8.0,0.39,8.0,0.38,8.0,0.37,189.0,0.59,13.0,0.6,8.0,0.61,8.0,0.62,8.0,0.63,189.0,0.18,0.18,615.79161,1776170720000
1776170722.102,22.102,0.41,13.0,0.4,8.0,0.39,8.0,0.38,8.0,0.37,189.0,0.59,13.0,0.6,8.0,0.61,8.0,0.62,8.0,0.63,189.0,0.41,13.0,0.4,8.0,0.39,8.0,0.38,8.0,0.37,189.0,0.59,13.0,0.6,8.0,0.61,8.0,0.62,8.0,0.63,189.0,0.18,0.18,615.794293,1776170721000
1776170723.13,23.13,0.41,13.0,0.4,8.0,0.39,8.0,0.38,8.0,0.37,189.0,0.59,13.0,0.6,8.0,0.61,8.0,0.62,8.0,0.63,189.0,0.41,13.0,0.4,8.0,0.39,8.0,0.38,8.0,0.37,189.0,0.59,13.0,0.6,8.0,0.61,8.0,0.62,8.0,0.63,189.0,0.18,0.18,615.76597,1776170722000
1776170724.179,24.179,0.41,13.0,0.4,8.0,0.39,8.0,0.38,8.0,0.37,189.0,0.59,13.0,0.6,8.0,0.61,8.0,0.62,8.0,0.63,189.0,0.41,13.0,0.4,8.0,0.39,8.0,0.38,8.0,0.37,189.0,0.59,13.0,0.6,8.0,0.61,8.0,0.62,8.0,0.63,189.0,0.18,0.18,615.769656,1776170723000
1776170725.239,25.239,0.41,13.0,0.4,8.0,0.39,8.0,0.38,8.0,0.37,189.0,0.59,13.0,0.6,8.0,0.61,8.0,0.62,8.0,0.63,189.0,0.41,13.0,0.4,8.0,0.39,8.0,0.38,8.0,0.37,189.0,0.59,13.0,0.6,8.0,0.61,8.0,0.62,8.0,0.63,189.0,0.18,0.18,615.77193,1776170724000
1776170726.232,26.232,0.41,13.0,0.4,8.0,0.39,8.0,0.38,8.0,0.37,189.0,0.59,13.0,0.6,8.0,0.61,8.0,0.62,8.0,0.63,189.0,0.41,13.0,0.4,8.0,0.39,8.0,0.38,8.0,0.37,189.0,0.59,13.0,0.6,8.0,0.61,8.0,0.62,8.0,0.63,189.0,0.18,0.18,615.77374,1776170725000
1776170727.21,27.21,0.41,13.0,0.4,8.0,0.39,8.0,0.38,8.0,0.37,189.0,0.59,13.0,0.6,8.0,0.61,8.0,0.62,8.0,0.63,189.0,0.41,13.0,0.4,8.0,0.39,8.0,0.38,8.0,0.37,189.0,0.59,13.0,0.6,8.0,0.61,8.0,0.62,8.0,0.63,189.0,0.18,0.18,615.78486,1776170726000
1776170728.203,28.203,0.41,13.0,0.4,8.0,0.39,8.0,0.38,8.0,0.37,189.0,0.59,13.0,0.6,8.0,0.61,8.0,0.62,8.0,0.63,189.0,0.41,13.0,0.4,8.0,0.39,8.0,0.38,8.0,0.37,189.0,0.59,13.0,0.6,8.0,0.61,8.0,0.62,8.0,0.63,189.0,0.18,0.18,615.77333,1776170727000
1776170729.294,29.294,0.41,13.0,0.4,8.0,0.39,8.0,0.38,8.0,0.37,189.0,0.59,13.0,0.6,8.0,0.61,8.0,0.62,8.0,0.63,189.0,0.41,13.0,0.4,8.0,0.39,8.0,0.38,8.0,0.37,189.0,0.59,13.0,0.6,8.0,0.61,8.0,0.62,8.0,0.63,189.0,0.18,0.18,615.785969,1776170728000
1776170730.272,30.272,0.41,13.0,0.4,8.0,0.39,8.0,0.38,8.0,0.37,189.0,0.59,13.0,0.6,8.0,0.61,8.0,0.62,8.0,0.63,189.0,0.41,13.0,0.4,8.0,0.39,8.0,0.38,8.0,0.37,189.0,0.59,13.0,0.6,8.0,0.61,8.0,0.62,8.0,0.63,189.0,0.18,0.18,615.79182,1776170729000
1776170731.224,31.224,0.41,13.0,0.4,8.0,0.39,8.0,0.38,8.0,0.37,189.0,0.59,13.0,0.6,8.0,0.61,8.0,0.62,8.0,0.63,189.0,0.41,13.0,0.4,8.0,0.39,8.0,0.38,8.0,0.37,189.0,0.59,13.0,0.6,8.0,0.61,8.0,0.62,8.0,0.63,189.0,0.18,0.18,615.79388,1776170730000
1776170732.119,32.119,0.41,13.0,0.4,8.0,0.39,8.0,0.38,8.0,0.37,189.0,0.59,13.0,0.6,8.0,0.61,8.0,0.62,8.0,0.63,189.0,0.41,13.0,0.4,8.0,0.39,8.0,0.38,8.0,0.37,189.0,0.59,13.0,0.6,8.0,0.61,8.0,0.62,8.0,0.63,189.0,0.18,0.18,615.79594,1776170731000
1776170733.154,33.154,0.41,13.0,0.4,8.0,0.39,8.0,0.38,8.0,0.37,189.0,0.59,13.0,0.6,8.0,0.61,8.0,0.62,8.0,0.63,189.0,0.41,13.0,0.4,8.0,0.39,8.0,0.38,8.0,0.37,189.0,0.59,13.0,0.6,8.0,0.61,8.0,0.62,8.0,0.63,189.0,0.18,0.18,615.79155,1776170732000
1776170734.032,34.032,0.41,13.0,0.4,8.0,0.39,8.0,0.38,8.0,0.37,189.0,0.59,13.0,0.6,8.0,0.61,8.0,0.62,8.0,0.63,189.0,0.41,13.0,0.4,8.0,0.39,8.0,0.38,8.0,0.37,189.0,0.59,13.0,0.6,8.0,0.61,8.0,0.62,8.0,0.63,189.0,0.18,0.18,615.78242,1776170733000
1776170734.978,34.978,0.41,13.0,0.4,8.0,0.39,8.0,0.38,8.0,0.37,189.0,0.59,13.0,0.6,8.0,0.61,8.0,0.62,8.0,0.63,189.0,0.41,13.0,0.4,8.0,0.39,8.0,0.38,8.0,0.37,189.0,0.59,13.0,0.6,8.0,0.61,8.0,0.62,8.0,0.63,189.0,0.18,0.18,615.821284,1776170734000
1776170735.941,35.941,0.41,13.0,0.4,8.0,0.39,8.0,0.38,8.0,0.37,189.0,0.59,13.0,0.6,8.0,0.61,8.0,0.62,8.0,0.63,189.0,0.41,13.0,0.4,8.0,0.39,8.0,0.38,8.0,0.37,189.0,0.59,13.0,0.6,8.0,0.61,8.0,0.62,8.0,0.63,189.0,0.18,0.18,615.789748,1776170735000
1776170737.321,37.321,0.41,13.0,0.4,8.0,0.39,8.0,0.38,8.0,0.37,189.0,0.59,13.0,0.6,8.0,0.61,8.0,0.62,8.0,0.63,189.0,0.41,13.0,0.4,8.0,0.39,8.0,0.38,8.0,0.37,189.0,0.59,13.0,0.6,8.0,0.61,8.0,0.62,8.0,0.63,189.0,0.18,0.18,615.800825,1776170736000
1776170738.306,38.306,0.41,13.0,0.4,8.0,0.39,8.0,0.38,8.0,0.37,189.0,0.59,13.0,0.6,8.0,0.61,8.0,0.62,8.0,0.63,189.0,0.41,13.0,0.4,8.0,0.39,8.0,0.38,8.0,0.37,189.0,0.59,13.0,0.6,8.0,0.61,8.0,0.62,8.0,0.63,189.0,0.18,0.18,615.819706,1776170737000
1776170739.36,39.36,0.41,13.0,0.4,8.0,0.39,8.0,0.38,8.0,0.37,189.0,0.59,13.0,0.6,8.0,0.61,8.0,0.62,8.0,0.63,189.0,0.41,13.0,0.4,8.0,0.39,8.0,0.38,8.0,0.37,189.0,0.59,13.0,0.6,8.0,0.61,8.0,0.62,8.0,0.63,189.0,0.18,0.18,615.821335,1776170738000
1776170740.335,40.335,0.41,13.0,0.4,8.0,0.39,8.0,0.38,8.0,0.37,189.0,0.59,13.0,0.6,8.0,0.61,8.0,0.62,8.0,0.63,189.0,0.41,13.0,0.4,8.0,0.39,8.0,0.38,8.0,0.37,189.0,0.59,13.0,0.6,8.0,0.61,8.0,0.62,8.0,0.63,189.0,0.18,0.18,615.798183,1776170739000
1776170741.294,41.294,0.41,13.0,0.4,8.0,0.39,8.0,0.38,8.0,0.37,189.0,0.59,13.0,0.6,8.0,0.61,8.0,0.62,8.0,0.63,189.0,0.41,13.0,0.4,8.0,0.39,8.0,0.38,8.0,0.37,189.0,0.59,13.0,0.6,8.0,0.61,8.0,0.62,8.0,0.63,189.0,0.18,0.18,615.785146,1776170740000
1776170742.333,42.333,0.41,13.0,0.4,8.0,0.39,8.0,0.38,8.0,0.37,189.0,0.59,13.0,0.6,8.0,0.61,8.0,0.62,8.0,0.63,189.0,0.41,13.0,0.4,8.0,0.39,8.0,0.38,8.0,0.37,189.0,0.59,13.0,0.6,8.0,0.61,8.0,0.62,8.0,0.63,189.0,0.18,0.18,615.813125,1776170741000
1776170743.266,43.266,0.41,13.0,0.4,8.0,0.39,8.0,0.38,8.0,0.37,189.0,0.59,13.0,0.6,8.0,0.61,8.0,0.62,8.0,0.63,189.0,0.41,13.0,0.4,8.0,0.39,8.0,0.38,8.0,0.37,189.0,0.59,13.0,0.6,8.0,0.61,8.0,0.62,8.0,0.63,189.0,0.18,0.18,615.830522,1776170742000
1776170744.287,44.287,0.41,13.0,0.4,8.0,0.39,8.0,0.38,8.0,0.37,189.0,0.59,13.0,0.6,8.0,0.61,8.0,0.62,8.0,0.63,189.0,0.41,13.0,0.4,8.0,0.39,8.0,0.38,8.0,0.37,189.0,0.59,13.0,0.6,8.0,0.61,8.0,0.62,8.0,0.63,189.0,0.18,0.18,615.793521,1776170743000
1776170745.179,45.179,0.41,13.0,0.4,8.0,0.39,8.0,0.38,8.0,0.37,189.0,0.59,13.0,0.6,8.0,0.61,8.0,0.62,8.0,0.63,189.0,0.41,13.0,0.4,8.0,0.39,8.0,0.38,8.0,0.37,189.0,0.59,13.0,0.6,8.0,0.61,8.0,0.62,8.0,0.63,189.0,0.18,0.18,615.81345,1776170744000
1776170746.202,46.202,0.41,13.0,0.4,8.0,0.39,8.0,0.38,8.0,0.37,189.0,0.59,13.0,0.6,8.0,0.61,8.0,0.62,8.0,0.63,189.0,0.41,13.0,0.4,8.0,0.39,8.0,0.38,8.0,0.37,189.0,0.59,13.0,0.6,8.0,0.61,8.0,0.62,8.0,0.63,189.0,0.18,0.18,615.792699,1776170745000
1776170747.105,47.105,0.41,13.0,0.4,8.0,0.39,8.0,0.38,8.0,0.37,189.0,0.59,13.0,0.6,8.0,0.61,8.0,0.62,8.0,0.63,189.0,0.41,13.0,0.4,8.0,0.39,8.0,0.38,8.0,0.37,189.0,0.59,13.0,0.6,8.0,0.61,8.0,0.62,8.0,0.63,189.0,0.18,0.18,615.81061,1776170746000
1776170748.142,48.142,0.41,13.0,0.4,8.0,0.39,8.0,0.38,8.0,0.37,189.0,0.59,13.0,0.6,8.0,0.61,8.0,0.62,8.0,0.63,189.0,0.41,13.0,0.4,8.0,0.39,8.0,0.38,8.0,0.37,189.0,0.59,13.0,0.6,8.0,0.61,8.0,0.62,8.0,0.63,189.0,0.18,0.18,615.80923,1776170747000
1776170749.796,49.796,0.41,13.0,0.4,8.0,0.39,8.0,0.38,8.0,0.37,189.0,0.59,13.0,0.6,8.0,0.61,8.0,0.62,8.0,0.63,189.0,0.41,13.0,0.4,8.0,0.39,8.0,0.38,8.0,0.37,189.0,0.59,13.0,0.6,8.0,0.61,8.0,0.62,8.0,0.63,189.0,0.18,0.18,615.80915,1776170748000
1776170750.363,50.363,0.41,13.0,0.4,8.0,0.39,8.0,0.38,8.0,0.37,189.0,0.59,13.0,0.6,8.0,0.61,8.0,0.62,8.0,0.63,189.0,0.41,13.0,0.4,8.0,0.39,8.0,0.38,8.0,0.37,189.0,0.59,13.0,0.6,8.0,0.61,8.0,0.62,8.0,0.63,189.0,0.18,0.18,615.80944,1776170749000
1776170750.943,50.943,0.41,13.0,0.4,8.0,0.39,8.0,0.38,8.0,0.37,189.0,0.59,13.0,0.6,8.0,0.61,8.0,0.62,8.0,0.63,189.0,0.41,13.0,0.4,8.0,0.39,8.0,0.38,8.0,0.37,189.0,0.59,13.0,0.6,8.0,0.61,8.0,0.62,8.0,0.63,189.0,0.18,0.18,615.80944,1776170750000
1776170752.115,52.115,0.41,13.0,0.4,8.0,0.39,8.0,0.38,8.0,0.37,189.0,0.59,13.0,0.6,8.0,0.61,8.0,0.62,8.0,0.63,189.0,0.41,13.0,0.4,8.0,0.39,8.0,0.38,8.0,0.37,189.0,0.59,13.0,0.6,8.0,0.61,8.0,0.62,8.0,0.63,189.0,0.18,0.18,615.82205,1776170751000
1776170753.683,53.683,0.41,13.0,0.4,8.0,0.39,8.0,0.38,8.0,0.37,189.0,0.59,13.0,0.6,8.0,0.61,8.0,0.62,8.0,0.63,189.0,0.41,13.0,0.4,8.0,0.39,8.0,0.38,8.0,0.37,189.0,0.59,13.0,0.6,8.0,0.61,8.0,0.62,8.0,0.63,189.0,0.18,0.18,615.81998,1776170752000
1776170754.233,54.233,0.41,13.0,0.4,8.0,0.39,8.0,0.38,8.0,0.37,189.0,0.59,13.0,0.6,8.0,0.61,8.0,0.62,8.0,0.63,189.0,0.41,13.0,0.4,8.0,0.39,8.0,0.38,8.0,0.37,189.0,0.59,13.0,0.6,8.0,0.61,8.0,0.62,8.0,0.63,189.0,0.18,0.18,615.81992,1776170753000
1776170755.354,55.354,0.41,13.0,0.4,8.0,0.39,8.0,0.38,8.0,0.37,189.0,0.59,13.0,0.6,8.0,0.61,8.0,0.62,8.0,0.63,189.0,0.41,13.0,0.4,8.0,0.39,8.0,0.38,8.0,0.37,189.0,0.59,13.0,0.6,8.0,0.61,8.0,0.62,8.0,0.63,189.0,0.18,0.18,615.81279,1776170754000
1776170755.916,55.916,0.41,13.0,0.4,8.0,0.39,8.0,0.38,8.0,0.37,189.0,0.59,13.0,0.6,8.0,0.61,8.0,0.62,8.0,0.63,189.0,0.41,13.0,0.4,8.0,0.39,8.0,0.38,8.0,0.37,189.0,0.59,13.0,0.6,8.0,0.61,8.0,0.62,8.0,0.63,189.0,0.18,0.18,615.81255,1776170755000
1776170757.145,57.145,0.41,13.0,0.4,8.0,0.39,8.0,0.38,8.0,0.37,189.0,0.59,13.0,0.6,8.0,0.61,8.0,0.62,8.0,0.63,189.0,0.41,13.0,0.4,8.0,0.39,8.0,0.38,8.0,0.37,189.0,0.59,13.0,0.6,8.0,0.61,8.0,0.62,8.0,0.63,189.0,0.18,0.18,615.80916,1776170756000
1776170758.155,58.155,0.41,13.0,0.4,8.0,0.39,8.0,0.38,8.0,0.37,189.0,0.59,13.0,0.6,8.0,0.61,8.0,0.62,8.0,0.63,189.0,0.41,13.0,0.4,8.0,0.39,8.0,0.38,8.0,0.37,189.0,0.59,13.0,0.6,8.0,0.61,8.0,0.62,8.0,0.63,189.0,0.18,0.18,615.7959,1776170757000
1776170759.208,59.208,0.41,13.0,0.4,8.0,0.39,8.0,0.38,8.0,0.37,189.0,0.59,13.0,0.6,8.0,0.61,8.0,0.62,8.0,0.63,189.0,0.41,13.0,0.4,8.0,0.39,8.0,0.38,8.0,0.37,189.0,0.59,13.0,0.6,8.0,0.61,8.0,0.62,8.0,0.63,189.0,0.18,0.18,615.78675,1776170758000
1776170759.887,59.887,0.41,13.0,0.4,8.0,0.39,8.0,0.38,8.0,0.37,189.0,0.59,13.0,0.6,8.0,0.61,8.0,0.62,8.0,0.63,189.0,0.41,13.0,0.4,8.0,0.39,8.0,0.38,8.0,0.37,189.0,0.59,13.0,0.6,8.0,0.61,8.0,0.62,8.0,0.63,189.0,0.18,0.18,615.78747,1776170759000
1776170761.123,61.123,0.41,13.0,0.4,8.0,0.39,8.0,0.38,8.0,0.37,189.0,0.59,13.0,0.6,8.0,0.61,8.0,0.62,8.0,0.63,189.0,0.41,13.0,0.4,8.0,0.39,8.0,0.38,8.0,0.37,189.0,0.59,13.0,0.6,8.0,0.61,8.0,0.62,8.0,0.63,189.0,0.18,0.18,615.778103,1776170760000
1776170762.322,62.322,0.41,13.0,0.4,8.0,0.39,8.0,0.38,8.0,0.37,189.0,0.59,13.0,0.6,8.0,0.61,8.0,0.62,8.0,0.63,189.0,0.41,13.0,0.4,8.0,0.39,8.0,0.38,8.0,0.37,189.0,0.59,13.0,0.6,8.0,0.61,8.0,0.62,8.0,0.63,189.0,0.18,0.18,615.772964,1776170761000
1776170763.016,63.016,0.41,13.0,0.4,8.0,0.39,8.0,0.38,8.0,0.37,189.0,0.59,13.0,0.6,8.0,0.61,8.0,0.62,8.0,0.63,189.0,0.41,13.0,0.4,8.0,0.39,8.0,0.38,8.0,0.37,189.0,0.59,13.0,0.6,8.0,0.61,8.0,0.62,8.0,0.63,189.0,0.18,0.18,615.79812,1776170762000
1776170764.507,64.507,0.41,13.0,0.4,8.0,0.39,8.0,0.38,8.0,0.37,189.0,0.59,13.0,0.6,8.0,0.61,8.0,0.62,8.0,0.63,189.0,0.41,13.0,0.4,8.0,0.39,8.0,0.38,8.0,0.37,189.0,0.59,13.0,0.6,8.0,0.61,8.0,0.62,8.0,0.63,189.0,0.18,0.18,615.82121,1776170763000
1776170765.48,65.48,0.41,13.0,0.4,8.0,0.39,8.0,0.38,8.0,0.37,189.0,0.59,13.0,0.6,8.0,0.61,8.0,0.62,8.0,0.63,189.0,0.41,13.0,0.4,8.0,0.39,8.0,0.38,8.0,0.37,189.0,0.59,13.0,0.6,8.0,0.61,8.0,0.62,8.0,0.63,189.0,0.18,0.18,615.82111,1776170764000
1776170766.065,66.065,0.41,13.0,0.4,8.0,0.39,8.0,0.38,8.0,0.37,189.0,0.59,13.0,0.6,8.0,0.61,8.0,0.62,8.0,0.63,189.0,0.41,13.0,0.4,8.0,0.39,8.0,0.38,8.0,0.37,189.0,0.59,13.0,0.6,8.0,0.61,8.0,0.62,8.0,0.63,189.0,0.18,0.18,615.82099,1776170765000
1776170767.188,67.188,0.41,13.0,0.4,8.0,0.39,8.0,0.38,8.0,0.37,189.0,0.59,13.0,0.6,8.0,0.61,8.0,0.62,8.0,0.63,189.0,0.41,13.0,0.4,8.0,0.39,8.0,0.38,8.0,0.37,189.0,0.59,13.0,0.6,8.0,0.61,8.0,0.62,8.0,0.63,189.0,0.18,0.18,615.82153,1776170766000
1776170768.325,68.325,0.41,13.0,0.4,8.0,0.39,8.0,0.38,8.0,0.37,189.0,0.59,13.0,0.6,8.0,0.61,8.0,0.62,8.0,0.63,189.0,0.41,13.0,0.4,8.0,0.39,8.0,0.38,8.0,0.37,189.0,0.59,13.0,0.6,8.0,0.61,8.0,0.62,8.0,0.63,189.0,0.18,0.18,615.82118,1776170767000
1776170769.472,69.472,0.41,13.0,0.4,8.0,0.39,8.0,0.38,8.0,0.37,189.0,0.59,13.0,0.6,8.0,0.61,8.0,0.62,8.0,0.63,189.0,0.41,13.0,0.4,8.0,0.39,8.0,0.38,8.0,0.37,189.0,0.59,13.0,0.6,8.0,0.61,8.0,0.62,8.0,0.63,189.0,0.18,0.18,615.81931,1776170768000
1776170770.366,70.366,0.41,13.0,0.4,8.0,0.39,8.0,0.38,8.0,0.37,189.0,0.59,13.0,0.6,8.0,0.61,8.0,0.62,8.0,0.63,189.0,0.41,13.0,0.4,8.0,0.39,8.0,0.38,8.0,0.37,189.0,0.59,13.0,0.6,8.0,0.61,8.0,0.62,8.0,0.63,189.0,0.18,0.18,615.81931,1776170769000
1776170771.031,71.031,0.41,13.0,0.4,8.0,0.39,8.0,0.38,8.0,0.37,189.0,0.59,13.0,0.6,8.0,0.61,8.0,0.62,8.0,0.63,189.0,0.41,13.0,0.4,8.0,0.39,8.0,0.38,8.0,0.37,189.0,0.59,13.0,0.6,8.0,0.61,8.0,0.62,8.0,0.63,189.0,0.18,0.18,615.811,1776170770000
1776170772.124,72.124,0.41,13.0,0.4,8.0,0.39,8.0,0.38,8.0,0.37,189.0,0.59,13.0,0.6,8.0,0.61,8.0,0.62,8.0,0.63,189.0,0.41,13.0,0.4,8.0,0.39,8.0,0.38,8.0,0.37,189.0,0.59,13.0,0.6,8.0,0.61,8.0,0.62,8.0,0.63,189.0,0.18,0.18,615.84685,1776170771000
1776170773.325,73.325,0.41,13.0,0.4,8.0,0.39,8.0,0.38,8.0,0.37,189.0,0.59,13.0,0.6,8.0,0.61,8.0,0.62,8.0,0.63,189.0,0.41,13.0,0.4,8.0,0.39,8.0,0.38,8.0,0.37,189.0,0.59,13.0,0.6,8.0,0.61,8.0,0.62,8.0,0.63,189.0,0.18,0.18,615.84708,1776170772000
1776170774.496,74.496,0.41,13.0,0.4,8.0,0.39,8.0,0.38,8.0,0.37,189.0,0.59,13.0,0.6,8.0,0.61,8.0,0.62,8.0,0.63,189.0,0.41,13.0,0.4,8.0,0.39,8.0,0.38,8.0,0.37,189.0,0.59,13.0,0.6,8.0,0.61,8.0,0.62,8.0,0.63,189.0,0.18,0.18,615.84477,1776170773000
1776170775.056,75.056,0.41,13.0,0.4,8.0,0.39,8.0,0.38,8.0,0.37,189.0,0.59,13.0,0.6,8.0,0.61,8.0,0.62,8.0,0.63,189.0,0.41,13.0,0.4,8.0,0.39,8.0,0.38,8.0,0.37,189.0,0.59,13.0,0.6,8.0,0.61,8.0,0.62,8.0,0.63,189.0,0.18,0.18,615.84205,1776170774000
1776170776.252,76.252,0.41,13.0,0.4,8.0,0.39,8.0,0.38,8.0,0.37,189.0,0.59,13.0,0.6,8.0,0.61,8.0,0.62,8.0,0.63,189.0,0.41,13.0,0.4,8.0,0.39,8.0,0.38,8.0,0.37,189.0,0.59,13.0,0.6,8.0,0.61,8.0,0.62,8.0,0.63,189.0,0.18,0.18,615.80801,1776170775000
1776170777.367,77.367,0.41,13.0,0.4,8.0,0.39,8.0,0.38,8.0,0.37,189.0,0.59,13.0,0.6,8.0,0.61,8.0,0.62,8.0,0.63,189.0,0.41,13.0,0.4,8.0,0.39,8.0,0.38,8.0,0.37,189.0,0.59,13.0,0.6,8.0,0.61,8.0,0.62,8.0,0.63,189.0,0.18,0.18,615.80717,1776170776000
1776170778.501,78.501,0.41,13.0,0.4,8.0,0.39,8.0,0.38,8.0,0.37,189.0,0.59,13.0,0.6,8.0,0.61,8.0,0.62,8.0,0.63,189.0,0.41,13.0,0.4,8.0,0.39,8.0,0.38,8.0,0.37,189.0,0.59,13.0,0.6,8.0,0.61,8.0,0.62,8.0,0.63,189.0,0.18,0.18,615.732962,1776170777000
1776170779.052,79.052,0.41,13.0,0.4,8.0,0.39,8.0,0.38,8.0,0.37,189.0,0.59,13.0,0.6,8.0,0.61,8.0,0.62,8.0,0.63,189.0,0.41,13.0,0.4,8.0,0.39,8.0,0.38,8.0,0.37,189.0,0.59,13.0,0.6,8.0,0.61,8.0,0.62,8.0,0.63,189.0,0.18,0.18,615.70389,1776170778000
1776170781.04,81.04,0.41,13.0,0.4,8.0,0.39,8.0,0.38,8.0,0.37,189.0,0.59,13.0,0.6,8.0,0.61,8.0,0.62,8.0,0.63,189.0,0.41,13.0,0.4,8.0,0.39,8.0,0.38,8.0,0.37,189.0,0.59,13.0,0.6,8.0,0.61,8.0,0.62,8.0,0.63,189.0,0.18,0.18,615.647,1776170779000
1776170781.689,81.689,0.41,13.0,0.4,8.0,0.39,8.0,0.38,8.0,0.37,189.0,0.59,13.0,0.6,8.0,0.61,8.0,0.62,8.0,0.63,189.0,0.41,13.0,0.4,8.0,0.39,8.0,0.38,8.0,0.37,189.0,0.59,13.0,0.6,8.0,0.61,8.0,0.62,8.0,0.63,189.0,0.18,0.18,615.64754,1776170780000
1776170782.092,82.092,0.41,13.0,0.4,8.0,0.39,8.0,0.38,8.0,0.37,189.0,0.59,13.0,0.6,8.0,0.61,8.0,0.62,8.0,0.63,189.0,0.41,13.0,0.4,8.0,0.39,8.0,0.38,8.0,0.37,189.0,0.59,13.0,0.6,8.0,0.61,8.0,0.62,8.0,0.63,189.0,0.18,0.18,615.644745,1776170781000
1776170783.19,83.19,0.41,13.0,0.4,8.0,0.39,8.0,0.38,8.0,0.37,189.0,0.59,13.0,0.6,8.0,0.61,8.0,0.62,8.0,0.63,189.0,0.41,13.0,0.4,8.0,0.39,8.0,0.38,8.0,0.37,189.0,0.59,13.0,0.6,8.0,0.61,8.0,0.62,8.0,0.63,189.0,0.18,0.18,615.64657,1776170782000
1776170784.383,84.383,0.41,13.0,0.4,8.0,0.39,8.0,0.38,8.0,0.37,189.0,0.59,13.0,0.6,8.0,0.61,8.0,0.62,8.0,0.63,189.0,0.41,13.0,0.4,8.0,0.39,8.0,0.38,8.0,0.37,189.0,0.59,13.0,0.6,8.0,0.61,8.0,0.62,8.0,0.63,189.0,0.18,0.18,615.64402,1776170783000
1776170785.434,85.434,0.41,13.0,0.4,8.0,0.39,8.0,0.38,8.0,0.37,189.0,0.59,13.0,0.6,8.0,0.61,8.0,0.62,8.0,0.63,189.0,0.41,13.0,0.4,8.0,0.39,8.0,0.38,8.0,0.37,189.0,0.59,13.0,0.6,8.0,0.61,8.0,0.62,8.0,0.63,189.0,0.18,0.18,615.6562,1776170784000
1776170786.017,86.017,0.41,13.0,0.4,8.0,0.39,8.0,0.38,8.0,0.37,189.0,0.59,13.0,0.6,8.0,0.61,8.0,0.62,8.0,0.63,189.0,0.41,13.0,0.4,8.0,0.39,8.0,0.38,8.0,0.37,189.0,0.59,13.0,0.6,8.0,0.61,8.0,0.62,8.0,0.63,189.0,0.18,0.18,615.65653,1776170785000
1776170787.186,87.186,0.41,13.0,0.4,8.0,0.39,8.0,0.38,8.0,0.37,189.0,0.59,13.0,0.6,8.0,0.61,8.0,0.62,8.0,0.63,189.0,0.41,13.0,0.4,8.0,0.39,8.0,0.38,8.0,0.37,189.0,0.59,13.0,0.6,8.0,0.61,8.0,0.62,8.0,0.63,189.0,0.18,0.18,615.67078,1776170786000
1776170788.276,88.276,0.41,13.0,0.4,8.0,0.39,8.0,0.38,8.0,0.37,189.0,0.59,13.0,0.6,8.0,0.61,8.0,0.62,8.0,0.63,189.0,0.41,13.0,0.4,8.0,0.39,8.0,0.38,8.0,0.37,189.0,0.59,13.0,0.6,8.0,0.61,8.0,0.62,8.0,0.63,189.0,0.18,0.18,615.66616,1776170787000
1776170789.366,89.366,0.41,13.0,0.4,8.0,0.39,8.0,0.38,8.0,0.37,189.0,0.59,13.0,0.6,8.0,0.61,8.0,0.62,8.0,0.63,189.0,0.41,13.0,0.4,8.0,0.39,8.0,0.38,8.0,0.37,189.0,0.59,13.0,0.6,8.0,0.61,8.0,0.62,8.0,0.63,189.0,0.18,0.18,615.6665,1776170788000
1776170790.058,90.058,0.41,13.0,0.4,8.0,0.39,8.0,0.38,8.0,0.37,189.0,0.59,13.0,0.6,8.0,0.61,8.0,0.62,8.0,0.63,189.0,0.41,13.0,0.4,8.0,0.39,8.0,0.38,8.0,0.37,189.0,0.59,13.0,0.6,8.0,0.61,8.0,0.62,8.0,0.63,189.0,0.18,0.18,615.67566,1776170789000
1776170791.162,91.162,0.41,13.0,0.4,8.0,0.39,8.0,0.38,8.0,0.37,189.0,0.59,13.0,0.6,8.0,0.61,8.0,0.62,8.0,0.63,189.0,0.41,13.0,0.4,8.0,0.39,8.0,0.38,8.0,0.37,189.0,0.59,13.0,0.6,8.0,0.61,8.0,0.62,8.0,0.63,189.0,0.18,0.18,615.67889,1776170790000
1776170792.209,92.209,0.41,13.0,0.4,8.0,0.39,8.0,0.38,8.0,0.37,189.0,0.59,13.0,0.6,8.0,0.61,8.0,0.62,8.0,0.63,189.0,0.41,13.0,0.4,8.0,0.39,8.0,0.38,8.0,0.37,189.0,0.59,13.0,0.6,8.0,0.61,8.0,0.62,8.0,0.63,189.0,0.18,0.18,615.67171,1776170791000
1776170793.246,93.246,0.41,13.0,0.4,8.0,0.39,8.0,0.38,8.0,0.37,189.0,0.59,13.0,0.6,8.0,0.61,8.0,0.62,8.0,0.63,189.0,0.41,13.0,0.4,8.0,0.39,8.0,0.38,8.0,0.37,189.0,0.59,13.0,0.6,8.0,0.61,8.0,0.62,8.0,0.63,189.0,0.18,0.18,615.67264,1776170792000
1776170793.976,93.976,0.41,13.0,0.4,8.0,0.39,8.0,0.38,8.0,0.37,189.0,0.59,13.0,0.6,8.0,0.61,8.0,0.62,8.0,0.63,189.0,0.41,13.0,0.4,8.0,0.39,8.0,0.38,8.0,0.37,189.0,0.59,13.0,0.6,8.0,0.61,8.0,0.62,8.0,0.63,189.0,0.18,0.18,615.752755,1776170793000
1776170795.478,95.478,0.41,13.0,0.4,8.0,0.39,8.0,0.38,8.0,0.37,189.0,0.59,13.0,0.6,8.0,0.61,8.0,0.62,8.0,0.63,189.0,0.41,13.0,0.4,8.0,0.39,8.0,0.38,8.0,0.37,189.0,0.59,13.0,0.6,8.0,0.61,8.0,0.62,8.0,0.63,189.0,0.18,0.18,615.78924,1776170794000
1776170795.955,95.955,0.41,13.0,0.4,8.0,0.39,8.0,0.38,8.0,0.37,189.0,0.59,13.0,0.6,8.0,0.61,8.0,0.62,8.0,0.63,189.0,0.41,13.0,0.4,8.0,0.39,8.0,0.38,8.0,0.37,189.0,0.59,13.0,0.6,8.0,0.61,8.0,0.62,8.0,0.63,189.0,0.18,0.18,615.79952,1776170795000
1776170797.008,97.008,0.41,13.0,0.4,8.0,0.39,8.0,0.38,8.0,0.37,189.0,0.59,13.0,0.6,8.0,0.61,8.0,0.62,8.0,0.63,189.0,0.41,13.0,0.4,8.0,0.39,8.0,0.38,8.0,0.37,189.0,0.59,13.0,0.6,8.0,0.61,8.0,0.62,8.0,0.63,189.0,0.18,0.18,615.79499,1776170796000
1776170798.014,98.014,0.41,13.0,0.4,8.0,0.39,8.0,0.38,8.0,0.37,189.0,0.59,13.0,0.6,8.0,0.61,8.0,0.62,8.0,0.63,189.0,0.41,13.0,0.4,8.0,0.39,8.0,0.38,8.0,0.37,189.0,0.59,13.0,0.6,8.0,0.61,8.0,0.62,8.0,0.63,189.0,0.18,0.18,615.7843,1776170797000
1776170798.918,98.918,0.41,13.0,0.4,8.0,0.39,8.0,0.38,8.0,0.37,189.0,0.59,13.0,0.6,8.0,0.61,8.0,0.62,8.0,0.63,189.0,0.41,13.0,0.4,8.0,0.39,8.0,0.38,8.0,0.37,189.0,0.59,13.0,0.6,8.0,0.61,8.0,0.62,8.0,0.63,189.0,0.18,0.18,615.7834,1776170798000
1776170799.966,99.966,0.41,13.0,0.4,8.0,0.39,8.0,0.38,8.0,0.37,189.0,0.59,13.0,0.6,8.0,0.61,8.0,0.62,8.0,0.63,189.0,0.41,13.0,0.4,8.0,0.39,8.0,0.38,8.0,0.37,189.0,0.59,13.0,0.6,8.0,0.61,8.0,0.62,8.0,0.63,189.0,0.18,0.18,615.78309,1776170799000
1776170800.931,100.931,0.41,13.0,0.4,8.0,0.39,8.0,0.38,8.0,0.37,189.0,0.59,13.0,0.6,8.0,0.61,8.0,0.62,8.0,0.63,189.0,0.41,13.0,0.4,8.0,0.39,8.0,0.38,8.0,0.37,189.0,0.59,13.0,0.6,8.0,0.61,8.0,0.62,8.0,0.63,189.0,0.18,0.18,615.78223,1776170800000
1776170801.87,101.87,0.41,13.0,0.4,8.0,0.39,8.0,0.38,8.0,0.37,189.0,0.59,13.0,0.6,8.0,0.61,8.0,0.62,8.0,0.63,189.0,0.41,13.0,0.4,8.0,0.39,8.0,0.38,8.0,0.37,189.0,0.59,13.0,0.6,8.0,0.61,8.0,0.62,8.0,0.63,189.0,0.18,0.18,615.78235,1776170801000
1776170802.878,102.878,0.41,13.0,0.4,8.0,0.39,8.0,0.38,8.0,0.37,189.0,0.59,13.0,0.6,8.0,0.61,8.0,0.62,8.0,0.63,189.0,0.41,13.0,0.4,8.0,0.39,8.0,0.38,8.0,0.37,189.0,0.59,13.0,0.6,8.0,0.61,8.0,0.62,8.0,0.63,189.0,0.18,0.18,615.7828,1776170802000
1776170803.964,103.964,0.41,13.0,0.4,8.0,0.39,8.0,0.38,8.0,0.37,189.0,0.59,13.0,0.6,8.0,0.61,8.0,0.62,8.0,0.63,189.0,0.41,13.0,0.4,8.0,0.39,8.0,0.38,8.0,0.37,189.0,0.59,13.0,0.6,8.0,0.61,8.0,0.62,8.0,0.63,189.0,0.18,0.18,615.78009,1776170803000
1776170804.883,104.883,0.41,13.0,0.4,8.0,0.39,8.0,0.38,8.0,0.37,189.0,0.59,13.0,0.6,8.0,0.61,8.0,0.62,8.0,0.63,189.0,0.41,13.0,0.4,8.0,0.39,8.0,0.38,8.0,0.37,189.0,0.59,13.0,0.6,8.0,0.61,8.0,0.62,8.0,0.63,189.0,0.18,0.18,615.77909,1776170804000
1776170805.853,105.853,0.41,13.0,0.4,8.0,0.39,8.0,0.38,8.0,0.37,189.0,0.59,13.0,0.6,8.0,0.61,8.0,0.62,8.0,0.63,189.0,0.41,13.0,0.4,8.0,0.39,8.0,0.38,8.0,0.37,189.0,0.59,13.0,0.6,8.0,0.61,8.0,0.62,8.0,0.63,189.0,0.18,0.18,615.77962,1776170805000
1776170806.868,106.868,0.41,13.0,0.4,8.0,0.39,8.0,0.38,8.0,0.37,189.0,0.59,13.0,0.6,8.0,0.61,8.0,0.62,8.0,0.63,189.0,0.41,13.0,0.4,8.0,0.39,8.0,0.38,8.0,0.37,189.0,0.59,13.0,0.6,8.0,0.61,8.0,0.62,8.0,0.63,189.0,0.18,0.18,615.778352,1776170806000
1776170808.321,108.321,0.41,13.0,0.4,8.0,0.39,8.0,0.38,8.0,0.37,189.0,0.59,13.0,0.6,8.0,0.61,8.0,0.62,8.0,0.63,189.0,0.41,13.0,0.4,8.0,0.39,8.0,0.38,8.0,0.37,189.0,0.59,13.0,0.6,8.0,0.61,8.0,0.62,8.0,0.63,189.0,0.18,0.18,615.778317,1776170807000
1776170809.867,109.867,0.41,13.0,0.4,8.0,0.39,8.0,0.38,8.0,0.37,189.0,0.59,13.0,0.6,8.0,0.61,8.0,0.62,8.0,0.63,189.0,0.41,13.0,0.4,8.0,0.39,8.0,0.38,8.0,0.37,189.0,0.59,13.0,0.6,8.0,0.61,8.0,0.62,8.0,0.63,189.0,0.18,0.18,615.78469,1776170808000
1776170810.62,110.62,0.41,13.0,0.4,8.0,0.39,8.0,0.38,8.0,0.37,189.0,0.59,13.0,0.6,8.0,0.61,8.0,0.62,8.0,0.63,189.0,0.41,13.0,0.4,8.0,0.39,8.0,0.38,8.0,0.37,189.0,0.59,13.0,0.6,8.0,0.61,8.0,0.62,8.0,0.63,189.0,0.18,0.18,615.78465,1776170809000
1776170811.471,111.471,0.41,13.0,0.4,8.0,0.39,8.0,0.38,8.0,0.37,189.0,0.59,13.0,0.6,8.0,0.61,8.0,0.62,8.0,0.63,189.0,0.41,13.0,0.4,8.0,0.39,8.0,0.38,8.0,0.37,189.0,0.59,13.0,0.6,8.0,0.61,8.0,0.62,8.0,0.63,189.0,0.18,0.18,615.760944,1776170810000
1776170812.104,112.104,0.41,13.0,0.4,8.0,0.39,8.0,0.38,8.0,0.37,189.0,0.59,13.0,0.6,8.0,0.61,8.0,0.62,8.0,0.63,189.0,0.41,13.0,0.4,8.0,0.39,8.0,0.38,8.0,0.37,189.0,0.59,13.0,0.6,8.0,0.61,8.0,0.62,8.0,0.63,189.0,0.18,0.18,615.78172,1776170811000
1776170813.75,113.75,0.41,13.0,0.4,8.0,0.39,8.0,0.38,8.0,0.37,189.0,0.59,13.0,0.6,8.0,0.61,8.0,0.62,8.0,0.63,189.0,0.41,13.0,0.4,8.0,0.39,8.0,0.38,8.0,0.37,189.0,0.59,13.0,0.6,8.0,0.61,8.0,0.62,8.0,0.63,189.0,0.18,0.18,615.74753,1776170812000
1776170814.399,114.399,0.41,13.0,0.4,8.0,0.39,8.0,0.38,8.0,0.37,189.0,0.59,13.0,0.6,8.0,0.61,8.0,0.62,8.0,0.63,189.0,0.41,13.0,0.4,8.0,0.39,8.0,0.38,8.0,0.37,189.0,0.59,13.0,0.6,8.0,0.61,8.0,0.62,8.0,0.63,189.0,0.18,0.18,615.74737,1776170813000
1776170815.079,115.079,0.41,13.0,0.4,8.0,0.39,8.0,0.38,8.0,0.37,189.0,0.59,13.0,0.6,8.0,0.61,8.0,0.62,8.0,0.63,189.0,0.41,13.0,0.4,8.0,0.39,8.0,0.38,8.0,0.37,189.0,0.59,13.0,0.6,8.0,0.61,8.0,0.62,8.0,0.63,189.0,0.18,0.18,615.74737,1776170814000
1776170816.559,116.559,0.41,13.0,0.4,8.0,0.39,8.0,0.38,8.0,0.37,189.0,0.59,13.0,0.6,8.0,0.61,8.0,0.62,8.0,0.63,189.0,0.41,13.0,0.4,8.0,0.39,8.0,0.38,8.0,0.37,189.0,0.59,13.0,0.6,8.0,0.61,8.0,0.62,8.0,0.63,189.0,0.18,0.18,615.74582,1776170815000
1776170817.444,117.444,0.41,13.0,0.4,8.0,0.39,8.0,0.38,8.0,0.37,189.0,0.59,13.0,0.6,8.0,0.61,8.0,0.62,8.0,0.63,189.0,0.41,13.0,0.4,8.0,0.39,8.0,0.38,8.0,0.37,189.0,0.59,13.0,0.6,8.0,0.61,8.0,0.62,8.0,0.63,189.0,0.18,0.18,615.74582,1776170816000
1776170818.109,118.109,0.41,13.0,0.4,8.0,0.39,8.0,0.38,8.0,0.37,189.0,0.59,13.0,0.6,8.0,0.61,8.0,0.62,8.0,0.63,189.0,0.41,13.0,0.4,8.0,0.39,8.0,0.38,8.0,0.37,189.0,0.59,13.0,0.6,8.0,0.61,8.0,0.62,8.0,0.63,189.0,0.18,0.18,615.720896,1776170817000
1776170819.489,119.489,0.41,13.0,0.4,8.0,0.39,8.0,0.38,8.0,0.37,189.0,0.59,13.0,0.6,8.0,0.61,8.0,0.62,8.0,0.63,189.0,0.41,13.0,0.4,8.0,0.39,8.0,0.38,8.0,0.37,189.0,0.59,13.0,0.6,8.0,0.61,8.0,0.62,8.0,0.63,189.0,0.18,0.18,615.75268,1776170818000
1776170820.216,120.216,0.41,13.0,0.4,8.0,0.39,8.0,0.38,8.0,0.37,189.0,0.59,13.0,0.6,8.0,0.61,8.0,0.62,8.0,0.63,189.0,0.41,13.0,0.4,8.0,0.39,8.0,0.38,8.0,0.37,189.0,0.59,13.0,0.6,8.0,0.61,8.0,0.62,8.0,0.63,189.0,0.18,0.18,615.749924,1776170819000
1776170821.518,121.518,0.41,13.0,0.4,8.0,0.39,8.0,0.38,8.0,0.37,189.0,0.59,13.0,0.6,8.0,0.61,8.0,0.62,8.0,0.63,189.0,0.41,13.0,0.4,8.0,0.39,8.0,0.38,8.0,0.37,189.0,0.59,13.0,0.6,8.0,0.61,8.0,0.62,8.0,0.63,189.0,0.18,0.18,615.766997,1776170820000
1776170822.269,122.269,0.41,13.0,0.4,8.0,0.39,8.0,0.38,8.0,0.37,189.0,0.59,13.0,0.6,8.0,0.61,8.0,0.62,8.0,0.63,189.0,0.41,13.0,0.4,8.0,0.39,8.0,0.38,8.0,0.37,189.0,0.59,13.0,0.6,8.0,0.61,8.0,0.62,8.0,0.63,189.0,0.18,0.18,615.780759,1776170821000
1776170823.811,123.811,0.41,13.0,0.4,8.0,0.39,8.0,0.38,8.0,0.37,189.0,0.59,13.0,0.6,8.0,0.61,8.0,0.62,8.0,0.63,189.0,0.41,13.0,0.4,8.0,0.39,8.0,0.38,8.0,0.37,189.0,0.59,13.0,0.6,8.0,0.61,8.0,0.62,8.0,0.63,189.0,0.18,0.18,615.780902,1776170822000
1776170824.386,124.386,0.41,13.0,0.4,8.0,0.39,8.0,0.38,8.0,0.37,189.0,0.59,13.0,0.6,8.0,0.61,8.0,0.62,8.0,0.63,189.0,0.41,13.0,0.4,8.0,0.39,8.0,0.38,8.0,0.37,189.0,0.59,13.0,0.6,8.0,0.61,8.0,0.62,8.0,0.63,189.0,0.18,0.18,615.780325,1776170823000
1776170825.093,125.093,0.41,13.0,0.4,8.0,0.39,8.0,0.38,8.0,0.37,189.0,0.59,13.0,0.6,8.0,0.61,8.0,0.62,8.0,0.63,189.0,0.41,13.0,0.4,8.0,0.39,8.0,0.38,8.0,0.37,189.0,0.59,13.0,0.6,8.0,0.61,8.0,0.62,8.0,0.63,189.0,0.18,0.18,615.79656,1776170824000
1776170826.901,126.901,0.41,13.0,0.4,8.0,0.39,8.0,0.38,8.0,0.37,189.0,0.59,13.0,0.6,8.0,0.61,8.0,0.62,8.0,0.63,189.0,0.41,13.0,0.4,8.0,0.39,8.0,0.38,8.0,0.37,189.0,0.59,13.0,0.6,8.0,0.61,8.0,0.62,8.0,0.63,189.0,0.18,0.18,615.80152,1776170825000
1776170827.392,127.392,0.41,13.0,0.4,8.0,0.39,8.0,0.38,8.0,0.37,189.0,0.59,13.0,0.6,8.0,0.61,8.0,0.62,8.0,0.63,189.0,0.41,13.0,0.4,8.0,0.39,8.0,0.38,8.0,0.37,189.0,0.59,13.0,0.6,8.0,0.61,8.0,0.62,8.0,0.63,189.0,0.18,0.18,615.80152,1776170826000
1776170827.89,127.89,0.41,13.0,0.4,8.0,0.39,8.0,0.38,8.0,0.37,189.0,0.59,13.0,0.6,8.0,0.61,8.0,0.62,8.0,0.63,189.0,0.41,13.0,0.4,8.0,0.39,8.0,0.38,8.0,0.37,189.0,0.59,13.0,0.6,8.0,0.61,8.0,0.62,8.0,0.63,189.0,0.18,0.18,615.80095,1776170827000
1776170828.933,128.933,0.41,13.0,0.4,8.0,0.39,8.0,0.38,8.0,0.37,189.0,0.59,13.0,0.6,8.0,0.61,8.0,0.62,8.0,0.63,189.0,0.41,13.0,0.4,8.0,0.39,8.0,0.38,8.0,0.37,189.0,0.59,13.0,0.6,8.0,0.61,8.0,0.62,8.0,0.63,189.0,0.18,0.18,615.773046,1776170828000
1776170829.957,129.957,0.41,13.0,0.4,8.0,0.39,8.0,0.38,8.0,0.37,189.0,0.59,13.0,0.6,8.0,0.61,8.0,0.62,8.0,0.63,189.0,0.41,13.0,0.4,8.0,0.39,8.0,0.38,8.0,0.37,189.0,0.59,13.0,0.6,8.0,0.61,8.0,0.62,8.0,0.63,189.0,0.18,0.18,615.775537,1776170829000
1776170830.997,130.997,0.41,13.0,0.4,8.0,0.39,8.0,0.38,8.0,0.37,189.0,0.59,13.0,0.6,8.0,0.61,8.0,0.62,8.0,0.63,189.0,0.41,13.0,0.4,8.0,0.39,8.0,0.38,8.0,0.37,189.0,0.59,13.0,0.6,8.0,0.61,8.0,0.62,8.0,0.63,189.0,0.18,0.18,615.82953,1776170830000
1776170831.915,131.915,0.41,13.0,0.4,8.0,0.39,8.0,0.38,8.0,0.37,189.0,0.59,13.0,0.6,8.0,0.61,8.0,0.62,8.0,0.63,189.0,0.41,13.0,0.4,8.0,0.39,8.0,0.38,8.0,0.37,189.0,0.59,13.0,0.6,8.0,0.61,8.0,0.62,8.0,0.63,189.0,0.18,0.18,615.824621,1776170831000
1776170832.877,132.877,0.41,13.0,0.4,8.0,0.39,8.0,0.38,8.0,0.37,189.0,0.59,13.0,0.6,8.0,0.61,8.0,0.62,8.0,0.63,189.0,0.41,13.0,0.4,8.0,0.39,8.0,0.38,8.0,0.37,189.0,0.59,13.0,0.6,8.0,0.61,8.0,0.62,8.0,0.63,189.0,0.18,0.18,615.812816,1776170832000
1776170833.911,133.911,0.41,13.0,0.4,8.0,0.39,8.0,0.38,8.0,0.37,189.0,0.59,13.0,0.6,8.0,0.61,8.0,0.62,8.0,0.63,189.0,0.41,13.0,0.4,8.0,0.39,8.0,0.38,8.0,0.37,189.0,0.59,13.0,0.6,8.0,0.61,8.0,0.62,8.0,0.63,189.0,0.18,0.18,615.80035,1776170833000
1776170834.967,134.967,0.41,13.0,0.4,8.0,0.39,8.0,0.38,8.0,0.37,189.0,0.59,13.0,0.6,8.0,0.61,8.0,0.62,8.0,0.63,189.0,0.41,13.0,0.4,8.0,0.39,8.0,0.38,8.0,0.37,189.0,0.59,13.0,0.6,8.0,0.61,8.0,0.62,8.0,0.63,189.0,0.18,0.18,615.80155,1776170834000
1776170835.975,135.975,0.41,13.0,0.4,8.0,0.39,8.0,0.38,8.0,0.37,189.0,0.59,13.0,0.6,8.0,0.61,8.0,0.62,8.0,0.63,189.0,0.41,13.0,0.4,8.0,0.39,8.0,0.38,8.0,0.37,189.0,0.59,13.0,0.6,8.0,0.61,8.0,0.62,8.0,0.63,189.0,0.18,0.18,615.769894,1776170835000
1776170836.919,136.919,0.41,13.0,0.4,8.0,0.39,8.0,0.38,8.0,0.37,189.0,0.59,13.0,0.6,8.0,0.61,8.0,0.62,8.0,0.63,189.0,0.41,13.0,0.4,8.0,0.39,8.0,0.38,8.0,0.37,189.0,0.59,13.0,0.6,8.0,0.61,8.0,0.62,8.0,0.63,189.0,0.18,0.18,615.742765,1776170836000
1776170837.929,137.929,0.41,13.0,0.4,8.0,0.39,8.0,0.38,8.0,0.37,189.0,0.59,13.0,0.6,8.0,0.61,8.0,0.62,8.0,0.63,189.0,0.41,13.0,0.4,8.0,0.39,8.0,0.38,8.0,0.37,189.0,0.59,13.0,0.6,8.0,0.61,8.0,0.62,8.0,0.63,189.0,0.18,0.18,615.75847,1776170837000
1776170838.98,138.98,0.41,13.0,0.4,8.0,0.39,8.0,0.38,8.0,0.37,189.0,0.59,13.0,0.6,8.0,0.61,8.0,0.62,8.0,0.63,189.0,0.41,13.0,0.4,8.0,0.39,8.0,0.38,8.0,0.37,189.0,0.59,13.0,0.6,8.0,0.61,8.0,0.62,8.0,0.63,189.0,0.18,0.18,615.76155,1776170838000
1776170840.159,140.159,0.41,13.0,0.4,8.0,0.39,8.0,0.38,8.0,0.37,189.0,0.59,13.0,0.6,8.0,0.61,8.0,0.62,8.0,0.63,189.0,0.41,13.0,0.4,8.0,0.39,8.0,0.38,8.0,0.37,189.0,0.59,13.0,0.6,8.0,0.61,8.0,0.62,8.0,0.63,189.0,0.18,0.18,615.76413,1776170839000
1776170842.069,142.069,0.41,13.0,0.4,8.0,0.39,8.0,0.38,8.0,0.37,189.0,0.59,13.0,0.6,8.0,0.61,8.0,0.62,8.0,0.63,189.0,0.41,13.0,0.4,8.0,0.39,8.0,0.38,8.0,0.37,189.0,0.59,13.0,0.6,8.0,0.61,8.0,0.62,8.0,0.63,189.0,0.18,0.18,615.76453,1776170841000
1776170843.63,143.63,0.41,13.0,0.4,8.0,0.39,8.0,0.38,8.0,0.37,189.0,0.59,13.0,0.6,8.0,0.61,8.0,0.62,8.0,0.63,189.0,0.41,13.0,0.4,8.0,0.39,8.0,0.38,8.0,0.37,189.0,0.59,13.0,0.6,8.0,0.61,8.0,0.62,8.0,0.63,189.0,0.18,0.18,615.79411,1776170842000
1776170844.24,144.24,0.41,13.0,0.4,8.0,0.39,8.0,0.38,8.0,0.37,189.0,0.59,13.0,0.6,8.0,0.61,8.0,0.62,8.0,0.63,189.0,0.41,13.0,0.4,8.0,0.39,8.0,0.38,8.0,0.37,189.0,0.59,13.0,0.6,8.0,0.61,8.0,0.62,8.0,0.63,189.0,0.18,0.18,615.790827,1776170843000
1776170845.611,145.611,0.41,13.0,0.4,8.0,0.39,8.0,0.38,8.0,0.37,189.0,0.59,13.0,0.6,8.0,0.61,8.0,0.62,8.0,0.63,189.0,0.41,13.0,0.4,8.0,0.39,8.0,0.38,8.0,0.37,189.0,0.59,13.0,0.6,8.0,0.61,8.0,0.62,8.0,0.63,189.0,0.18,0.18,615.77535,1776170844000
1776170846.301,146.301,0.41,13.0,0.4,8.0,0.39,8.0,0.38,8.0,0.37,189.0,0.59,13.0,0.6,8.0,0.61,8.0,0.62,8.0,0.63,189.0,0.41,13.0,0.4,8.0,0.39,8.0,0.38,8.0,0.37,189.0,0.59,13.0,0.6,8.0,0.61,8.0,0.62,8.0,0.63,189.0,0.18,0.18,615.77534,1776170845000
1776170847.111,147.111,0.41,13.0,0.4,8.0,0.39,8.0,0.38,8.0,0.37,189.0,0.59,13.0,0.6,8.0,0.61,8.0,0.62,8.0,0.63,189.0,0.41,13.0,0.4,8.0,0.39,8.0,0.38,8.0,0.37,189.0,0.59,13.0,0.6,8.0,0.61,8.0,0.62,8.0,0.63,189.0,0.18,0.18,615.77614,1776170846000
1776170848.408,148.408,0.41,13.0,0.4,8.0,0.39,8.0,0.38,8.0,0.37,189.0,0.59,13.0,0.6,8.0,0.61,8.0,0.62,8.0,0.63,189.0,0.41,13.0,0.4,8.0,0.39,8.0,0.38,8.0,0.37,189.0,0.59,13.0,0.6,8.0,0.61,8.0,0.62,8.0,0.63,189.0,0.18,0.18,615.775759,1776170847000
1776170849.134,149.134,0.41,13.0,0.4,8.0,0.39,8.0,0.38,8.0,0.37,189.0,0.59,13.0,0.6,8.0,0.61,8.0,0.62,8.0,0.63,189.0,0.41,13.0,0.4,8.0,0.39,8.0,0.38,8.0,0.37,189.0,0.59,13.0,0.6,8.0,0.61,8.0,0.62,8.0,0.63,189.0,0.18,0.18,615.774774,1776170848000
1776170850.729,150.729,0.41,13.0,0.4,8.0,0.39,8.0,0.38,8.0,0.37,189.0,0.59,13.0,0.6,8.0,0.61,8.0,0.62,8.0,0.63,189.0,0.41,13.0,0.4,8.0,0.39,8.0,0.38,8.0,0.37,189.0,0.59,13.0,0.6,8.0,0.61,8.0,0.62,8.0,0.63,189.0,0.18,0.18,615.76254,1776170849000
1776170851.368,151.368,0.41,13.0,0.4,8.0,0.39,8.0,0.38,8.0,0.37,189.0,0.59,13.0,0.6,8.0,0.61,8.0,0.62,8.0,0.63,189.0,0.41,13.0,0.4,8.0,0.39,8.0,0.38,8.0,0.37,189.0,0.59,13.0,0.6,8.0,0.61,8.0,0.62,8.0,0.63,189.0,0.18,0.18,615.76303,1776170850000
1776170852.163,152.163,0.41,13.0,0.4,8.0,0.39,8.0,0.38,8.0,0.37,189.0,0.59,13.0,0.6,8.0,0.61,8.0,0.62,8.0,0.63,189.0,0.41,13.0,0.4,8.0,0.39,8.0,0.38,8.0,0.37,189.0,0.59,13.0,0.6,8.0,0.61,8.0,0.62,8.0,0.63,189.0,0.18,0.18,615.76287,1776170851000
1776170853.566,153.566,0.41,13.0,0.4,8.0,0.39,8.0,0.38,8.0,0.37,189.0,0.59,13.0,0.6,8.0,0.61,8.0,0.62,8.0,0.63,189.0,0.41,13.0,0.4,8.0,0.39,8.0,0.38,8.0,0.37,189.0,0.59,13.0,0.6,8.0,0.61,8.0,0.62,8.0,0.63,189.0,0.18,0.18,615.74921,1776170852000
1776170854.25,154.25,0.41,13.0,0.4,8.0,0.39,8.0,0.38,8.0,0.37,189.0,0.59,13.0,0.6,8.0,0.61,8.0,0.62,8.0,0.63,189.0,0.41,13.0,0.4,8.0,0.39,8.0,0.38,8.0,0.37,189.0,0.59,13.0,0.6,8.0,0.61,8.0,0.62,8.0,0.63,189.0,0.18,0.18,615.7493,1776170853000
1776170855.588,155.588,0.41,13.0,0.4,8.0,0.39,8.0,0.38,8.0,0.37,189.0,0.59,13.0,0.6,8.0,0.61,8.0,0.62,8.0,0.63,189.0,0.41,13.0,0.4,8.0,0.39,8.0,0.38,8.0,0.37,189.0,0.59,13.0,0.6,8.0,0.61,8.0,0.62,8.0,0.63,189.0,0.18,0.18,615.74942,1776170854000
1776170856.313,156.313,0.41,13.0,0.4,8.0,0.39,8.0,0.38,8.0,0.37,189.0,0.59,13.0,0.6,8.0,0.61,8.0,0.62,8.0,0.63,189.0,0.41,13.0,0.4,8.0,0.39,8.0,0.38,8.0,0.37,189.0,0.59,13.0,0.6,8.0,0.61,8.0,0.62,8.0,0.63,189.0,0.18,0.18,615.74938,1776170855000
1776170856.991,156.991,0.41,13.0,0.4,8.0,0.39,8.0,0.38,8.0,0.37,189.0,0.59,13.0,0.6,8.0,0.61,8.0,0.62,8.0,0.63,189.0,0.41,13.0,0.4,8.0,0.39,8.0,0.38,8.0,0.37,189.0,0.59,13.0,0.6,8.0,0.61,8.0,0.62,8.0,0.63,189.0,0.18,0.18,615.74938,1776170856000
1776170858.61,158.61,0.41,13.0,0.4,8.0,0.39,8.0,0.38,8.0,0.37,189.0,0.59,13.0,0.6,8.0,0.61,8.0,0.62,8.0,0.63,189.0,0.41,13.0,0.4,8.0,0.39,8.0,0.38,8.0,0.37,189.0,0.59,13.0,0.6,8.0,0.61,8.0,0.62,8.0,0.63,189.0,0.18,0.18,615.754698,1776170857000
1776170859.256,159.256,0.41,13.0,0.4,8.0,0.39,8.0,0.38,8.0,0.37,189.0,0.59,13.0,0.6,8.0,0.61,8.0,0.62,8.0,0.63,189.0,0.41,13.0,0.4,8.0,0.39,8.0,0.38,8.0,0.37,189.0,0.59,13.0,0.6,8.0,0.61,8.0,0.62,8.0,0.63,189.0,0.18,0.18,615.76545,1776170858000
1776170860.571,160.571,0.41,13.0,0.4,8.0,0.39,8.0,0.38,8.0,0.37,189.0,0.59,13.0,0.6,8.0,0.61,8.0,0.62,8.0,0.63,189.0,0.41,13.0,0.4,8.0,0.39,8.0,0.38,8.0,0.37,189.0,0.59,13.0,0.6,8.0,0.61,8.0,0.62,8.0,0.63,189.0,0.18,0.18,615.76771,1776170859000
1776170861.178,161.178,0.41,13.0,0.4,8.0,0.39,8.0,0.38,8.0,0.37,189.0,0.59,13.0,0.6,8.0,0.61,8.0,0.62,8.0,0.63,189.0,0.41,13.0,0.4,8.0,0.39,8.0,0.38,8.0,0.37,189.0,0.59,13.0,0.6,8.0,0.61,8.0,0.62,8.0,0.63,189.0,0.18,0.18,615.76814,1776170860000
1776170862.409,162.409,0.41,13.0,0.4,8.0,0.39,8.0,0.38,8.0,0.37,189.0,0.59,13.0,0.6,8.0,0.61,8.0,0.62,8.0,0.63,189.0,0.41,13.0,0.4,8.0,0.39,8.0,0.38,8.0,0.37,189.0,0.59,13.0,0.6,8.0,0.61,8.0,0.62,8.0,0.63,189.0,0.18,0.18,615.76761,1776170861000
1776170863.01,163.01,0.41,13.0,0.4,8.0,0.39,8.0,0.38,8.0,0.37,189.0,0.59,13.0,0.6,8.0,0.61,8.0,0.62,8.0,0.63,189.0,0.41,13.0,0.4,8.0,0.39,8.0,0.38,8.0,0.37,189.0,0.59,13.0,0.6,8.0,0.61,8.0,0.62,8.0,0.63,189.0,0.18,0.18,615.7673,1776170862000
1776170864.234,164.234,0.41,13.0,0.4,8.0,0.39,8.0,0.38,8.0,0.37,189.0,0.59,13.0,0.6,8.0,0.61,8.0,0.62,8.0,0.63,189.0,0.41,13.0,0.4,8.0,0.39,8.0,0.38,8.0,0.37,189.0,0.59,13.0,0.6,8.0,0.61,8.0,0.62,8.0,0.63,189.0,0.18,0.18,615.76543,1776170863000
1776170865.417,165.417,0.41,13.0,0.4,8.0,0.39,8.0,0.38,8.0,0.37,189.0,0.59,13.0,0.6,8.0,0.61,8.0,0.62,8.0,0.63,189.0,0.41,13.0,0.4,8.0,0.39,8.0,0.38,8.0,0.37,189.0,0.59,13.0,0.6,8.0,0.61,8.0,0.62,8.0,0.63,189.0,0.18,0.18,615.76522,1776170864000
1776170865.981,165.981,0.41,13.0,0.4,8.0,0.39,8.0,0.38,8.0,0.37,189.0,0.59,13.0,0.6,8.0,0.61,8.0,0.62,8.0,0.63,189.0,0.41,13.0,0.4,8.0,0.39,8.0,0.38,8.0,0.37,189.0,0.59,13.0,0.6,8.0,0.61,8.0,0.62,8.0,0.63,189.0,0.18,0.18,615.76499,1776170865000
1776170867.03,167.03,0.41,13.0,0.4,8.0,0.39,8.0,0.38,8.0,0.37,189.0,0.59,13.0,0.6,8.0,0.61,8.0,0.62,8.0,0.63,189.0,0.41,13.0,0.4,8.0,0.39,8.0,0.38,8.0,0.37,189.0,0.59,13.0,0.6,8.0,0.61,8.0,0.62,8.0,0.63,189.0,0.18,0.18,615.76478,1776170866000
1776170868.214,168.214,0.41,13.0,0.4,8.0,0.39,8.0,0.38,8.0,0.37,189.0,0.59,13.0,0.6,8.0,0.61,8.0,0.62,8.0,0.63,189.0,0.41,13.0,0.4,8.0,0.39,8.0,0.38,8.0,0.37,189.0,0.59,13.0,0.6,8.0,0.61,8.0,0.62,8.0,0.63,189.0,0.18,0.18,615.76529,1776170867000
1776170869.226,169.226,0.41,13.0,0.4,8.0,0.39,8.0,0.38,8.0,0.37,189.0,0.59,13.0,0.6,8.0,0.61,8.0,0.62,8.0,0.63,189.0,0.41,13.0,0.4,8.0,0.39,8.0,0.38,8.0,0.37,189.0,0.59,13.0,0.6,8.0,0.61,8.0,0.62,8.0,0.63,189.0,0.18,0.18,615.79828,1776170868000
1776170870.296,170.296,0.41,13.0,0.4,8.0,0.39,8.0,0.38,8.0,0.37,189.0,0.59,13.0,0.6,8.0,0.61,8.0,0.62,8.0,0.63,189.0,0.41,13.0,0.4,8.0,0.39,8.0,0.38,8.0,0.37,189.0,0.59,13.0,0.6,8.0,0.61,8.0,0.62,8.0,0.63,189.0,0.18,0.18,615.78329,1776170869000
1776170871.563,171.563,0.41,13.0,0.4,8.0,0.39,8.0,0.38,8.0,0.37,189.0,0.59,13.0,0.6,8.0,0.61,8.0,0.62,8.0,0.63,189.0,0.41,13.0,0.4,8.0,0.39,8.0,0.38,8.0,0.37,189.0,0.59,13.0,0.6,8.0,0.61,8.0,0.62,8.0,0.63,189.0,0.18,0.18,615.78179,1776170870000
1776170872.115,172.115,0.41,13.0,0.4,8.0,0.39,8.0,0.38,8.0,0.37,189.0,0.59,13.0,0.6,8.0,0.61,8.0,0.62,8.0,0.63,189.0,0.41,13.0,0.4,8.0,0.39,8.0,0.38,8.0,0.37,189.0,0.59,13.0,0.6,8.0,0.61,8.0,0.62,8.0,0.63,189.0,0.18,0.18,615.78246,1776170871000
1776170873.582,173.582,0.41,13.0,0.4,8.0,0.39,8.0,0.38,8.0,0.37,189.0,0.59,13.0,0.6,8.0,0.61,8.0,0.62,8.0,0.63,189.0,0.41,13.0,0.4,8.0,0.39,8.0,0.38,8.0,0.37,189.0,0.59,13.0,0.6,8.0,0.61,8.0,0.62,8.0,0.63,189.0,0.18,0.18,615.77911,1776170872000
1776170874.114,174.114,0.41,13.0,0.4,8.0,0.39,8.0,0.38,8.0,0.37,189.0,0.59,13.0,0.6,8.0,0.61,8.0,0.62,8.0,0.63,189.0,0.41,13.0,0.4,8.0,0.39,8.0,0.38,8.0,0.37,189.0,0.59,13.0,0.6,8.0,0.61,8.0,0.62,8.0,0.63,189.0,0.18,0.18,615.77911,1776170873000
1776170875.778,175.778,0.41,13.0,0.4,8.0,0.39,8.0,0.38,8.0,0.37,189.0,0.59,13.0,0.6,8.0,0.61,8.0,0.62,8.0,0.63,189.0,0.41,13.0,0.4,8.0,0.39,8.0,0.38,8.0,0.37,189.0,0.59,13.0,0.6,8.0,0.61,8.0,0.62,8.0,0.63,189.0,0.18,0.18,615.77913,1776170874000
1776170876.416,176.416,0.41,13.0,0.4,8.0,0.39,8.0,0.38,8.0,0.37,189.0,0.59,13.0,0.6,8.0,0.61,8.0,0.62,8.0,0.63,189.0,0.41,13.0,0.4,8.0,0.39,8.0,0.38,8.0,0.37,189.0,0.59,13.0,0.6,8.0,0.61,8.0,0.62,8.0,0.63,189.0,0.18,0.18,615.77824,1776170875000
1776170877.077,177.077,0.41,13.0,0.4,8.0,0.39,8.0,0.38,8.0,0.37,189.0,0.59,13.0,0.6,8.0,0.61,8.0,0.62,8.0,0.63,189.0,0.41,13.0,0.4,8.0,0.39,8.0,0.38,8.0,0.37,189.0,0.59,13.0,0.6,8.0,0.61,8.0,0.62,8.0,0.63,189.0,0.18,0.18,615.77852,1776170876000
1776170878.28,178.28,0.41,13.0,0.4,8.0,0.39,8.0,0.38,8.0,0.37,189.0,0.59,13.0,0.6,8.0,0.61,8.0,0.62,8.0,0.63,189.0,0.41,13.0,0.4,8.0,0.39,8.0,0.38,8.0,0.37,189.0,0.59,13.0,0.6,8.0,0.61,8.0,0.62,8.0,0.63,189.0,0.18,0.18,615.77849,1776170877000
1776170879.531,179.531,0.41,13.0,0.4,8.0,0.39,8.0,0.38,8.0,0.37,189.0,0.59,13.0,0.6,8.0,0.61,8.0,0.62,8.0,0.63,189.0,0.41,13.0,0.4,8.0,0.39,8.0,0.38,8.0,0.37,189.0,0.59,13.0,0.6,8.0,0.61,8.0,0.62,8.0,0.63,189.0,0.18,0.18,615.77719,1776170878000
1776170880.138,180.138,0.41,13.0,0.4,8.0,0.39,8.0,0.38,8.0,0.37,189.0,0.59,13.0,0.6,8.0,0.61,8.0,0.62,8.0,0.63,189.0,0.41,13.0,0.4,8.0,0.39,8.0,0.38,8.0,0.37,189.0,0.59,13.0,0.6,8.0,0.61,8.0,0.62,8.0,0.63,189.0,0.18,0.18,615.77704,1776170879000
1776170881.47,181.47,0.41,13.0,0.4,8.0,0.39,8.0,0.38,8.0,0.37,189.0,0.59,13.0,0.6,8.0,0.61,8.0,0.62,8.0,0.63,189.0,0.41,13.0,0.4,8.0,0.39,8.0,0.38,8.0,0.37,189.0,0.59,13.0,0.6,8.0,0.61,8.0,0.62,8.0,0.63,189.0,0.18,0.18,615.77609,1776170880000
1776170882.049,182.049,0.41,13.0,0.4,8.0,0.39,8.0,0.38,8.0,0.37,189.0,0.59,13.0,0.6,8.0,0.61,8.0,0.62,8.0,0.63,189.0,0.41,13.0,0.4,8.0,0.39,8.0,0.38,8.0,0.37,189.0,0.59,13.0,0.6,8.0,0.61,8.0,0.62,8.0,0.63,189.0,0.18,0.18,615.77548,1776170881000
1776170883.394,183.394,0.41,13.0,0.4,8.0,0.39,8.0,0.38,8.0,0.37,189.0,0.59,13.0,0.6,8.0,0.61,8.0,0.62,8.0,0.63,189.0,0.41,13.0,0.4,8.0,0.39,8.0,0.38,8.0,0.37,189.0,0.59,13.0,0.6,8.0,0.61,8.0,0.62,8.0,0.63,189.0,0.18,0.18,615.77124,1776170882000
1776170884.077,184.077,0.41,13.0,0.4,8.0,0.39,8.0,0.38,8.0,0.37,189.0,0.59,13.0,0.6,8.0,0.61,8.0,0.62,8.0,0.63,189.0,0.41,13.0,0.4,8.0,0.39,8.0,0.38,8.0,0.37,189.0,0.59,13.0,0.6,8.0,0.61,8.0,0.62,8.0,0.63,189.0,0.18,0.18,615.77124,1776170883000
1776170884.532,184.532,0.57,13.0,0.51,50.0,0.45,5.0,0.44,5.0,0.41,55.0,0.6,10.0,0.61,55.0,0.62,5.0,0.65,5.0,0.66,5.0,0.41,13.0,0.4,8.0,0.39,8.0,0.38,8.0,0.37,189.0,0.59,13.0,0.6,8.0,0.61,8.0,0.62,8.0,0.63,189.0,0.03,0.18,615.77124,1776170883000
1776170885.208,185.208,0.57,13.0,0.51,50.0,0.45,5.0,0.44,5.0,0.41,55.0,0.6,10.0,0.61,55.0,0.62,5.0,0.65,5.0,0.66,5.0,0.4,10.0,0.39,55.0,0.38,5.0,0.35,5.0,0.34,5.0,0.43,13.0,0.49,50.0,0.55,5.0,0.56,5.0,0.59,55.0,0.03,0.03,615.85683,1776170884000
1776170886.076,186.076,0.57,13.0,0.51,50.0,0.45,5.0,0.44,5.0,0.41,55.0,0.6,8.33,0.61,55.0,0.62,5.0,0.65,5.0,0.66,5.0,0.4,10.0,0.39,55.0,0.38,5.0,0.35,5.0,0.34,5.0,0.43,13.0,0.49,50.0,0.55,5.0,0.56,5.0,0.59,55.0,0.03,0.03,615.85683,1776170884000
1776170886.487,186.487,0.57,13.0,0.51,50.0,0.45,5.0,0.44,5.0,0.41,55.0,0.6,8.33,0.61,55.0,0.62,5.0,0.65,5.0,0.66,5.0,0.4,8.33,0.39,55.0,0.38,5.0,0.35,5.0,0.34,5.0,0.43,13.0,0.49,50.0,0.55,5.0,0.56,5.0,0.59,55.0,0.03,0.03,615.8257,1776170885000
1776170887.035,187.035,0.57,13.0,0.51,50.0,0.45,5.0,0.44,5.0,0.41,55.0,0.6,8.33,0.61,55.0,0.62,5.0,0.65,5.0,0.66,5.0,0.4,8.33,0.39,55.0,0.38,5.0,0.35,5.0,0.34,5.0,0.43,13.0,0.49,50.0,0.55,5.0,0.56,5.0,0.59,55.0,0.03,0.03,615.8268,1776170886000
1776170888.359,188.359,0.57,13.0,0.51,50.0,0.45,5.0,0.44,5.0,0.41,55.0,0.6,8.33,0.61,55.0,0.62,5.0,0.65,5.0,0.66,5.0,0.4,8.33,0.39,55.0,0.38,5.0,0.35,5.0,0.34,5.0,0.43,13.0,0.49,50.0,0.55,5.0,0.56,5.0,0.59,55.0,0.03,0.03,615.82211,1776170887000
1776170889.989,189.989,0.57,13.0,0.51,50.0,0.45,5.0,0.44,5.0,0.41,55.0,0.6,8.33,0.61,55.0,0.62,5.0,0.65,5.0,0.66,5.0,0.4,8.33,0.39,55.0,0.38,5.0,0.35,5.0,0.34,5.0,0.43,13.0,0.49,50.0,0.55,5.0,0.56,5.0,0.59,55.0,0.03,0.03,615.818,1776170889000
1776170891.422,191.422,0.57,13.0,0.51,50.0,0.45,5.0,0.44,5.0,0.41,55.0,0.6,8.33,0.61,55.0,0.62,5.0,0.65,5.0,0.66,5.0,0.4,8.33,0.39,55.0,0.38,5.0,0.35,5.0,0.34,5.0,0.43,13.0,0.49,50.0,0.55,5.0,0.56,5.0,0.59,55.0,0.03,0.03,615.81769,1776170890000
1776170891.917,191.917,0.57,13.0,0.51,50.0,0.45,5.0,0.44,5.0,0.41,55.0,0.6,8.33,0.61,55.0,0.62,5.0,0.65,5.0,0.66,5.0,0.4,8.33,0.39,55.0,0.38,5.0,0.35,5.0,0.34,5.0,0.43,13.0,0.49,50.0,0.55,5.0,0.56,5.0,0.59,55.0,0.03,0.03,615.81769,1776170891000
1776170893.116,193.116,0.57,13.0,0.51,50.0,0.45,5.0,0.44,5.0,0.41,55.0,0.6,8.33,0.61,55.0,0.62,5.0,0.65,5.0,0.66,5.0,0.4,8.33,0.39,55.0,0.38,5.0,0.35,5.0,0.34,5.0,0.43,13.0,0.49,50.0,0.55,5.0,0.56,5.0,0.59,55.0,0.03,0.03,615.82454,1776170892000
1776170894.691,194.691,0.57,13.0,0.51,50.0,0.45,5.0,0.44,5.0,0.41,55.0,0.6,8.33,0.61,55.0,0.62,5.0,0.65,5.0,0.66,5.0,0.4,8.33,0.39,55.0,0.38,5.0,0.35,5.0,0.34,5.0,0.43,13.0,0.49,50.0,0.55,5.0,0.56,5.0,0.59,55.0,0.03,0.03,615.82388,1776170893000
1776170895.381,195.381,0.57,13.0,0.51,50.0,0.45,5.0,0.44,5.0,0.41,55.0,0.6,8.33,0.61,55.0,0.62,5.0,0.65,5.0,0.66,5.0,0.4,8.33,0.39,55.0,0.38,5.0,0.35,5.0,0.34,5.0,0.43,13.0,0.49,50.0,0.55,5.0,0.56,5.0,0.59,55.0,0.03,0.03,615.82606,1776170894000
1776170896.689,196.689,0.57,13.0,0.51,50.0,0.45,5.0,0.44,5.0,0.41,55.0,0.6,8.33,0.61,55.0,0.62,5.0,0.65,5.0,0.66,5.0,0.4,8.33,0.39,55.0,0.38,5.0,0.35,5.0,0.34,5.0,0.43,13.0,0.49,50.0,0.55,5.0,0.56,5.0,0.59,55.0,0.03,0.03,615.82654,1776170895000
1776170897.352,197.352,0.57,13.0,0.53,14.0,0.51,50.0,0.5,5.0,0.41,55.0,0.6,3.33,0.61,50.0,0.65,5.0,0.66,5.0,0.67,5.0,0.4,3.33,0.39,50.0,0.35,5.0,0.34,5.0,0.33,5.0,0.43,13.0,0.47,14.0,0.49,50.0,0.5,5.0,0.59,55.0,0.03,0.03,615.82601,1776170896000
1776170898.027,198.027,0.57,13.0,0.53,14.0,0.51,50.0,0.5,5.0,0.41,55.0,0.6,3.33,0.61,50.0,0.65,5.0,0.66,5.0,0.67,5.0,0.4,3.33,0.39,50.0,0.35,5.0,0.34,5.0,0.33,5.0,0.43,13.0,0.47,14.0,0.49,50.0,0.5,5.0,0.59,55.0,0.03,0.03,615.8195,1776170897000
1776170899.526,199.526,0.57,13.0,0.53,14.0,0.51,50.0,0.5,5.0,0.41,55.0,0.6,3.33,0.61,50.0,0.65,5.0,0.66,5.0,0.67,5.0,0.4,3.33,0.39,50.0,0.35,5.0,0.34,5.0,0.33,5.0,0.43,13.0,0.47,14.0,0.49,50.0,0.5,5.0,0.59,55.0,0.03,0.03,615.85537,1776170898000
1776170900.028,200.028,0.57,13.0,0.53,14.0,0.51,50.0,0.5,5.0,0.41,55.0,0.6,3.33,0.61,50.0,0.65,5.0,0.66,5.0,0.67,5.0,0.4,3.33,0.39,50.0,0.35,5.0,0.34,5.0,0.33,5.0,0.43,13.0,0.47,14.0,0.49,50.0,0.5,5.0,0.59,55.0,0.03,0.03,615.855,1776170899000
1776170901.578,201.578,0.57,13.0,0.53,14.0,0.51,50.0,0.5,5.0,0.41,55.0,0.6,3.33,0.61,50.0,0.65,5.0,0.66,5.0,0.67,5.0,0.4,3.33,0.39,50.0,0.35,5.0,0.34,5.0,0.33,5.0,0.43,13.0,0.47,14.0,0.49,50.0,0.5,5.0,0.59,55.0,0.03,0.03,615.85353,1776170900000
1776170901.829,201.829,0.58,21.0,0.53,5.0,0.51,50.0,0.5,5.0,0.41,55.0,0.61,35.0,0.65,5.0,0.66,5.0,0.67,5.0,0.68,5.0,0.39,50.0,0.35,5.0,0.34,5.0,0.33,5.0,0.32,5.0,0.42,8.0,0.47,5.0,0.49,50.0,0.5,5.0,0.59,55.0,0.03,0.03,615.85353,1776170900000
1776170902.164,202.164,0.58,21.0,0.53,5.0,0.51,50.0,0.5,5.0,0.41,55.0,0.61,35.0,0.65,5.0,0.66,5.0,0.67,5.0,0.68,5.0,0.39,35.0,0.35,5.0,0.34,5.0,0.33,5.0,0.32,5.0,0.42,21.0,0.47,5.0,0.49,50.0,0.5,5.0,0.59,55.0,0.03,0.03,615.8566,1776170901000
1776170903.457,203.457,0.58,21.0,0.53,5.0,0.51,50.0,0.5,5.0,0.41,55.0,0.61,31.72,0.65,5.0,0.66,5.0,0.67,5.0,0.68,5.0,0.39,35.0,0.35,5.0,0.34,5.0,0.33,5.0,0.32,5.0,0.42,21.0,0.47,5.0,0.49,50.0,0.5,5.0,0.59,55.0,0.03,0.03,615.8566,1776170901000
1776170904.208,204.208,0.58,21.0,0.53,5.0,0.51,50.0,0.5,5.0,0.41,55.0,0.61,31.72,0.65,5.0,0.66,5.0,0.67,5.0,0.68,5.0,0.39,31.72,0.35,5.0,0.34,5.0,0.33,5.0,0.32,5.0,0.42,21.0,0.47,5.0,0.49,50.0,0.5,5.0,0.59,55.0,0.03,0.03,615.87314,1776170903000
1776170905.432,205.432,0.58,21.0,0.53,5.0,0.51,50.0,0.5,5.0,0.41,55.0,0.61,31.72,0.65,5.0,0.66,5.0,0.67,5.0,0.68,5.0,0.39,31.72,0.35,5.0,0.34,5.0,0.33,5.0,0.32,5.0,0.42,21.0,0.47,5.0,0.49,50.0,0.5,5.0,0.59,55.0,0.03,0.03,615.855932,1776170904000
1776170906.466,206.466,0.58,21.0,0.53,5.0,0.51,50.0,0.5,5.0,0.41,55.0,0.61,31.72,0.65,5.0,0.66,5.0,0.67,5.0,0.68,5.0,0.39,31.72,0.35,5.0,0.34,5.0,0.33,5.0,0.32,5.0,0.42,21.0,0.47,5.0,0.49,50.0,0.5,5.0,0.59,55.0,0.03,0.03,615.84921,1776170905000
1776170907.533,207.533,0.58,21.0,0.53,5.0,0.51,50.0,0.5,5.0,0.41,55.0,0.61,31.72,0.65,5.0,0.66,5.0,0.67,5.0,0.68,5.0,0.39,31.72,0.35,5.0,0.34,5.0,0.33,5.0,0.32,5.0,0.42,21.0,0.47,5.0,0.49,50.0,0.5,5.0,0.59,55.0,0.03,0.03,615.86161,1776170906000
1776170908.093,208.093,0.58,21.0,0.53,5.0,0.51,50.0,0.5,5.0,0.41,55.0,0.61,31.72,0.65,5.0,0.66,5.0,0.67,5.0,0.68,5.0,0.39,31.72,0.35,5.0,0.34,5.0,0.33,5.0,0.32,5.0,0.42,21.0,0.47,5.0,0.49,50.0,0.5,5.0,0.59,55.0,0.03,0.03,615.853,1776170907000
1776170909.318,209.318,0.58,21.0,0.53,5.0,0.51,50.0,0.5,5.0,0.41,55.0,0.61,31.72,0.65,5.0,0.66,5.0,0.67,5.0,0.68,5.0,0.39,31.72,0.35,5.0,0.34,5.0,0.33,5.0,0.32,5.0,0.42,21.0,0.47,5.0,0.49,50.0,0.5,5.0,0.59,55.0,0.03,0.03,615.847381,1776170908000
1776170910.247,210.247,0.58,21.0,0.53,5.0,0.51,50.0,0.5,5.0,0.41,55.0,0.61,31.72,0.65,5.0,0.66,5.0,0.67,5.0,0.68,5.0,0.39,31.72,0.35,5.0,0.34,5.0,0.33,5.0,0.32,5.0,0.42,21.0,0.47,5.0,0.49,50.0,0.5,5.0,0.59,55.0,0.03,0.03,615.847227,1776170909000
1776170911.201,211.201,0.58,21.0,0.53,5.0,0.51,50.0,0.5,5.0,0.41,55.0,0.61,31.72,0.65,5.0,0.66,5.0,0.67,5.0,0.68,5.0,0.39,31.72,0.35,5.0,0.34,5.0,0.33,5.0,0.32,5.0,0.42,21.0,0.47,5.0,0.49,50.0,0.5,5.0,0.59,55.0,0.03,0.03,615.84518,1776170910000
1776170912.095,212.095,0.58,21.0,0.53,5.0,0.51,50.0,0.5,5.0,0.41,55.0,0.61,31.72,0.65,5.0,0.66,5.0,0.67,5.0,0.68,5.0,0.39,31.72,0.35,5.0,0.34,5.0,0.33,5.0,0.32,5.0,0.42,21.0,0.47,5.0,0.49,50.0,0.5,5.0,0.59,55.0,0.03,0.03,615.79793,1776170911000
1776170912.456,212.456,0.59,16.03,0.53,9.0,0.51,50.0,0.44,10.6,0.43,10.6,0.61,11.7,0.65,5.0,0.66,5.0,0.67,5.0,0.68,5.0,0.39,31.72,0.35,5.0,0.34,5.0,0.33,5.0,0.32,5.0,0.42,21.0,0.47,5.0,0.49,50.0,0.5,5.0,0.59,55.0,0.02,0.03,615.79793,1776170911000
1776170913.109,213.109,0.59,16.03,0.53,9.0,0.51,50.0,0.44,10.6,0.43,10.6,0.61,11.7,0.65,5.0,0.66,5.0,0.67,5.0,0.68,5.0,0.39,11.7,0.35,5.0,0.34,5.0,0.33,5.0,0.32,5.0,0.41,16.03,0.47,9.0,0.49,50.0,0.56,10.6,0.57,10.6,0.02,0.02,615.8055,1776170912000
1776170914.052,214.052,0.59,16.03,0.53,9.0,0.51,50.0,0.44,10.6,0.43,10.6,0.61,11.7,0.65,5.0,0.66,5.0,0.67,5.0,0.68,5.0,0.39,11.7,0.35,5.0,0.34,5.0,0.33,5.0,0.32,5.0,0.41,16.03,0.47,9.0,0.49,50.0,0.56,10.6,0.57,10.6,0.02,0.02,615.8311,1776170913000
1776170914.985,214.985,0.59,16.03,0.53,9.0,0.51,50.0,0.44,10.6,0.43,10.6,0.61,11.7,0.65,5.0,0.66,5.0,0.67,5.0,0.68,5.0,0.39,11.7,0.35,5.0,0.34,5.0,0.33,5.0,0.32,5.0,0.41,16.03,0.47,9.0,0.49,50.0,0.56,10.6,0.57,10.6,0.02,0.02,615.83285,1776170914000
1776170915.97,215.97,0.59,16.03,0.53,9.0,0.51,50.0,0.44,10.6,0.43,10.6,0.61,11.7,0.65,5.0,0.66,5.0,0.67,5.0,0.68,5.0,0.39,11.7,0.35,5.0,0.34,5.0,0.33,5.0,0.32,5.0,0.41,16.03,0.47,9.0,0.49,50.0,0.56,10.6,0.57,10.6,0.02,0.02,615.83393,1776170915000
1776170917.132,217.132,0.51,58.54,0.5,10.4,0.49,10.4,0.48,10.4,0.47,10.4,0.61,11.7,0.65,5.0,0.66,19.0,0.67,5.0,0.68,5.0,0.39,11.7,0.35,5.0,0.34,5.0,0.33,5.0,0.32,5.0,0.41,16.03,0.47,9.0,0.49,50.0,0.56,10.6,0.57,10.6,0.1,0.02,615.83393,1776170915000
1776170918.521,218.521,0.51,58.54,0.5,10.4,0.49,10.4,0.48,10.4,0.47,10.4,0.61,11.7,0.65,5.0,0.66,19.0,0.67,5.0,0.68,5.0,0.39,11.7,0.35,5.0,0.34,19.0,0.33,5.0,0.32,5.0,0.49,58.54,0.5,10.4,0.51,10.4,0.52,10.4,0.53,10.4,0.1,0.1,615.83398,1776170917000
1776170919.003,219.003,0.51,58.54,0.5,10.4,0.49,10.4,0.48,10.4,0.47,10.4,0.61,11.7,0.65,5.0,0.66,19.0,0.67,5.0,0.68,5.0,0.39,11.7,0.35,5.0,0.34,19.0,0.33,5.0,0.32,5.0,0.49,58.54,0.5,10.4,0.51,10.4,0.52,10.4,0.53,10.4,0.1,0.1,615.798193,1776170918000
1776170919.645,219.645,0.53,8.27,0.52,10.4,0.51,58.54,0.5,10.4,0.49,10.4,0.55,9.82,0.61,11.7,0.65,5.0,0.66,5.0,0.67,5.0,0.39,11.7,0.35,5.0,0.34,19.0,0.33,5.0,0.32,5.0,0.49,58.54,0.5,10.4,0.51,10.4,0.52,10.4,0.53,10.4,0.02,0.1,615.798193,1776170918000
1776170920.288,220.288,0.53,8.27,0.52,10.4,0.51,58.54,0.5,10.4,0.49,10.4,0.55,9.82,0.61,11.7,0.65,5.0,0.66,5.0,0.67,5.0,0.45,9.82,0.39,11.7,0.35,5.0,0.34,5.0,0.33,5.0,0.47,8.27,0.48,10.4,0.49,58.54,0.5,10.4,0.51,10.4,0.02,0.02,615.805893,1776170919000
1776170921.671,221.671,0.53,8.27,0.52,10.4,0.51,58.54,0.5,10.4,0.49,10.4,0.55,9.82,0.61,11.7,0.65,5.0,0.66,5.0,0.67,5.0,0.45,9.82,0.39,11.7,0.35,5.0,0.34,5.0,0.33,5.0,0.47,8.27,0.48,10.4,0.49,58.54,0.5,10.4,0.51,10.4,0.02,0.02,615.833977,1776170920000
1776170922.242,222.242,0.53,8.27,0.52,10.4,0.51,58.54,0.5,10.4,0.49,10.4,0.55,9.82,0.61,11.7,0.65,5.0,0.66,5.0,0.67,5.0,0.45,9.82,0.39,11.7,0.35,5.0,0.34,5.0,0.33,5.0,0.47,8.27,0.48,10.4,0.49,58.54,0.5,10.4,0.51,10.4,0.02,0.02,615.833182,1776170921000
1776170923.413,223.413,0.54,10.5,0.53,8.27,0.52,10.4,0.51,58.54,0.5,10.4,0.55,4.72,0.61,11.7,0.65,5.0,0.66,5.0,0.67,5.0,0.45,4.72,0.39,11.7,0.35,5.0,0.34,5.0,0.33,5.0,0.46,10.5,0.47,8.27,0.48,10.4,0.49,58.54,0.5,10.4,0.01,0.01,615.828796,1776170922000
1776170924.143,224.143,0.54,10.5,0.53,8.27,0.52,10.4,0.51,58.54,0.5,10.4,0.55,4.72,0.61,11.7,0.65,5.0,0.66,5.0,0.67,5.0,0.45,4.72,0.39,11.7,0.35,5.0,0.34,5.0,0.33,5.0,0.46,10.5,0.47,8.27,0.48,10.4,0.49,58.54,0.5,10.4,0.01,0.01,615.810216,1776170923000
1776170925.184,225.184,0.54,10.5,0.53,8.27,0.52,10.4,0.51,58.54,0.5,10.4,0.55,4.72,0.61,11.7,0.65,5.0,0.66,5.0,0.67,5.0,0.45,4.72,0.39,11.7,0.35,5.0,0.34,5.0,0.33,5.0,0.46,10.5,0.47,8.27,0.48,10.4,0.49,58.54,0.5,10.4,0.01,0.01,615.817856,1776170924000
1776170926.459,226.459,0.54,10.5,0.53,8.27,0.52,10.4,0.51,58.54,0.5,10.4,0.55,4.72,0.61,11.7,0.65,5.0,0.66,5.0,0.67,5.0,0.45,4.72,0.39,11.7,0.35,5.0,0.34,5.0,0.33,5.0,0.46,10.5,0.47,8.27,0.48,10.4,0.49,58.54,0.5,10.4,0.01,0.01,615.83109,1776170925000
1776170926.96,226.96,0.54,10.5,0.53,8.27,0.52,10.4,0.51,58.54,0.5,10.4,0.55,4.72,0.61,11.7,0.65,5.0,0.66,5.0,0.67,5.0,0.45,4.72,0.39,11.7,0.35,5.0,0.34,5.0,0.33,5.0,0.46,10.5,0.47,8.27,0.48,10.4,0.49,58.54,0.5,10.4,0.01,0.01,615.820999,1776170926000
1776170928.031,228.031,0.54,10.5,0.53,8.27,0.52,10.4,0.51,58.54,0.5,10.4,0.55,4.72,0.61,11.7,0.65,5.0,0.66,5.0,0.67,5.0,0.45,4.72,0.39,11.7,0.35,5.0,0.34,5.0,0.33,5.0,0.46,10.5,0.47,8.27,0.48,10.4,0.49,58.54,0.5,10.4,0.01,0.01,615.82572,1776170927000
1776170929.263,229.263,0.54,10.5,0.53,8.27,0.52,10.4,0.51,58.54,0.5,10.4,0.55,4.72,0.61,11.7,0.65,5.0,0.66,5.0,0.67,5.0,0.45,4.72,0.39,11.7,0.35,5.0,0.34,5.0,0.33,5.0,0.46,10.5,0.47,8.27,0.48,10.4,0.49,58.54,0.5,10.4,0.01,0.01,615.813612,1776170928000
1776170930.475,230.475,0.54,10.5,0.53,8.27,0.52,10.4,0.51,58.54,0.5,10.4,0.55,4.72,0.61,11.7,0.65,5.0,0.66,5.0,0.67,5.0,0.45,4.72,0.39,11.7,0.35,5.0,0.34,5.0,0.33,5.0,0.46,10.5,0.47,8.27,0.48,10.4,0.49,58.54,0.5,10.4,0.01,0.01,615.85581,1776170929000
1776170931.083,231.083,0.54,10.5,0.53,8.27,0.52,10.4,0.51,58.54,0.5,10.4,0.55,4.72,0.61,11.7,0.65,5.0,0.66,5.0,0.67,5.0,0.45,4.72,0.39,11.7,0.35,5.0,0.34,5.0,0.33,5.0,0.46,10.5,0.47,8.27,0.48,10.4,0.49,58.54,0.5,10.4,0.01,0.01,615.84598,1776170930000
1776170932.6,232.6,0.54,10.5,0.53,8.27,0.52,10.4,0.51,58.54,0.5,10.4,0.55,4.72,0.61,11.7,0.65,5.0,0.66,5.0,0.67,5.0,0.45,4.72,0.39,11.7,0.35,5.0,0.34,5.0,0.33,5.0,0.46,10.5,0.47,8.27,0.48,10.4,0.49,58.54,0.5,10.4,0.01,0.01,615.848806,1776170931000
1776170933.137,233.137,0.54,10.5,0.53,8.27,0.52,10.4,0.51,58.54,0.5,10.4,0.55,4.72,0.61,11.7,0.65,5.0,0.66,5.0,0.67,5.0,0.45,4.72,0.39,11.7,0.35,5.0,0.34,5.0,0.33,5.0,0.46,10.5,0.47,8.27,0.48,10.4,0.49,58.54,0.5,10.4,0.01,0.01,615.86458,1776170932000
1776170934.166,234.166,0.54,10.5,0.53,8.27,0.52,10.4,0.51,58.54,0.5,10.4,0.55,4.72,0.61,11.7,0.65,5.0,0.66,5.0,0.67,5.0,0.45,4.72,0.39,11.7,0.35,5.0,0.34,5.0,0.33,5.0,0.46,10.5,0.47,8.27,0.48,10.4,0.49,58.54,0.5,10.4,0.01,0.01,615.86407,1776170933000
1776170935.314,235.314,0.54,10.5,0.53,8.27,0.52,10.4,0.51,58.54,0.5,10.4,0.55,4.72,0.61,11.7,0.65,5.0,0.66,5.0,0.67,5.0,0.45,4.72,0.39,11.7,0.35,5.0,0.34,5.0,0.33,5.0,0.46,10.5,0.47,8.27,0.48,10.4,0.49,58.54,0.5,10.4,0.01,0.01,615.85412,1776170934000
1776170936.658,236.658,0.54,10.5,0.53,8.27,0.52,10.4,0.51,58.54,0.5,10.4,0.55,4.72,0.61,11.7,0.65,5.0,0.66,5.0,0.67,5.0,0.45,4.72,0.39,11.7,0.35,5.0,0.34,5.0,0.33,5.0,0.46,10.5,0.47,8.27,0.48,10.4,0.49,58.54,0.5,10.4,0.01,0.01,615.85262,1776170935000
1776170937.593,237.593,0.54,10.5,0.53,8.27,0.52,10.4,0.51,58.54,0.5,10.4,0.55,4.72,0.61,11.7,0.65,5.0,0.66,5.0,0.67,5.0,0.45,4.72,0.39,11.7,0.35,5.0,0.34,5.0,0.33,5.0,0.46,10.5,0.47,8.27,0.48,10.4,0.49,58.54,0.5,10.4,0.01,0.01,615.84458,1776170936000
1776170938.136,238.136,0.54,10.5,0.53,8.27,0.52,10.4,0.51,58.54,0.5,10.4,0.55,4.72,0.61,11.7,0.65,5.0,0.66,5.0,0.67,5.0,0.45,4.72,0.39,11.7,0.35,5.0,0.34,5.0,0.33,5.0,0.46,10.5,0.47,8.27,0.48,10.4,0.49,58.54,0.5,10.4,0.01,0.01,615.82899,1776170937000
1776170939.125,239.125,0.54,10.5,0.53,8.27,0.52,10.4,0.51,58.54,0.5,10.4,0.55,4.72,0.61,11.7,0.65,5.0,0.66,5.0,0.67,5.0,0.45,4.72,0.39,11.7,0.35,5.0,0.34,5.0,0.33,5.0,0.46,10.5,0.47,8.27,0.48,10.4,0.49,58.54,0.5,10.4,0.01,0.01,615.82975,1776170938000
1776170940.278,240.278,0.54,10.5,0.53,8.27,0.52,10.4,0.51,58.54,0.5,10.4,0.55,4.72,0.61,11.7,0.65,5.0,0.66,5.0,0.67,5.0,0.45,4.72,0.39,11.7,0.35,5.0,0.34,5.0,0.33,5.0,0.46,10.5,0.47,8.27,0.48,10.4,0.49,58.54,0.5,10.4,0.01,0.01,615.8296,1776170939000
1776170941.302,241.302,0.54,10.5,0.53,8.27,0.52,10.4,0.51,58.54,0.5,10.4,0.55,4.72,0.61,11.7,0.65,5.0,0.66,5.0,0.67,5.0,0.45,4.72,0.39,11.7,0.35,5.0,0.34,5.0,0.33,5.0,0.46,10.5,0.47,8.27,0.48,10.4,0.49,58.54,0.5,10.4,0.01,0.01,615.838657,1776170940000
1776170942.423,242.423,0.54,10.5,0.53,8.27,0.52,10.4,0.51,58.54,0.5,10.4,0.55,4.72,0.61,11.7,0.65,5.0,0.66,5.0,0.67,5.0,0.45,4.72,0.39,11.7,0.35,5.0,0.34,5.0,0.33,5.0,0.46,10.5,0.47,8.27,0.48,10.4,0.49,58.54,0.5,10.4,0.01,0.01,615.820086,1776170941000
1776170943.003,243.003,0.54,10.5,0.53,8.27,0.52,10.4,0.51,58.54,0.5,10.4,0.55,4.72,0.61,11.7,0.65,5.0,0.66,5.0,0.67,5.0,0.45,4.72,0.39,11.7,0.35,5.0,0.34,5.0,0.33,5.0,0.46,10.5,0.47,8.27,0.48,10.4,0.49,58.54,0.5,10.4,0.01,0.01,615.83714,1776170942000
1776170943.998,243.998,0.54,10.5,0.53,8.27,0.52,10.4,0.51,58.54,0.5,10.4,0.55,4.72,0.61,11.7,0.65,5.0,0.66,5.0,0.67,5.0,0.45,4.72,0.39,11.7,0.35,5.0,0.34,5.0,0.33,5.0,0.46,10.5,0.47,8.27,0.48,10.4,0.49,58.54,0.5,10.4,0.01,0.01,615.84029,1776170943000
1776170945.045,245.045,0.54,10.5,0.53,8.27,0.52,10.4,0.51,58.54,0.5,10.4,0.55,4.72,0.61,11.7,0.65,5.0,0.66,5.0,0.67,5.0,0.45,4.72,0.39,11.7,0.35,5.0,0.34,5.0,0.33,5.0,0.46,10.5,0.47,8.27,0.48,10.4,0.49,58.54,0.5,10.4,0.01,0.01,615.84015,1776170944000
1776170946.155,246.155,0.54,10.5,0.53,8.27,0.52,10.4,0.51,58.54,0.5,10.4,0.55,4.72,0.61,11.7,0.65,5.0,0.66,5.0,0.67,5.0,0.45,4.72,0.39,11.7,0.35,5.0,0.34,5.0,0.33,5.0,0.46,10.5,0.47,8.27,0.48,10.4,0.49,58.54,0.5,10.4,0.01,0.01,615.8403,1776170945000
1776170947.218,247.218,0.54,10.5,0.53,8.27,0.52,10.4,0.51,58.54,0.5,10.4,0.55,4.72,0.61,11.7,0.65,5.0,0.66,5.0,0.67,5.0,0.45,4.72,0.39,11.7,0.35,5.0,0.34,5.0,0.33,5.0,0.46,10.5,0.47,8.27,0.48,10.4,0.49,58.54,0.5,10.4,0.01,0.01,615.82785,1776170946000
1776170948.352,248.352,0.54,10.5,0.53,8.27,0.52,10.4,0.51,58.54,0.5,10.4,0.55,4.72,0.61,11.7,0.65,5.0,0.66,5.0,0.67,5.0,0.45,4.72,0.39,11.7,0.35,5.0,0.34,5.0,0.33,5.0,0.46,10.5,0.47,8.27,0.48,10.4,0.49,58.54,0.5,10.4,0.01,0.01,615.80012,1776170947000
1776170949.391,249.391,0.54,10.5,0.53,8.27,0.52,10.4,0.51,58.54,0.5,10.4,0.55,4.72,0.61,11.7,0.65,5.0,0.66,5.0,0.67,5.0,0.45,4.72,0.39,11.7,0.35,5.0,0.34,5.0,0.33,5.0,0.46,10.5,0.47,8.27,0.48,10.4,0.49,58.54,0.5,10.4,0.01,0.01,615.796889,1776170948000
1776170949.915,249.915,0.54,10.5,0.53,8.27,0.52,10.4,0.51,58.54,0.5,10.4,0.55,4.72,0.61,11.7,0.65,5.0,0.66,5.0,0.67,5.0,0.45,4.72,0.39,11.7,0.35,5.0,0.34,5.0,0.33,5.0,0.46,10.5,0.47,8.27,0.48,10.4,0.49,58.54,0.5,10.4,0.01,0.01,615.81102,1776170949000
1776170951.49,251.49,0.54,10.5,0.53,8.27,0.52,10.4,0.51,58.54,0.5,10.4,0.55,4.72,0.61,11.7,0.65,5.0,0.66,5.0,0.67,5.0,0.45,4.72,0.39,11.7,0.35,5.0,0.34,5.0,0.33,5.0,0.46,10.5,0.47,8.27,0.48,10.4,0.49,58.54,0.5,10.4,0.01,0.01,615.81006,1776170950000
1776170951.978,251.978,0.54,10.5,0.53,8.27,0.52,10.4,0.51,58.54,0.5,10.4,0.55,4.72,0.61,11.7,0.65,5.0,0.66,5.0,0.67,5.0,0.45,4.72,0.39,11.7,0.35,5.0,0.34,5.0,0.33,5.0,0.46,10.5,0.47,8.27,0.48,10.4,0.49,58.54,0.5,10.4,0.01,0.01,615.82363,1776170951000
1776170953.56,253.56,0.54,10.5,0.53,8.27,0.52,10.4,0.51,58.54,0.5,10.4,0.55,4.72,0.61,11.7,0.65,5.0,0.66,5.0,0.67,5.0,0.45,4.72,0.39,11.7,0.35,5.0,0.34,5.0,0.33,5.0,0.46,10.5,0.47,8.27,0.48,10.4,0.49,58.54,0.5,10.4,0.01,0.01,615.83861,1776170952000
1776170954.089,254.089,0.54,10.5,0.53,8.27,0.52,10.4,0.51,58.54,0.5,10.4,0.55,4.72,0.61,11.7,0.65,5.0,0.66,5.0,0.67,5.0,0.45,4.72,0.39,11.7,0.35,5.0,0.34,5.0,0.33,5.0,0.46,10.5,0.47,8.27,0.48,10.4,0.49,58.54,0.5,10.4,0.01,0.01,615.83864,1776170953000
1776170955.529,255.529,0.54,10.5,0.53,8.27,0.52,10.4,0.51,58.54,0.5,10.4,0.55,4.72,0.61,11.7,0.65,5.0,0.66,5.0,0.67,5.0,0.45,4.72,0.39,11.7,0.35,5.0,0.34,5.0,0.33,5.0,0.46,10.5,0.47,8.27,0.48,10.4,0.49,58.54,0.5,10.4,0.01,0.01,615.80034,1776170954000
1776170956.081,256.081,0.54,10.5,0.53,8.27,0.52,10.4,0.51,58.54,0.5,10.4,0.55,4.72,0.61,11.7,0.65,5.0,0.66,5.0,0.67,5.0,0.45,4.72,0.39,11.7,0.35,5.0,0.34,5.0,0.33,5.0,0.46,10.5,0.47,8.27,0.48,10.4,0.49,58.54,0.5,10.4,0.01,0.01,615.809295,1776170955000
1776170957.149,257.149,0.54,10.5,0.53,8.27,0.52,10.4,0.51,58.54,0.5,10.4,0.55,4.72,0.61,11.7,0.65,5.0,0.66,5.0,0.67,5.0,0.45,4.72,0.39,11.7,0.35,5.0,0.34,5.0,0.33,5.0,0.46,10.5,0.47,8.27,0.48,10.4,0.49,58.54,0.5,10.4,0.01,0.01,615.816673,1776170956000
1776170958.312,258.312,0.54,10.5,0.53,8.27,0.52,10.4,0.51,58.54,0.5,10.4,0.55,4.72,0.61,11.7,0.65,5.0,0.66,5.0,0.67,5.0,0.45,4.72,0.39,11.7,0.35,5.0,0.34,5.0,0.33,5.0,0.46,10.5,0.47,8.27,0.48,10.4,0.49,58.54,0.5,10.4,0.01,0.01,615.80589,1776170957000
1776170959.516,259.516,0.54,10.5,0.53,8.27,0.52,10.4,0.51,58.54,0.5,10.4,0.55,4.72,0.61,11.7,0.65,5.0,0.66,5.0,0.67,5.0,0.45,4.72,0.39,11.7,0.35,5.0,0.34,5.0,0.33,5.0,0.46,10.5,0.47,8.27,0.48,10.4,0.49,58.54,0.5,10.4,0.01,0.01,615.836591,1776170958000
1776170960.081,260.081,0.54,10.5,0.53,8.27,0.52,10.4,0.51,58.54,0.5,10.4,0.55,4.72,0.61,11.7,0.65,5.0,0.66,5.0,0.67,5.0,0.45,4.72,0.39,11.7,0.35,5.0,0.34,5.0,0.33,5.0,0.46,10.5,0.47,8.27,0.48,10.4,0.49,58.54,0.5,10.4,0.01,0.01,615.836591,1776170959000
1776170961.103,261.103,0.54,10.5,0.53,8.27,0.52,10.4,0.51,58.54,0.5,10.4,0.55,4.72,0.61,11.7,0.65,5.0,0.66,5.0,0.67,5.0,0.45,4.72,0.39,11.7,0.35,5.0,0.34,5.0,0.33,5.0,0.46,10.5,0.47,8.27,0.48,10.4,0.49,58.54,0.5,10.4,0.01,0.01,615.83568,1776170960000
1776170962.399,262.399,0.54,10.5,0.53,8.27,0.52,10.4,0.51,58.54,0.5,10.4,0.55,4.72,0.61,11.7,0.65,5.0,0.66,5.0,0.67,5.0,0.45,4.72,0.39,11.7,0.35,5.0,0.34,5.0,0.33,5.0,0.46,10.5,0.47,8.27,0.48,10.4,0.49,58.54,0.5,10.4,0.01,0.01,615.83548,1776170961000
1776170963.527,263.527,0.54,10.5,0.53,8.27,0.52,10.4,0.51,58.54,0.5,10.4,0.55,4.72,0.61,11.7,0.65,5.0,0.66,5.0,0.67,5.0,0.45,4.72,0.39,11.7,0.35,5.0,0.34,5.0,0.33,5.0,0.46,10.5,0.47,8.27,0.48,10.4,0.49,58.54,0.5,10.4,0.01,0.01,615.805439,1776170962000
1776170964.033,264.033,0.54,10.5,0.53,8.27,0.52,10.4,0.51,58.54,0.5,10.4,0.55,4.72,0.61,11.7,0.65,5.0,0.66,5.0,0.67,5.0,0.45,4.72,0.39,11.7,0.35,5.0,0.34,5.0,0.33,5.0,0.46,10.5,0.47,8.27,0.48,10.4,0.49,58.54,0.5,10.4,0.01,0.01,615.805439,1776170963000
1776170965.108,265.108,0.54,10.5,0.53,8.27,0.52,10.4,0.51,58.54,0.5,10.4,0.55,4.72,0.61,11.7,0.65,5.0,0.66,5.0,0.67,5.0,0.45,4.72,0.39,11.7,0.35,5.0,0.34,5.0,0.33,5.0,0.46,10.5,0.47,8.27,0.48,10.4,0.49,58.54,0.5,10.4,0.01,0.01,615.804989,1776170964000
1776170966.042,266.042,0.54,2.54,0.44,10.6,0.43,10.6,0.42,10.7,0.41,65.7,0.55,9.82,0.61,11.7,0.65,5.0,0.66,5.0,0.67,5.0,0.45,4.72,0.39,11.7,0.35,5.0,0.34,5.0,0.33,5.0,0.46,10.5,0.47,8.27,0.48,10.4,0.49,58.54,0.5,10.4,0.01,0.01,615.804989,1776170964000
1776170966.789,266.789,0.44,2.07,0.43,10.6,0.42,10.7,0.41,65.7,0.4,15.8,0.55,9.82,0.61,11.7,0.65,5.0,0.66,5.0,0.67,5.0,0.45,9.82,0.39,11.7,0.35,5.0,0.34,5.0,0.33,5.0,0.56,2.07,0.57,10.6,0.58,10.7,0.59,65.7,0.6,15.8,0.11,0.11,615.783359,1776170965000
1776170967.139,267.139,0.44,2.07,0.43,10.6,0.42,10.7,0.41,65.7,0.4,15.8,0.55,9.82,0.61,11.7,0.65,5.0,0.66,5.0,0.67,5.0,0.45,9.82,0.39,11.7,0.35,5.0,0.34,5.0,0.33,5.0,0.56,2.07,0.57,10.6,0.58,10.7,0.59,65.7,0.6,15.8,0.11,0.11,615.79802,1776170966000
1776170967.511,267.511,0.43,7.42,0.42,10.7,0.41,65.7,0.4,15.8,0.39,15.9,0.55,9.82,0.61,11.7,0.65,5.0,0.66,5.0,0.67,5.0,0.45,9.82,0.39,11.7,0.35,5.0,0.34,5.0,0.33,5.0,0.56,2.07,0.57,10.6,0.58,10.7,0.59,65.7,0.6,15.8,0.12,0.11,615.79802,1776170966000
1776170968.178,268.178,0.43,7.42,0.42,10.7,0.41,65.7,0.4,15.8,0.39,15.9,0.55,9.82,0.61,11.7,0.65,5.0,0.66,5.0,0.67,5.0,0.45,9.82,0.39,11.7,0.35,5.0,0.34,5.0,0.33,5.0,0.57,7.42,0.58,10.7,0.59,65.7,0.6,15.8,0.61,15.9,0.12,0.12,615.721198,1776170967000
1776170969.071,269.071,0.43,7.42,0.42,10.7,0.41,65.7,0.4,15.8,0.39,15.9,0.55,9.82,0.61,11.7,0.65,5.0,0.66,5.0,0.67,5.0,0.45,9.82,0.39,11.7,0.35,5.0,0.34,5.0,0.33,5.0,0.57,7.42,0.58,10.7,0.59,65.7,0.6,15.8,0.61,15.9,0.12,0.12,615.72085,1776170968000
1776170969.981,269.981,0.43,7.42,0.42,10.7,0.41,65.7,0.4,15.8,0.39,15.9,0.55,9.82,0.61,11.7,0.65,5.0,0.66,5.0,0.67,5.0,0.45,9.82,0.39,11.7,0.35,5.0,0.34,5.0,0.33,5.0,0.57,7.42,0.58,10.7,0.59,65.7,0.6,15.8,0.61,15.9,0.12,0.12,615.72857,1776170969000
1776170970.235,270.235,0.44,4.23,0.43,7.42,0.42,10.7,0.41,65.7,0.4,15.8,0.55,9.82,0.61,11.7,0.65,5.0,0.66,5.0,0.67,5.0,0.45,9.82,0.39,11.7,0.35,5.0,0.34,5.0,0.33,5.0,0.57,7.42,0.58,10.7,0.59,65.7,0.6,15.8,0.61,15.9,0.11,0.12,615.72857,1776170969000
1776170970.913,270.913,0.43,7.42,0.42,10.7,0.41,65.7,0.4,15.8,0.39,15.9,0.44,6.37,0.55,9.82,0.61,11.7,0.65,5.0,0.66,5.0,0.56,6.37,0.45,9.82,0.39,11.7,0.35,5.0,0.34,5.0,0.57,7.42,0.58,10.7,0.59,65.7,0.6,15.8,0.61,15.9,0.01,0.01,615.7195,1776170970000
1776170971.356,271.356,0.43,5.38,0.42,10.7,0.41,65.7,0.4,15.8,0.39,15.9,0.44,6.37,0.55,4.72,0.61,11.7,0.65,5.0,0.66,5.0,0.56,6.37,0.45,9.82,0.39,11.7,0.35,5.0,0.34,5.0,0.57,7.42,0.58,10.7,0.59,65.7,0.6,15.8,0.61,15.9,0.01,0.01,615.7195,1776170970000
1776170971.918,271.918,0.43,5.38,0.42,10.7,0.41,65.7,0.4,15.8,0.39,15.9,0.44,6.37,0.55,4.72,0.61,11.7,0.65,5.0,0.66,5.0,0.56,6.37,0.45,4.72,0.39,11.7,0.35,5.0,0.34,5.0,0.57,5.38,0.58,10.7,0.59,65.7,0.6,15.8,0.61,15.9,0.01,0.01,615.71782,1776170971000
1776170972.834,272.834,0.43,5.38,0.42,10.7,0.41,65.7,0.4,15.8,0.39,15.9,0.44,6.37,0.55,4.72,0.61,11.7,0.65,5.0,0.66,5.0,0.56,6.37,0.45,4.72,0.39,11.7,0.35,5.0,0.34,5.0,0.57,5.38,0.58,10.7,0.59,65.7,0.6,15.8,0.61,15.9,0.01,0.01,615.718618,1776170972000
1776170973.092,273.092,0.41,19.1,0.4,5.0,0.39,5.0,0.38,5.0,0.37,5.0,0.44,6.37,0.55,4.72,0.61,11.7,0.65,5.0,0.66,5.0,0.56,6.37,0.45,4.72,0.39,11.7,0.35,5.0,0.34,5.0,0.57,5.38,0.58,10.7,0.59,65.7,0.6,15.8,0.61,15.9,0.03,0.01,615.718618,1776170972000
1776170973.834,273.834,0.41,3.88,0.4,5.0,0.39,5.0,0.38,5.0,0.37,5.0,0.44,6.37,0.55,4.72,0.61,11.7,0.65,5.0,0.66,5.0,0.56,6.37,0.45,4.72,0.39,11.7,0.35,5.0,0.34,5.0,0.59,3.88,0.6,5.0,0.61,5.0,0.62,5.0,0.63,5.0,0.03,0.03,615.7212,1776170973000
1776170975.298,275.298,0.41,3.88,0.4,5.0,0.39,5.0,0.38,5.0,0.37,5.0,0.44,6.37,0.55,4.72,0.61,11.7,0.65,5.0,0.66,5.0,0.56,6.37,0.45,4.72,0.39,11.7,0.35,5.0,0.34,5.0,0.59,3.88,0.6,5.0,0.61,5.0,0.62,5.0,0.63,5.0,0.03,0.03,615.707891,1776170974000
1776170976.254,276.254,0.41,3.88,0.4,5.0,0.39,5.0,0.38,5.0,0.37,5.0,0.44,6.37,0.55,4.72,0.61,11.7,0.65,5.0,0.66,5.0,0.56,6.37,0.45,4.72,0.39,11.7,0.35,5.0,0.34,5.0,0.59,3.88,0.6,5.0,0.61,5.0,0.62,5.0,0.63,5.0,0.03,0.03,615.713959,1776170975000
1776170977.283,277.283,0.41,3.88,0.4,5.0,0.39,5.0,0.38,5.0,0.37,5.0,0.44,6.37,0.55,4.72,0.61,11.7,0.65,5.0,0.66,5.0,0.56,6.37,0.45,4.72,0.39,11.7,0.35,5.0,0.34,5.0,0.59,3.88,0.6,5.0,0.61,5.0,0.62,5.0,0.63,5.0,0.03,0.03,615.70515,1776170976000
1776170978.15,278.15,0.41,3.88,0.4,5.0,0.39,5.0,0.38,5.0,0.37,5.0,0.44,6.37,0.55,4.72,0.61,11.7,0.65,5.0,0.66,5.0,0.56,6.37,0.45,4.72,0.39,11.7,0.35,5.0,0.34,5.0,0.59,3.88,0.6,5.0,0.61,5.0,0.62,5.0,0.63,5.0,0.03,0.03,615.704635,1776170977000
1776170979.156,279.156,0.41,3.88,0.4,5.0,0.39,5.0,0.38,5.0,0.37,5.0,0.44,6.37,0.55,4.72,0.61,11.7,0.65,5.0,0.66,5.0,0.56,6.37,0.45,4.72,0.39,11.7,0.35,5.0,0.34,5.0,0.59,3.88,0.6,5.0,0.61,5.0,0.62,5.0,0.63,5.0,0.03,0.03,615.704635,1776170978000
1776170980.254,280.254,0.41,3.88,0.4,5.0,0.39,5.0,0.38,5.0,0.37,5.0,0.44,6.37,0.55,4.72,0.61,11.7,0.65,5.0,0.66,5.0,0.56,6.37,0.45,4.72,0.39,11.7,0.35,5.0,0.34,5.0,0.59,3.88,0.6,5.0,0.61,5.0,0.62,5.0,0.63,5.0,0.03,0.03,615.73303,1776170979000
1776170981.212,281.212,0.41,3.88,0.4,5.0,0.39,5.0,0.38,5.0,0.37,5.0,0.44,6.37,0.55,4.72,0.61,11.7,0.65,5.0,0.66,5.0,0.56,6.37,0.45,4.72,0.39,11.7,0.35,5.0,0.34,5.0,0.59,3.88,0.6,5.0,0.61,5.0,0.62,5.0,0.63,5.0,0.03,0.03,615.700795,1776170980000
1776170982.395,282.395,0.41,3.88,0.4,5.0,0.39,5.0,0.38,5.0,0.37,5.0,0.44,6.37,0.55,4.72,0.61,11.7,0.65,5.0,0.66,5.0,0.56,6.37,0.45,4.72,0.39,11.7,0.35,5.0,0.34,5.0,0.59,3.88,0.6,5.0,0.61,5.0,0.62,5.0,0.63,5.0,0.03,0.03,615.706527,1776170981000
1776170982.952,282.952,0.41,3.88,0.4,5.0,0.39,5.0,0.38,5.0,0.37,5.0,0.44,6.37,0.55,4.72,0.61,11.7,0.65,5.0,0.66,5.0,0.56,6.37,0.45,4.72,0.39,11.7,0.35,5.0,0.34,5.0,0.59,3.88,0.6,5.0,0.61,5.0,0.62,5.0,0.63,5.0,0.03,0.03,615.752276,1776170982000
1776170983.315,283.315,0.42,6.51,0.41,3.88,0.4,5.0,0.39,5.0,0.38,5.0,0.51,34.55,0.61,61.7,0.65,5.0,0.66,5.0,0.67,5.0,0.56,6.37,0.45,4.72,0.39,11.7,0.35,5.0,0.34,5.0,0.59,3.88,0.6,5.0,0.61,5.0,0.62,5.0,0.63,5.0,0.09,0.03,615.752276,1776170982000
1776170984.044,284.044,0.42,6.51,0.41,3.88,0.4,5.0,0.39,5.0,0.38,5.0,0.51,34.55,0.61,61.7,0.65,5.0,0.66,5.0,0.67,5.0,0.49,34.55,0.39,61.7,0.35,5.0,0.34,5.0,0.33,5.0,0.58,6.51,0.59,3.88,0.6,5.0,0.61,5.0,0.62,5.0,0.09,0.09,615.761324,1776170983000
1776170985.01,285.01,0.42,6.51,0.41,3.88,0.4,5.0,0.39,5.0,0.38,5.0,0.51,34.55,0.61,61.7,0.65,5.0,0.66,5.0,0.67,5.0,0.49,34.55,0.39,61.7,0.35,5.0,0.34,5.0,0.33,5.0,0.58,6.51,0.59,3.88,0.6,5.0,0.61,5.0,0.62,5.0,0.09,0.09,615.77605,1776170984000
1776170985.266,285.266,0.42,6.51,0.41,3.88,0.4,5.0,0.39,5.0,0.38,5.0,0.51,11.11,0.61,61.7,0.65,5.0,0.66,5.0,0.67,5.0,0.49,34.55,0.39,61.7,0.35,5.0,0.34,5.0,0.33,5.0,0.58,6.51,0.59,3.88,0.6,5.0,0.61,5.0,0.62,5.0,0.09,0.09,615.77605,1776170984000
1776170985.982,285.982,0.21,73.0,0.11,50.0,0.05,211.0,0.04,5.0,0.02,10.0,0.34,6.61,0.51,11.11,0.61,61.7,0.65,5.0,0.66,5.0,0.66,6.61,0.49,11.11,0.39,61.7,0.35,5.0,0.34,5.0,0.79,73.0,0.89,50.0,0.95,211.0,0.96,5.0,0.98,10.0,0.13,0.13,615.78223,1776170985000
1776170987.038,287.038,0.21,111.0,0.11,50.0,0.05,211.0,0.04,5.0,0.02,10.0,0.34,5.28,0.51,6.08,0.61,61.7,0.65,5.0,0.66,5.0,0.66,5.28,0.49,6.08,0.39,61.7,0.35,5.0,0.34,5.0,0.79,111.0,0.89,50.0,0.95,211.0,0.96,5.0,0.98,10.0,0.13,0.13,615.779234,1776170986000
1776170988.042,288.042,0.21,111.0,0.11,50.0,0.05,211.0,0.04,5.0,0.02,10.0,0.34,5.28,0.51,6.08,0.61,61.7,0.65,5.0,0.66,5.0,0.66,5.28,0.49,6.08,0.39,61.7,0.35,5.0,0.34,5.0,0.79,111.0,0.89,50.0,0.95,211.0,0.96,5.0,0.98,10.0,0.13,0.13,615.765123,1776170987000
1776170989.117,289.117,0.21,111.0,0.11,50.0,0.05,211.0,0.04,5.0,0.02,10.0,0.34,5.28,0.51,6.08,0.61,61.7,0.65,5.0,0.66,5.0,0.66,5.28,0.49,6.08,0.39,61.7,0.35,5.0,0.34,5.0,0.79,111.0,0.89,50.0,0.95,211.0,0.96,5.0,0.98,10.0,0.13,0.13,615.765547,1776170988000
1776170990.05,290.05,0.21,111.0,0.11,50.0,0.05,211.0,0.04,5.0,0.02,10.0,0.34,5.28,0.51,6.08,0.61,61.7,0.65,5.0,0.66,5.0,0.66,5.28,0.49,6.08,0.39,61.7,0.35,5.0,0.34,5.0,0.79,111.0,0.89,50.0,0.95,211.0,0.96,5.0,0.98,10.0,0.13,0.13,615.778792,1776170989000
1776170990.47,290.47,0.31,50.0,0.21,50.0,0.11,50.0,0.05,200.0,0.04,5.0,0.41,12.56,0.51,6.08,0.61,61.7,0.65,5.0,0.66,5.0,0.66,5.28,0.49,6.08,0.39,61.7,0.35,5.0,0.34,5.0,0.79,111.0,0.89,50.0,0.95,211.0,0.96,5.0,0.98,10.0,0.1,0.13,615.778792,1776170989000
1776170991.043,291.043,0.31,50.0,0.21,50.0,0.11,50.0,0.05,200.0,0.04,5.0,0.41,12.56,0.51,6.08,0.61,61.7,0.65,5.0,0.66,5.0,0.59,12.56,0.49,6.08,0.39,61.7,0.35,5.0,0.34,5.0,0.69,50.0,0.79,50.0,0.89,50.0,0.95,200.0,0.96,5.0,0.1,0.1,615.772907,1776170990000
1776170992.975,292.975,0.31,50.0,0.21,50.0,0.11,50.0,0.05,200.0,0.04,5.0,0.41,12.56,0.51,6.08,0.61,61.7,0.65,5.0,0.66,5.0,0.59,12.56,0.49,6.08,0.39,61.7,0.35,5.0,0.34,5.0,0.69,50.0,0.79,50.0,0.89,50.0,0.95,200.0,0.96,5.0,0.1,0.1,615.774673,1776170991000
1776170993.694,293.694,0.31,50.0,0.21,50.0,0.11,50.0,0.05,200.0,0.04,5.0,0.41,12.56,0.51,6.08,0.61,61.7,0.65,5.0,0.66,5.0,0.59,12.56,0.49,6.08,0.39,61.7,0.35,5.0,0.34,5.0,0.69,50.0,0.79,50.0,0.89,50.0,0.95,200.0,0.96,5.0,0.1,0.1,615.775684,1776170992000
1776170994.502,294.502,0.31,50.0,0.21,50.0,0.11,50.0,0.05,200.0,0.04,5.0,0.41,12.56,0.51,6.08,0.61,61.7,0.65,5.0,0.66,5.0,0.59,12.56,0.49,6.08,0.39,61.7,0.35,5.0,0.34,5.0,0.69,50.0,0.79,50.0,0.89,50.0,0.95,200.0,0.96,5.0,0.1,0.1,615.75353,1776170993000
1776170995.23,295.23,0.31,50.0,0.21,50.0,0.11,50.0,0.05,200.0,0.04,5.0,0.41,12.56,0.51,6.08,0.61,61.7,0.65,5.0,0.66,5.0,0.59,12.56,0.49,6.08,0.39,61.7,0.35,5.0,0.34,5.0,0.69,50.0,0.79,50.0,0.89,50.0,0.95,200.0,0.96,5.0,0.1,0.1,615.75023,1776170994000
1776170996.523,296.523,0.31,50.0,0.21,50.0,0.11,50.0,0.05,200.0,0.04,5.0,0.41,12.56,0.51,6.08,0.61,61.7,0.65,5.0,0.66,5.0,0.59,12.56,0.49,6.08,0.39,61.7,0.35,5.0,0.34,5.0,0.69,50.0,0.79,50.0,0.89,50.0,0.95,200.0,0.96,5.0,0.1,0.1,615.71822,1776170995000
1776170997.164,297.164,0.31,50.0,0.21,50.0,0.11,50.0,0.05,200.0,0.04,5.0,0.41,12.56,0.51,6.08,0.61,61.7,0.65,5.0,0.66,5.0,0.59,12.56,0.49,6.08,0.39,61.7,0.35,5.0,0.34,5.0,0.69,50.0,0.79,50.0,0.89,50.0,0.95,200.0,0.96,5.0,0.1,0.1,615.719116,1776170996000
1776170998.239,298.239,0.11,45.0,0.1,50.0,0.04,5.0,0.02,10.0,0.01,291.09,0.15,43.33,0.39,6.0,0.41,50.0,0.49,7.0,0.51,56.08,0.49,56.08,0.39,61.7,0.35,5.0,0.34,5.0,0.33,5.0,0.79,37.34,0.89,95.0,0.96,5.0,0.98,10.0,0.99,296.09,0.04,0.3,615.719116,1776170996000
1776170998.469,298.469,0.11,37.0,0.1,50.0,0.04,5.0,0.02,10.0,0.01,291.09,0.15,35.33,0.39,6.0,0.41,50.0,0.49,7.0,0.51,56.08,0.85,43.33,0.61,6.0,0.59,50.0,0.51,7.0,0.49,56.08,0.89,45.0,0.9,50.0,0.96,5.0,0.98,10.0,0.99,291.09,0.04,0.04,615.715562,1776170997000
1776170998.915,298.915,0.1,44.44,0.04,5.0,0.02,10.0,0.01,291.09,,,0.11,13.0,0.15,35.33,0.39,6.0,0.41,50.0,0.49,7.0,0.89,13.0,0.85,35.33,0.61,6.0,0.59,50.0,0.51,7.0,0.9,50.0,0.96,5.0,0.98,10.0,0.99,291.09,,,0.01,0.01,615.715562,1776170997000
1776170999.391,299.391,0.1,41.14,0.04,5.0,0.02,10.0,0.01,291.09,,,0.11,13.0,0.15,35.33,0.39,6.0,0.41,50.0,0.49,7.0,0.89,13.0,0.85,35.33,0.61,6.0,0.59,50.0,0.51,7.0,0.9,41.14,0.96,5.0,0.98,10.0,0.99,291.09,,,0.01,0.01,615.73327,1776170998000
1776170999.681,299.681,0.07,44.89,0.05,11.0,0.02,10.0,0.01,241.09,,,0.11,13.0,0.15,35.33,0.39,6.0,0.49,7.0,0.5,99.06,0.89,13.0,0.85,35.33,0.61,6.0,0.51,7.0,0.5,99.06,0.98,10.0,0.99,241.09,,,,,,,0.04,0.09,615.73327,1776170998000
1776170999.961,299.961,0.29,46.67,0.07,39.89,0.05,11.0,0.02,10.0,0.01,241.09,0.39,6.0,0.4,6.0,0.45,5.0,0.49,7.0,0.5,104.06,0.61,6.0,0.6,6.0,0.55,5.0,0.51,7.0,0.5,104.06,0.71,46.67,0.93,39.89,0.95,11.0,0.98,10.0,0.99,241.09,0.1,0.1,615.73327,1776170999000
1776171000.432,300.432,0.1,10.0,0.02,10.0,0.01,241.09,,,,,0.28,15.35,0.3,5.0,0.35,100.0,0.39,6.0,0.4,14.0,0.61,6.0,0.6,6.0,0.55,5.0,0.51,7.0,0.5,104.06,0.71,31.75,0.8,50.0,0.85,50.0,0.93,39.89,0.95,11.0,0.18,0.1,615.73327,1776170999000
1776171000.693,300.693,0.1,10.0,0.02,10.0,0.01,241.09,,,,,0.28,28.35,0.3,5.0,0.35,100.0,0.39,6.0,0.4,14.0,0.72,15.35,0.7,5.0,0.65,100.0,0.61,6.0,0.6,14.0,0.9,10.0,0.98,10.0,0.99,241.09,,,,,0.18,0.18,615.73327,1776170999000
1776171000.952,300.952,0.1,20.0,0.02,10.0,0.01,241.09,,,,,0.28,0.77,0.3,5.0,0.35,100.0,0.39,6.0,0.4,14.0,0.72,23.35,0.7,5.0,0.65,100.0,0.61,6.0,0.6,14.0,0.9,20.0,0.98,10.0,0.99,241.09,,,,,0.18,0.18,615.73327,1776170999000

# RESULT,winner=Down,slug=bnb-updown-5m-1776170700,ticks=318
