timestamp,elapsed_sec,up_bid_p1,up_bid_s1,up_bid_p2,up_bid_s2,up_ask_p1,up_ask_s1,up_ask_p2,up_ask_s2,down_bid_p1,down_bid_s1,down_bid_p2,down_bid_s2,down_ask_p1,down_ask_s1,down_ask_p2,down_ask_s2,up_spread,down_spread,bnb_price,bnb_oracle_ts
1776192001.354,1.354,,,,,,,,,,,,,,,,,,,615.852,1776192000000
1776192001.7,1.7,0.44,11.0,0.33,300.0,0.53,7.84,0.65,14.0,0.47,7.84,0.35,14.0,0.56,11.0,0.67,300.0,0.09,0.09,615.852,1776192000000
1776192002.212,2.212,0.44,11.0,0.33,300.0,0.53,7.84,0.65,14.0,0.47,7.84,0.35,14.0,0.56,11.0,0.67,300.0,0.09,0.09,615.852,1776192000000
1776192003.643,3.643,0.44,11.0,0.33,300.0,0.53,7.84,0.65,14.0,0.47,7.84,0.35,14.0,0.56,11.0,0.67,300.0,0.09,0.09,615.852,1776192002000
1776192004.248,4.248,0.44,11.0,0.33,300.0,0.53,7.84,0.65,14.0,0.47,7.84,0.35,14.0,0.56,11.0,0.67,300.0,0.09,0.09,615.906,1776192003000
1776192005.059,5.059,0.41,61.5,0.4,5.0,0.52,10.0,0.53,7.84,0.47,7.84,0.35,14.0,0.56,11.0,0.67,300.0,0.11,0.09,615.906,1776192003000
1776192005.393,5.393,0.41,61.5,0.4,5.0,0.52,10.0,0.53,7.84,0.48,10.0,0.47,7.84,0.59,61.5,0.6,5.0,0.11,0.11,615.914,1776192004000
1776192006.102,6.102,0.41,61.5,0.4,5.0,0.52,10.0,0.53,7.84,0.48,10.0,0.47,7.84,0.59,61.5,0.6,5.0,0.11,0.11,615.912,1776192005000
1776192007.24,7.24,0.41,61.5,0.4,5.0,0.52,10.0,0.53,7.84,0.48,10.0,0.47,7.84,0.59,61.5,0.6,5.0,0.11,0.11,615.906,1776192006000
1776192007.614,7.614,0.49,5.0,0.47,5.0,0.53,2.84,0.58,10.0,0.48,10.0,0.47,7.84,0.59,61.5,0.6,5.0,0.04,0.11,615.906,1776192006000
1776192008.318,8.318,0.49,5.0,0.47,5.0,0.53,2.84,0.58,10.0,0.47,2.84,0.42,10.0,0.51,5.0,0.53,5.0,0.04,0.04,615.904,1776192007000
1776192009.237,9.237,0.52,5.0,0.47,5.0,0.64,10.0,0.65,14.0,0.47,2.84,0.42,10.0,0.51,5.0,0.53,5.0,0.12,0.04,615.904,1776192007000
1776192009.466,9.466,0.52,5.0,0.47,5.0,0.64,10.0,0.65,14.0,0.36,10.0,0.35,14.0,0.48,5.0,0.53,5.0,0.12,0.12,615.902,1776192008000
1776192010.008,10.008,0.52,5.0,0.47,5.0,0.64,10.0,0.65,14.0,0.36,10.0,0.35,14.0,0.48,5.0,0.53,5.0,0.12,0.12,615.904,1776192009000
1776192011.193,11.193,0.52,5.0,0.47,5.0,0.64,10.0,0.65,14.0,0.36,10.0,0.35,14.0,0.48,5.0,0.53,5.0,0.12,0.12,615.967,1776192010000
1776192012.411,12.411,0.52,5.0,0.47,5.0,0.64,10.0,0.65,14.0,0.36,10.0,0.35,14.0,0.48,5.0,0.53,5.0,0.12,0.12,615.96,1776192011000
1776192013.003,13.003,0.52,5.0,0.47,5.0,0.64,10.0,0.65,14.0,0.36,10.0,0.35,14.0,0.48,5.0,0.53,5.0,0.12,0.12,615.96,1776192012000
1776192014.092,14.092,0.52,5.0,0.47,5.0,0.64,10.0,0.65,14.0,0.36,10.0,0.35,14.0,0.48,5.0,0.53,5.0,0.12,0.12,615.906,1776192013000
1776192015.108,15.108,0.52,5.0,0.47,5.0,0.64,10.0,0.65,14.0,0.36,10.0,0.35,14.0,0.48,5.0,0.53,5.0,0.12,0.12,615.888,1776192014000
1776192016.363,16.363,0.52,5.0,0.47,5.0,0.64,10.0,0.65,14.0,0.36,10.0,0.35,14.0,0.48,5.0,0.53,5.0,0.12,0.12,615.888,1776192015000
1776192017.415,17.415,0.52,5.0,0.47,5.0,0.64,10.0,0.65,14.0,0.36,10.0,0.35,14.0,0.48,5.0,0.53,5.0,0.12,0.12,615.968,1776192016000
1776192018.325,18.325,0.52,5.0,0.47,5.0,0.64,10.0,0.65,14.0,0.36,10.0,0.35,14.0,0.48,5.0,0.53,5.0,0.12,0.12,615.968,1776192017000
1776192019.268,19.268,0.52,5.0,0.47,5.0,0.64,10.0,0.65,14.0,0.36,10.0,0.35,14.0,0.48,5.0,0.53,5.0,0.12,0.12,615.9698,1776192018000
1776192020.241,20.241,0.52,5.0,0.47,5.0,0.64,10.0,0.65,14.0,0.36,10.0,0.35,14.0,0.48,5.0,0.53,5.0,0.12,0.12,615.968,1776192019000
1776192021.417,21.417,0.57,10.0,0.51,50.0,0.67,10.61,0.68,5.0,0.36,10.0,0.35,14.0,0.48,5.0,0.53,5.0,0.1,0.12,615.968,1776192019000
1776192021.99,21.99,0.57,10.0,0.51,50.0,0.67,10.61,0.68,5.0,0.33,10.61,0.32,5.0,0.43,10.0,0.49,50.0,0.1,0.1,615.979,1776192021000
1776192022.999,22.999,0.57,10.0,0.51,50.0,0.67,10.61,0.68,5.0,0.33,10.61,0.32,5.0,0.43,10.0,0.49,50.0,0.1,0.1,615.959,1776192022000
1776192024.048,24.048,0.57,10.0,0.51,50.0,0.67,10.61,0.68,5.0,0.33,10.61,0.32,5.0,0.43,10.0,0.49,50.0,0.1,0.1,615.976,1776192023000
1776192025.168,25.168,0.57,10.0,0.51,50.0,0.67,10.61,0.68,5.0,0.33,10.61,0.32,5.0,0.43,10.0,0.49,50.0,0.1,0.1,615.958,1776192024000
1776192026.101,26.101,0.57,10.0,0.51,50.0,0.67,10.61,0.68,5.0,0.33,10.61,0.32,5.0,0.43,10.0,0.49,50.0,0.1,0.1,615.965,1776192025000
1776192027.235,27.235,0.57,10.0,0.51,50.0,0.67,10.61,0.68,5.0,0.33,10.61,0.32,5.0,0.43,10.0,0.49,50.0,0.1,0.1,615.965,1776192026000
1776192028.384,28.384,0.57,10.0,0.51,50.0,0.67,10.61,0.68,5.0,0.33,10.61,0.32,5.0,0.43,10.0,0.49,50.0,0.1,0.1,615.968,1776192027000
1776192029.435,29.435,0.57,10.0,0.51,50.0,0.67,10.61,0.68,5.0,0.33,10.61,0.32,5.0,0.43,10.0,0.49,50.0,0.1,0.1,615.976,1776192028000
1776192029.918,29.918,0.57,10.0,0.51,50.0,0.67,10.61,0.68,5.0,0.33,10.61,0.32,5.0,0.43,10.0,0.49,50.0,0.1,0.1,615.976,1776192029000
1776192030.807,30.807,0.61,5.0,0.6,5.0,0.67,3.44,0.69,10.0,0.33,10.61,0.32,5.0,0.43,10.0,0.49,50.0,0.06,0.1,615.976,1776192029000
1776192032.591,32.591,0.61,5.0,0.6,5.0,0.67,3.44,0.69,10.0,0.33,3.44,0.31,10.0,0.39,5.0,0.4,5.0,0.06,0.06,615.997,1776192031000
1776192033.195,33.195,0.62,5.0,0.61,5.0,0.66,5.0,0.67,3.44,0.34,5.0,0.33,3.44,0.38,5.0,0.39,5.0,0.04,0.04,615.977,1776192032000
1776192034.21,34.21,0.62,5.0,0.61,5.0,0.66,5.0,0.67,3.44,0.34,5.0,0.33,3.44,0.38,5.0,0.39,5.0,0.04,0.04,615.977,1776192033000
1776192034.416,34.416,0.65,5.0,0.61,50.0,0.67,3.44,0.77,26.0,0.34,5.0,0.33,3.44,0.38,5.0,0.39,5.0,0.02,0.04,615.977,1776192033000
1776192035.245,35.245,0.65,5.0,0.61,50.0,0.77,26.0,0.78,5.0,0.23,26.0,0.22,5.0,0.35,5.0,0.39,50.0,0.12,0.12,616.031,1776192034000
1776192036.354,36.354,0.65,5.0,0.61,50.0,0.77,26.0,0.78,5.0,0.23,26.0,0.22,5.0,0.35,5.0,0.39,50.0,0.12,0.12,616.076588,1776192035000
1776192037.344,37.344,0.65,5.0,0.61,50.0,0.77,26.0,0.78,5.0,0.23,26.0,0.22,5.0,0.35,5.0,0.39,50.0,0.12,0.12,616.119,1776192036000
1776192038.41,38.41,0.65,5.0,0.61,50.0,0.77,26.0,0.78,5.0,0.23,26.0,0.22,5.0,0.35,5.0,0.39,50.0,0.12,0.12,616.085,1776192037000
1776192038.922,38.922,0.65,5.0,0.61,50.0,0.77,26.0,0.78,5.0,0.23,26.0,0.22,5.0,0.35,5.0,0.39,50.0,0.12,0.12,616.085,1776192038000
1776192040.003,40.003,0.65,5.0,0.61,50.0,0.77,26.0,0.78,5.0,0.23,26.0,0.22,5.0,0.35,5.0,0.39,50.0,0.12,0.12,616.153,1776192039000
1776192041.019,41.019,0.65,5.0,0.61,50.0,0.77,26.0,0.78,5.0,0.23,26.0,0.22,5.0,0.35,5.0,0.39,50.0,0.12,0.12,616.178,1776192040000
1776192042.07,42.07,0.65,5.0,0.61,50.0,0.77,26.0,0.78,5.0,0.23,26.0,0.22,5.0,0.35,5.0,0.39,50.0,0.12,0.12,616.241,1776192041000
1776192043.154,43.154,0.65,5.0,0.61,50.0,0.77,26.0,0.78,5.0,0.23,26.0,0.22,5.0,0.35,5.0,0.39,50.0,0.12,0.12,616.239,1776192042000
1776192044.214,44.214,0.65,5.0,0.61,50.0,0.77,26.0,0.78,5.0,0.23,26.0,0.22,5.0,0.35,5.0,0.39,50.0,0.12,0.12,616.248,1776192043000
1776192045.153,45.153,0.65,5.0,0.61,50.0,0.77,26.0,0.78,5.0,0.23,26.0,0.22,5.0,0.35,5.0,0.39,50.0,0.12,0.12,616.248,1776192044000
1776192046.339,46.339,0.65,5.0,0.61,50.0,0.77,26.0,0.78,5.0,0.23,26.0,0.22,5.0,0.35,5.0,0.39,50.0,0.12,0.12,616.266,1776192045000
1776192046.982,46.982,0.65,5.0,0.61,50.0,0.77,26.0,0.78,5.0,0.23,26.0,0.22,5.0,0.35,5.0,0.39,50.0,0.12,0.12,616.259,1776192046000
1776192048.016,48.016,0.73,5.0,0.72,5.0,0.81,3.88,0.82,5.0,0.19,3.88,0.18,5.0,0.27,5.0,0.28,5.0,0.08,0.08,616.257,1776192047000
1776192049.195,49.195,0.73,5.0,0.72,5.0,0.81,3.88,0.82,5.0,0.19,3.88,0.18,5.0,0.27,5.0,0.28,5.0,0.08,0.08,616.246,1776192048000
1776192050.261,50.261,0.73,5.0,0.72,5.0,0.81,3.88,0.82,5.0,0.19,3.88,0.18,5.0,0.27,5.0,0.28,5.0,0.08,0.08,616.262,1776192049000
1776192051.385,51.385,0.73,5.0,0.72,5.0,0.81,3.88,0.82,5.0,0.19,3.88,0.18,5.0,0.27,5.0,0.28,5.0,0.08,0.08,616.354,1776192050000
1776192051.632,51.632,0.79,5.0,0.77,5.0,0.87,28.0,0.88,24.6,0.19,3.88,0.18,5.0,0.27,5.0,0.28,5.0,0.08,0.08,616.354,1776192050000
1776192051.947,51.947,0.79,5.0,0.77,5.0,0.87,28.0,0.88,24.6,0.13,28.0,0.12,24.6,0.21,5.0,0.23,5.0,0.08,0.08,616.354,1776192051000
1776192053.084,53.084,0.79,5.0,0.77,5.0,0.87,28.0,0.88,24.6,0.13,28.0,0.12,24.6,0.21,5.0,0.23,5.0,0.08,0.08,616.359,1776192052000
1776192054.242,54.242,0.79,5.0,0.77,5.0,0.87,28.0,0.88,24.6,0.13,28.0,0.12,24.6,0.21,5.0,0.23,5.0,0.08,0.08,616.359,1776192053000
1776192055.392,55.392,0.79,5.0,0.77,5.0,0.87,28.0,0.88,24.6,0.13,28.0,0.12,24.6,0.21,5.0,0.23,5.0,0.08,0.08,616.363523,1776192054000
1776192055.975,55.975,0.79,5.0,0.77,5.0,0.87,28.0,0.88,24.6,0.13,28.0,0.12,24.6,0.21,5.0,0.23,5.0,0.08,0.08,616.343,1776192055000
1776192056.988,56.988,0.79,5.0,0.77,5.0,0.87,28.0,0.88,24.6,0.13,28.0,0.12,24.6,0.21,5.0,0.23,5.0,0.08,0.08,616.316,1776192056000
1776192058.135,58.135,0.79,5.0,0.77,5.0,0.87,28.0,0.88,24.6,0.13,28.0,0.12,24.6,0.21,5.0,0.23,5.0,0.08,0.08,616.315,1776192057000
1776192059.345,59.345,0.79,5.0,0.77,5.0,0.87,28.0,0.88,24.6,0.13,28.0,0.12,24.6,0.21,5.0,0.23,5.0,0.08,0.08,616.317,1776192058000
1776192060.847,60.847,0.79,5.0,0.77,5.0,0.87,28.0,0.88,24.6,0.13,28.0,0.12,24.6,0.21,5.0,0.23,5.0,0.08,0.08,616.315,1776192059000
1776192061.527,61.527,0.79,5.0,0.77,5.0,0.87,28.0,0.88,24.6,0.13,28.0,0.12,24.6,0.21,5.0,0.23,5.0,0.08,0.08,616.315,1776192060000
1776192062.68,62.68,0.79,5.0,0.77,5.0,0.87,28.0,0.88,24.6,0.13,28.0,0.12,24.6,0.21,5.0,0.23,5.0,0.08,0.08,616.324,1776192061000
1776192063.564,63.564,0.79,5.0,0.77,5.0,0.87,28.0,0.88,24.6,0.13,28.0,0.12,24.6,0.21,5.0,0.23,5.0,0.08,0.08,616.324,1776192062000
1776192064.105,64.105,0.79,5.0,0.77,5.0,0.87,28.0,0.88,24.6,0.13,28.0,0.12,24.6,0.21,5.0,0.23,5.0,0.08,0.08,616.29,1776192063000
1776192065.51,65.51,0.79,5.0,0.77,5.0,0.87,28.0,0.88,24.6,0.13,28.0,0.12,24.6,0.21,5.0,0.23,5.0,0.08,0.08,616.289318,1776192064000
1776192066.121,66.121,0.79,5.0,0.77,5.0,0.87,28.0,0.88,24.6,0.13,28.0,0.12,24.6,0.21,5.0,0.23,5.0,0.08,0.08,616.289318,1776192065000
1776192067.499,67.499,0.79,5.0,0.77,5.0,0.87,28.0,0.88,24.6,0.13,28.0,0.12,24.6,0.21,5.0,0.23,5.0,0.08,0.08,616.286821,1776192066000
1776192068.099,68.099,0.79,5.0,0.77,5.0,0.87,28.0,0.88,24.6,0.13,28.0,0.12,24.6,0.21,5.0,0.23,5.0,0.08,0.08,616.285656,1776192067000
1776192069.713,69.713,0.79,5.0,0.77,5.0,0.87,28.0,0.88,24.6,0.13,28.0,0.12,24.6,0.21,5.0,0.23,5.0,0.08,0.08,616.29,1776192068000
1776192070.276,70.276,0.79,5.0,0.77,5.0,0.87,28.0,0.88,24.6,0.13,28.0,0.12,24.6,0.21,5.0,0.23,5.0,0.08,0.08,616.288968,1776192069000
1776192071.543,71.543,0.79,5.0,0.77,5.0,0.87,28.0,0.88,24.6,0.13,28.0,0.12,24.6,0.21,5.0,0.23,5.0,0.08,0.08,616.288272,1776192070000
1776192072.142,72.142,0.79,5.0,0.77,5.0,0.87,28.0,0.88,24.6,0.13,28.0,0.12,24.6,0.21,5.0,0.23,5.0,0.08,0.08,616.288272,1776192071000
1776192073.702,73.702,0.79,5.0,0.77,5.0,0.87,28.0,0.88,24.6,0.13,28.0,0.12,24.6,0.21,5.0,0.23,5.0,0.08,0.08,616.288729,1776192072000
1776192074.304,74.304,0.79,5.0,0.77,5.0,0.87,28.0,0.88,24.6,0.13,28.0,0.12,24.6,0.21,5.0,0.23,5.0,0.08,0.08,616.288286,1776192073000
1776192075.639,75.639,0.79,5.0,0.77,5.0,0.87,28.0,0.88,24.6,0.13,28.0,0.12,24.6,0.21,5.0,0.23,5.0,0.08,0.08,616.363,1776192074000
1776192076.384,76.384,0.79,5.0,0.77,5.0,0.87,28.0,0.88,24.6,0.13,28.0,0.12,24.6,0.21,5.0,0.23,5.0,0.08,0.08,616.394,1776192075000
1776192077.611,77.611,0.79,5.0,0.77,5.0,0.87,28.0,0.88,24.6,0.13,28.0,0.12,24.6,0.21,5.0,0.23,5.0,0.08,0.08,616.384727,1776192076000
1776192078.713,78.713,0.79,5.0,0.77,5.0,0.87,28.0,0.88,24.6,0.13,28.0,0.12,24.6,0.21,5.0,0.23,5.0,0.08,0.08,616.384555,1776192077000
1776192079.2,79.2,0.79,5.0,0.77,5.0,0.87,28.0,0.88,24.6,0.13,28.0,0.12,24.6,0.21,5.0,0.23,5.0,0.08,0.08,616.347,1776192078000
1776192080.473,80.473,0.79,5.0,0.77,5.0,0.87,28.0,0.88,24.6,0.13,28.0,0.12,24.6,0.21,5.0,0.23,5.0,0.08,0.08,616.309448,1776192079000
1776192081.042,81.042,0.79,5.0,0.77,5.0,0.87,28.0,0.88,24.6,0.13,28.0,0.12,24.6,0.21,5.0,0.23,5.0,0.08,0.08,616.268,1776192080000
1776192082.251,82.251,0.79,5.0,0.77,5.0,0.87,28.0,0.88,24.6,0.13,28.0,0.12,24.6,0.21,5.0,0.23,5.0,0.08,0.08,616.268,1776192081000
1776192083.348,83.348,0.79,5.0,0.77,5.0,0.87,28.0,0.88,24.6,0.13,28.0,0.12,24.6,0.21,5.0,0.23,5.0,0.08,0.08,616.307,1776192082000
1776192083.966,83.966,0.79,5.0,0.77,5.0,0.87,28.0,0.88,24.6,0.13,28.0,0.12,24.6,0.21,5.0,0.23,5.0,0.08,0.08,616.363,1776192083000
1776192085.215,85.215,0.79,5.0,0.77,5.0,0.87,28.0,0.88,24.6,0.13,28.0,0.12,24.6,0.21,5.0,0.23,5.0,0.08,0.08,616.356,1776192084000
1776192086.396,86.396,0.79,5.0,0.77,5.0,0.87,28.0,0.88,24.6,0.13,28.0,0.12,24.6,0.21,5.0,0.23,5.0,0.08,0.08,616.357159,1776192085000
1776192087.52,87.52,0.79,5.0,0.77,5.0,0.87,28.0,0.88,24.6,0.13,28.0,0.12,24.6,0.21,5.0,0.23,5.0,0.08,0.08,616.370469,1776192086000
1776192088.085,88.085,0.79,5.0,0.77,5.0,0.87,28.0,0.88,24.6,0.13,28.0,0.12,24.6,0.21,5.0,0.23,5.0,0.08,0.08,616.381192,1776192087000
1776192089.376,89.376,0.79,5.0,0.77,5.0,0.87,28.0,0.88,24.6,0.13,28.0,0.12,24.6,0.21,5.0,0.23,5.0,0.08,0.08,616.378027,1776192088000
1776192090.473,90.473,0.79,5.0,0.77,5.0,0.87,28.0,0.88,24.6,0.13,28.0,0.12,24.6,0.21,5.0,0.23,5.0,0.08,0.08,616.409,1776192089000
1776192091.094,91.094,0.79,5.0,0.77,5.0,0.87,28.0,0.88,24.6,0.13,28.0,0.12,24.6,0.21,5.0,0.23,5.0,0.08,0.08,616.409,1776192090000
1776192092.277,92.277,0.79,5.0,0.77,5.0,0.87,28.0,0.88,24.6,0.13,28.0,0.12,24.6,0.21,5.0,0.23,5.0,0.08,0.08,616.399,1776192091000
1776192093.956,93.956,0.79,5.0,0.77,5.0,0.87,28.0,0.88,24.6,0.13,28.0,0.12,24.6,0.21,5.0,0.23,5.0,0.08,0.08,616.341514,1776192092000
1776192094.66,94.66,0.79,5.0,0.77,5.0,0.87,28.0,0.88,24.6,0.13,28.0,0.12,24.6,0.21,5.0,0.23,5.0,0.08,0.08,616.341515,1776192093000
1776192095.325,95.325,0.79,5.0,0.77,5.0,0.87,28.0,0.88,24.6,0.13,28.0,0.12,24.6,0.21,5.0,0.23,5.0,0.08,0.08,616.337251,1776192094000
1776192096.685,96.685,0.79,5.0,0.77,5.0,0.87,28.0,0.88,24.6,0.13,28.0,0.12,24.6,0.21,5.0,0.23,5.0,0.08,0.08,616.337368,1776192095000
1776192097.228,97.228,0.79,5.0,0.77,5.0,0.87,28.0,0.88,24.6,0.13,28.0,0.12,24.6,0.21,5.0,0.23,5.0,0.08,0.08,616.325,1776192096000
1776192098.815,98.815,0.88,10.0,0.85,20.39,0.9,5.0,0.95,54.7,0.13,28.0,0.12,24.6,0.21,5.0,0.23,5.0,0.02,0.08,616.325,1776192096000
1776192099.46,99.46,0.88,10.0,0.85,20.39,0.9,5.0,0.95,54.7,0.1,5.0,0.05,54.7,0.12,10.0,0.15,20.39,0.02,0.02,616.390275,1776192098000
1776192100.098,100.098,0.88,10.0,0.85,20.39,0.9,5.0,0.95,54.7,0.1,5.0,0.05,54.7,0.12,10.0,0.15,20.39,0.02,0.02,616.533067,1776192099000
1776192101.315,101.315,0.88,10.0,0.85,20.39,0.9,5.0,0.95,54.7,0.1,5.0,0.05,54.7,0.12,10.0,0.15,20.39,0.02,0.02,616.52622,1776192100000
1776192102.033,102.033,0.88,10.0,0.85,20.39,0.9,5.0,0.95,54.7,0.1,5.0,0.05,54.7,0.12,10.0,0.15,20.39,0.02,0.02,616.515721,1776192101000
1776192103.636,103.636,0.88,10.0,0.85,20.39,0.9,5.0,0.95,54.7,0.1,5.0,0.05,54.7,0.12,10.0,0.15,20.39,0.02,0.02,616.516187,1776192102000
1776192104.274,104.274,0.88,10.0,0.85,20.39,0.9,5.0,0.95,54.7,0.1,5.0,0.05,54.7,0.12,10.0,0.15,20.39,0.02,0.02,616.525,1776192103000
1776192105.699,105.699,0.88,10.0,0.85,20.39,0.9,5.0,0.95,54.7,0.1,5.0,0.05,54.7,0.12,10.0,0.15,20.39,0.02,0.02,616.518173,1776192104000
1776192106.394,106.394,0.88,10.0,0.85,20.39,0.9,5.0,0.95,54.7,0.1,5.0,0.05,54.7,0.12,10.0,0.15,20.39,0.02,0.02,616.518173,1776192105000
1776192107.029,107.029,0.88,10.0,0.85,20.39,0.9,5.0,0.95,54.7,0.1,5.0,0.05,54.7,0.12,10.0,0.15,20.39,0.02,0.02,616.51786,1776192106000
1776192108.484,108.484,0.88,10.0,0.85,20.39,0.9,5.0,0.95,54.7,0.1,5.0,0.05,54.7,0.12,10.0,0.15,20.39,0.02,0.02,616.518427,1776192107000
1776192109.168,109.168,0.88,10.0,0.85,20.39,0.9,5.0,0.95,54.7,0.1,5.0,0.05,54.7,0.12,10.0,0.15,20.39,0.02,0.02,616.518328,1776192108000
1776192110.342,110.342,0.88,10.0,0.85,20.39,0.9,5.0,0.95,54.7,0.1,5.0,0.05,54.7,0.12,10.0,0.15,20.39,0.02,0.02,616.467572,1776192109000
1776192111.541,111.541,0.88,10.0,0.85,20.39,0.9,5.0,0.95,54.7,0.1,5.0,0.05,54.7,0.12,10.0,0.15,20.39,0.02,0.02,616.459156,1776192110000
1776192112.969,112.969,0.88,10.0,0.85,20.39,0.9,5.0,0.95,54.7,0.1,5.0,0.05,54.7,0.12,10.0,0.15,20.39,0.02,0.02,616.454554,1776192111000
1776192113.755,113.755,0.88,10.0,0.85,20.39,0.9,5.0,0.95,54.7,0.1,5.0,0.05,54.7,0.12,10.0,0.15,20.39,0.02,0.02,616.458,1776192112000
1776192114.618,114.618,0.88,10.0,0.85,20.39,0.9,5.0,0.95,54.7,0.1,5.0,0.05,54.7,0.12,10.0,0.15,20.39,0.02,0.02,616.423,1776192113000
1776192115.301,115.301,0.88,10.0,0.85,20.39,0.9,5.0,0.95,54.7,0.1,5.0,0.05,54.7,0.12,10.0,0.15,20.39,0.02,0.02,616.423,1776192114000
1776192116.706,116.706,0.88,10.0,0.85,20.39,0.9,5.0,0.95,54.7,0.1,5.0,0.05,54.7,0.12,10.0,0.15,20.39,0.02,0.02,616.432,1776192115000
1776192117.507,117.507,0.88,10.0,0.85,20.39,0.9,5.0,0.95,54.7,0.1,5.0,0.05,54.7,0.12,10.0,0.15,20.39,0.02,0.02,616.432,1776192116000
1776192118.321,118.321,0.88,10.0,0.85,20.39,0.9,5.0,0.95,54.7,0.1,5.0,0.05,54.7,0.12,10.0,0.15,20.39,0.02,0.02,616.485,1776192117000
1776192119.92,119.92,0.88,10.0,0.85,20.39,0.9,5.0,0.95,54.7,0.1,5.0,0.05,54.7,0.12,10.0,0.15,20.39,0.02,0.02,616.486,1776192118000
1776192120.69,120.69,0.88,10.0,0.85,20.39,0.9,5.0,0.95,54.7,0.1,5.0,0.05,54.7,0.12,10.0,0.15,20.39,0.02,0.02,616.504,1776192119000
1776192121.638,121.638,0.88,10.0,0.85,20.39,0.9,5.0,0.95,54.7,0.1,5.0,0.05,54.7,0.12,10.0,0.15,20.39,0.02,0.02,616.504,1776192120000
1776192122.359,122.359,0.88,10.0,0.85,20.39,0.9,5.0,0.95,54.7,0.1,5.0,0.05,54.7,0.12,10.0,0.15,20.39,0.02,0.02,616.494,1776192121000
1776192123.185,123.185,0.89,26.6,0.88,24.6,0.96,72.7,0.97,89.3,0.04,72.7,0.03,89.3,0.11,26.6,0.12,24.6,0.07,0.07,616.494,1776192122000
1776192124.725,124.725,0.89,26.6,0.88,24.6,0.96,72.7,0.97,89.3,0.04,72.7,0.03,89.3,0.11,26.6,0.12,24.6,0.07,0.07,616.489,1776192123000
1776192125.542,125.542,0.89,26.6,0.88,24.6,0.96,72.7,0.97,89.3,0.04,72.7,0.03,89.3,0.11,26.6,0.12,24.6,0.07,0.07,616.489,1776192124000
1776192126.3,126.3,0.89,26.6,0.88,24.6,0.96,72.7,0.97,89.3,0.04,72.7,0.03,89.3,0.11,26.6,0.12,24.6,0.07,0.07,616.532,1776192125000
1776192127.057,127.057,0.89,26.6,0.88,24.6,0.96,72.7,0.97,89.3,0.04,72.7,0.03,89.3,0.11,26.6,0.12,24.6,0.07,0.07,616.512,1776192126000
1776192128.668,128.668,0.89,26.6,0.88,24.6,0.96,72.7,0.97,89.3,0.04,72.7,0.03,89.3,0.11,26.6,0.12,24.6,0.07,0.07,616.516,1776192127000
1776192129.5,129.5,0.89,26.6,0.88,24.6,0.96,72.7,0.97,89.3,0.04,72.7,0.03,89.3,0.11,26.6,0.12,24.6,0.07,0.07,616.515,1776192128000
1776192130.207,130.207,0.89,26.6,0.88,24.6,0.96,72.7,0.97,89.3,0.04,72.7,0.03,89.3,0.11,26.6,0.12,24.6,0.07,0.07,616.515,1776192129000
1776192132.176,132.176,0.89,26.6,0.88,24.6,0.96,72.7,0.97,89.3,0.04,72.7,0.03,89.3,0.11,26.6,0.12,24.6,0.07,0.07,616.615,1776192130000
1776192132.634,132.634,0.89,26.6,0.88,24.6,0.96,72.7,0.97,89.3,0.04,72.7,0.03,89.3,0.11,26.6,0.12,24.6,0.07,0.07,616.571,1776192131000
1776192133.254,133.254,0.89,26.6,0.88,24.6,0.96,72.7,0.97,89.3,0.04,72.7,0.03,89.3,0.11,26.6,0.12,24.6,0.07,0.07,616.571,1776192132000
1776192134.196,134.196,0.89,26.6,0.88,24.6,0.96,72.7,0.97,89.3,0.04,72.7,0.03,89.3,0.11,26.6,0.12,24.6,0.07,0.07,616.579,1776192133000
1776192135.279,135.279,0.89,26.6,0.88,24.6,0.96,72.7,0.97,89.3,0.04,72.7,0.03,89.3,0.11,26.6,0.12,24.6,0.07,0.07,616.579,1776192134000
1776192136.326,136.326,0.89,26.6,0.88,24.6,0.96,72.7,0.97,89.3,0.04,72.7,0.03,89.3,0.11,26.6,0.12,24.6,0.07,0.07,616.56,1776192135000
1776192137.328,137.328,0.89,26.6,0.88,24.6,0.96,72.7,0.97,89.3,0.04,72.7,0.03,89.3,0.11,26.6,0.12,24.6,0.07,0.07,616.56,1776192136000
1776192138.345,138.345,0.89,26.6,0.88,24.6,0.96,72.7,0.97,89.3,0.04,72.7,0.03,89.3,0.11,26.6,0.12,24.6,0.07,0.07,616.555,1776192137000
1776192138.822,138.822,0.89,26.6,0.88,24.6,0.96,72.7,0.97,89.3,0.04,72.7,0.03,89.3,0.11,26.6,0.12,24.6,0.07,0.07,616.555,1776192138000
1776192139.981,139.981,0.89,26.6,0.88,24.6,0.96,72.7,0.97,89.3,0.04,72.7,0.03,89.3,0.11,26.6,0.12,24.6,0.07,0.07,616.486083,1776192139000
1776192140.903,140.903,0.89,26.6,0.88,24.6,0.96,72.7,0.97,89.3,0.04,72.7,0.03,89.3,0.11,26.6,0.12,24.6,0.07,0.07,616.465839,1776192140000
1776192141.898,141.898,0.89,26.6,0.88,24.6,0.96,72.7,0.97,89.3,0.04,72.7,0.03,89.3,0.11,26.6,0.12,24.6,0.07,0.07,616.46601,1776192141000
1776192142.897,142.897,0.89,26.6,0.88,24.6,0.96,72.7,0.97,89.3,0.04,72.7,0.03,89.3,0.11,26.6,0.12,24.6,0.07,0.07,616.463017,1776192142000
1776192143.914,143.914,0.89,26.6,0.88,24.6,0.96,72.7,0.97,89.3,0.04,72.7,0.03,89.3,0.11,26.6,0.12,24.6,0.07,0.07,616.461639,1776192143000
1776192145.476,145.476,0.89,26.6,0.88,24.6,0.96,72.7,0.97,89.3,0.04,72.7,0.03,89.3,0.11,26.6,0.12,24.6,0.07,0.07,616.459782,1776192144000
1776192146.007,146.007,0.89,26.6,0.88,24.6,0.96,72.7,0.97,89.3,0.04,72.7,0.03,89.3,0.11,26.6,0.12,24.6,0.07,0.07,616.459469,1776192145000
1776192147.162,147.162,0.89,26.6,0.88,24.6,0.96,72.7,0.97,89.3,0.04,72.7,0.03,89.3,0.11,26.6,0.12,24.6,0.07,0.07,616.443174,1776192146000
1776192148.348,148.348,0.89,26.6,0.88,24.6,0.96,72.7,0.97,89.3,0.04,72.7,0.03,89.3,0.11,26.6,0.12,24.6,0.07,0.07,616.423,1776192147000
1776192148.944,148.944,0.89,26.6,0.88,24.6,0.96,72.7,0.97,89.3,0.04,72.7,0.03,89.3,0.11,26.6,0.12,24.6,0.07,0.07,616.423,1776192148000
1776192149.919,149.919,0.89,26.6,0.88,24.6,0.96,72.7,0.97,89.3,0.04,72.7,0.03,89.3,0.11,26.6,0.12,24.6,0.07,0.07,616.422,1776192149000
1776192151.089,151.089,0.89,26.6,0.88,24.6,0.96,72.7,0.97,89.3,0.04,72.7,0.03,89.3,0.11,26.6,0.12,24.6,0.07,0.07,616.387,1776192150000
1776192152.302,152.302,0.89,26.6,0.88,24.6,0.96,72.7,0.97,89.3,0.04,72.7,0.03,89.3,0.11,26.6,0.12,24.6,0.07,0.07,616.344,1776192151000
1776192153.391,153.391,0.89,26.6,0.88,24.6,0.96,72.7,0.97,89.3,0.04,72.7,0.03,89.3,0.11,26.6,0.12,24.6,0.07,0.07,616.317,1776192152000
1776192154.013,154.013,0.89,26.6,0.88,24.6,0.96,72.7,0.97,89.3,0.04,72.7,0.03,89.3,0.11,26.6,0.12,24.6,0.07,0.07,616.317,1776192153000
1776192155.266,155.266,0.89,26.6,0.88,24.6,0.96,72.7,0.97,89.3,0.04,72.7,0.03,89.3,0.11,26.6,0.12,24.6,0.07,0.07,616.281,1776192154000
1776192156.79,156.79,0.89,26.6,0.88,24.6,0.96,72.7,0.97,89.3,0.04,72.7,0.03,89.3,0.11,26.6,0.12,24.6,0.07,0.07,616.278,1776192155000
1776192157.471,157.471,0.89,26.6,0.88,24.6,0.96,72.7,0.97,89.3,0.04,72.7,0.03,89.3,0.11,26.6,0.12,24.6,0.07,0.07,616.31,1776192156000
1776192158.307,158.307,0.89,26.6,0.88,24.6,0.96,72.7,0.97,89.3,0.04,72.7,0.03,89.3,0.11,26.6,0.12,24.6,0.07,0.07,616.31,1776192157000
1776192159.447,159.447,0.89,26.6,0.88,24.6,0.96,72.7,0.97,89.3,0.04,72.7,0.03,89.3,0.11,26.6,0.12,24.6,0.07,0.07,616.298,1776192158000
1776192160.232,160.232,0.89,26.6,0.88,24.6,0.96,72.7,0.97,89.3,0.04,72.7,0.03,89.3,0.11,26.6,0.12,24.6,0.07,0.07,616.267,1776192159000
1776192161.248,161.248,0.89,26.6,0.88,24.6,0.96,72.7,0.97,89.3,0.04,72.7,0.03,89.3,0.11,26.6,0.12,24.6,0.07,0.07,616.239098,1776192160000
1776192163.081,163.081,0.89,26.6,0.88,24.6,0.96,72.7,0.97,89.3,0.04,72.7,0.03,89.3,0.11,26.6,0.12,24.6,0.07,0.07,616.183,1776192162000
1776192164.911,164.911,0.89,26.6,0.88,24.6,0.96,72.7,0.97,89.3,0.04,72.7,0.03,89.3,0.11,26.6,0.12,24.6,0.07,0.07,616.145,1776192163000
1776192165.718,165.718,0.89,26.6,0.88,24.6,0.96,72.7,0.97,89.3,0.04,72.7,0.03,89.3,0.11,26.6,0.12,24.6,0.07,0.07,616.165,1776192164000
1776192166.335,166.335,0.89,26.6,0.88,24.6,0.96,72.7,0.97,89.3,0.04,72.7,0.03,89.3,0.11,26.6,0.12,24.6,0.07,0.07,616.165,1776192165000
1776192167.623,167.623,0.89,26.6,0.88,24.6,0.96,72.7,0.97,89.3,0.04,72.7,0.03,89.3,0.11,26.6,0.12,24.6,0.07,0.07,616.19577,1776192166000
1776192168.446,168.446,0.89,26.6,0.88,24.6,0.96,72.7,0.97,89.3,0.04,72.7,0.03,89.3,0.11,26.6,0.12,24.6,0.07,0.07,616.191537,1776192167000
1776192169.193,169.193,0.89,26.6,0.88,24.6,0.96,72.7,0.97,89.3,0.04,72.7,0.03,89.3,0.11,26.6,0.12,24.6,0.07,0.07,616.253,1776192168000
1776192170.548,170.548,0.89,26.6,0.88,24.6,0.96,72.7,0.97,89.3,0.04,72.7,0.03,89.3,0.11,26.6,0.12,24.6,0.07,0.07,616.265,1776192169000
1776192171.273,171.273,0.89,26.6,0.88,24.6,0.96,72.7,0.97,89.3,0.04,72.7,0.03,89.3,0.11,26.6,0.12,24.6,0.07,0.07,616.265,1776192170000
1776192172.685,172.685,0.89,26.6,0.88,24.6,0.96,72.7,0.97,89.3,0.04,72.7,0.03,89.3,0.11,26.6,0.12,24.6,0.07,0.07,616.283,1776192171000
1776192173.328,173.328,0.89,26.6,0.88,24.6,0.96,72.7,0.97,89.3,0.04,72.7,0.03,89.3,0.11,26.6,0.12,24.6,0.07,0.07,616.283,1776192172000
1776192174.02,174.02,0.89,26.6,0.88,24.6,0.96,72.7,0.97,89.3,0.04,72.7,0.03,89.3,0.11,26.6,0.12,24.6,0.07,0.07,616.306,1776192173000
1776192175.469,175.469,0.89,26.6,0.88,24.6,0.96,72.7,0.97,89.3,0.04,72.7,0.03,89.3,0.11,26.6,0.12,24.6,0.07,0.07,616.302,1776192174000
1776192176.111,176.111,0.89,26.6,0.88,24.6,0.96,72.7,0.97,89.3,0.04,72.7,0.03,89.3,0.11,26.6,0.12,24.6,0.07,0.07,616.269995,1776192175000
1776192177.461,177.461,0.89,26.6,0.88,24.6,0.96,72.7,0.97,89.3,0.04,72.7,0.03,89.3,0.11,26.6,0.12,24.6,0.07,0.07,616.269878,1776192176000
1776192178.172,178.172,0.89,26.6,0.88,24.6,0.96,72.7,0.97,89.3,0.04,72.7,0.03,89.3,0.11,26.6,0.12,24.6,0.07,0.07,616.261748,1776192177000
1776192179.676,179.676,0.89,26.6,0.88,24.6,0.96,72.7,0.97,89.3,0.04,72.7,0.03,89.3,0.11,26.6,0.12,24.6,0.07,0.07,616.198,1776192178000
1776192180.309,180.309,0.89,26.6,0.88,24.6,0.96,72.7,0.97,89.3,0.04,72.7,0.03,89.3,0.11,26.6,0.12,24.6,0.07,0.07,616.222861,1776192179000
1776192181.329,181.329,0.89,26.6,0.88,24.6,0.96,72.7,0.97,89.3,0.04,72.7,0.03,89.3,0.11,26.6,0.12,24.6,0.07,0.07,616.229,1776192180000
1776192182.451,182.451,0.89,26.6,0.88,24.6,0.96,72.7,0.97,89.3,0.04,72.7,0.03,89.3,0.11,26.6,0.12,24.6,0.07,0.07,616.218,1776192181000
1776192183.047,183.047,0.89,26.6,0.88,24.6,0.96,72.7,0.97,89.3,0.04,72.7,0.03,89.3,0.11,26.6,0.12,24.6,0.07,0.07,616.235,1776192182000
1776192184.142,184.142,0.89,26.6,0.88,24.6,0.96,72.7,0.97,89.3,0.04,72.7,0.03,89.3,0.11,26.6,0.12,24.6,0.07,0.07,616.236,1776192183000
1776192185.184,185.184,0.89,26.6,0.88,24.6,0.96,72.7,0.97,89.3,0.04,72.7,0.03,89.3,0.11,26.6,0.12,24.6,0.07,0.07,616.244,1776192184000
1776192186.355,186.355,0.89,26.6,0.88,24.6,0.96,72.7,0.97,89.3,0.04,72.7,0.03,89.3,0.11,26.6,0.12,24.6,0.07,0.07,616.244,1776192185000
1776192187.386,187.386,0.89,26.6,0.88,24.6,0.96,72.7,0.97,89.3,0.04,72.7,0.03,89.3,0.11,26.6,0.12,24.6,0.07,0.07,616.175,1776192186000
1776192187.947,187.947,0.89,26.6,0.88,24.6,0.96,72.7,0.97,89.3,0.04,72.7,0.03,89.3,0.11,26.6,0.12,24.6,0.07,0.07,616.175,1776192187000
1776192188.992,188.992,0.89,26.6,0.88,24.6,0.96,72.7,0.97,89.3,0.04,72.7,0.03,89.3,0.11,26.6,0.12,24.6,0.07,0.07,616.209,1776192188000
1776192190.097,190.097,0.89,26.6,0.88,24.6,0.96,72.7,0.97,89.3,0.04,72.7,0.03,89.3,0.11,26.6,0.12,24.6,0.07,0.07,616.229,1776192189000
1776192191.221,191.221,0.89,26.6,0.88,24.6,0.96,72.7,0.97,89.3,0.04,72.7,0.03,89.3,0.11,26.6,0.12,24.6,0.07,0.07,616.235,1776192190000
1776192192.442,192.442,0.89,26.6,0.88,24.6,0.96,72.7,0.97,89.3,0.04,72.7,0.03,89.3,0.11,26.6,0.12,24.6,0.07,0.07,616.248,1776192191000
1776192192.961,192.961,0.89,26.6,0.88,24.6,0.96,72.7,0.97,89.3,0.04,72.7,0.03,89.3,0.11,26.6,0.12,24.6,0.07,0.07,616.248,1776192192000
1776192194.754,194.754,0.89,26.6,0.88,24.6,0.96,72.7,0.97,89.3,0.04,72.7,0.03,89.3,0.11,26.6,0.12,24.6,0.07,0.07,616.197,1776192193000
1776192195.72,195.72,0.89,26.6,0.88,24.6,0.96,72.7,0.97,89.3,0.04,72.7,0.03,89.3,0.11,26.6,0.12,24.6,0.07,0.07,616.198,1776192194000
1776192196.215,196.215,0.89,26.6,0.88,24.6,0.96,72.7,0.97,89.3,0.04,72.7,0.03,89.3,0.11,26.6,0.12,24.6,0.07,0.07,616.198,1776192195000
1776192197.285,197.285,0.89,26.6,0.88,24.6,0.96,72.7,0.97,89.3,0.04,72.7,0.03,89.3,0.11,26.6,0.12,24.6,0.07,0.07,616.223032,1776192196000
1776192198.407,198.407,0.89,26.6,0.88,24.6,0.96,72.7,0.97,89.3,0.04,72.7,0.03,89.3,0.11,26.6,0.12,24.6,0.07,0.07,616.257,1776192197000
1776192199.659,199.659,0.89,26.6,0.88,24.6,0.96,72.7,0.97,89.3,0.04,72.7,0.03,89.3,0.11,26.6,0.12,24.6,0.07,0.07,616.253,1776192198000
1776192200.227,200.227,0.89,26.6,0.88,24.6,0.96,72.7,0.97,89.3,0.04,72.7,0.03,89.3,0.11,26.6,0.12,24.6,0.07,0.07,616.241,1776192199000
1776192201.3,201.3,0.89,26.6,0.88,24.6,0.96,72.7,0.97,89.3,0.04,72.7,0.03,89.3,0.11,26.6,0.12,24.6,0.07,0.07,616.241,1776192200000
1776192201.755,201.755,0.86,21.6,0.85,20.39,0.92,34.2,0.93,39.9,0.04,72.7,0.03,89.3,0.11,26.6,0.12,24.6,0.06,0.07,616.241,1776192200000
1776192203.074,203.074,0.86,21.6,0.85,20.39,0.92,34.2,0.93,39.9,0.08,34.2,0.07,39.9,0.14,21.6,0.15,20.39,0.06,0.06,616.271,1776192202000
1776192204.278,204.278,0.86,21.6,0.85,20.39,0.92,34.2,0.93,39.9,0.08,34.2,0.07,39.9,0.14,21.6,0.15,20.39,0.06,0.06,616.276,1776192203000
1776192204.919,204.919,0.89,26.6,0.88,24.6,0.96,65.61,0.97,89.3,0.08,34.2,0.07,39.9,0.14,21.6,0.15,20.39,0.07,0.06,616.276,1776192203000
1776192206.244,206.244,0.89,26.6,0.88,24.6,0.96,63.52,0.97,89.3,0.04,63.52,0.03,89.3,0.11,26.6,0.12,24.6,0.07,0.07,616.302278,1776192205000
1776192207.471,207.471,0.89,26.6,0.88,24.6,0.96,63.52,0.97,89.3,0.04,63.52,0.03,89.3,0.11,26.6,0.12,24.6,0.07,0.07,616.311,1776192206000
1776192207.978,207.978,0.89,26.6,0.88,24.6,0.96,63.52,0.97,89.3,0.04,63.52,0.03,89.3,0.11,26.6,0.12,24.6,0.07,0.07,616.292,1776192207000
1776192208.68,208.68,0.93,39.9,0.92,35.29,0.97,87.23,0.98,137.69,0.04,63.52,0.03,89.3,0.11,26.6,0.12,24.6,0.04,0.07,616.292,1776192207000
1776192209.145,209.145,0.93,39.9,0.92,35.29,0.97,87.23,0.98,137.69,0.03,87.23,0.02,137.69,0.07,39.9,0.08,35.29,0.04,0.04,616.285,1776192208000
1776192210.242,210.242,0.94,46.1,0.93,39.9,0.97,82.23,0.98,137.69,0.03,82.23,0.02,137.69,0.06,46.1,0.07,39.9,0.03,0.03,616.33429,1776192209000
1776192211.934,211.934,0.94,46.1,0.93,39.9,0.97,82.23,0.98,137.69,0.03,82.23,0.02,137.69,0.06,46.1,0.07,39.9,0.03,0.03,616.405,1776192211000
1776192213.327,213.327,0.94,46.1,0.93,39.9,0.97,82.23,0.98,137.69,0.03,82.23,0.02,137.69,0.06,46.1,0.07,39.9,0.03,0.03,616.405,1776192212000
1776192214.461,214.461,0.94,46.1,0.93,39.9,0.97,82.23,0.98,137.69,0.03,82.23,0.02,137.69,0.06,46.1,0.07,39.9,0.03,0.03,616.434,1776192213000
1776192215.097,215.097,0.94,46.1,0.93,39.9,0.97,82.23,0.98,137.69,0.03,82.23,0.02,137.69,0.06,46.1,0.07,39.9,0.03,0.03,616.434,1776192214000
1776192216.532,216.532,0.94,46.1,0.93,39.9,0.97,82.23,0.98,137.69,0.03,82.23,0.02,137.69,0.06,46.1,0.07,39.9,0.03,0.03,616.447,1776192215000
1776192217.208,217.208,0.94,46.1,0.93,39.9,0.97,82.23,0.98,137.69,0.03,82.23,0.02,137.69,0.06,46.1,0.07,39.9,0.03,0.03,616.4507,1776192216000
1776192218.478,218.478,0.94,46.1,0.93,39.9,0.97,82.23,0.98,137.69,0.03,82.23,0.02,137.69,0.06,46.1,0.07,39.9,0.03,0.03,616.474423,1776192217000
1776192219.037,219.037,0.96,72.7,0.95,59.7,0.98,86.69,0.99,5466.6,0.03,82.23,0.02,137.69,0.06,46.1,0.07,39.9,0.02,0.03,616.474423,1776192217000
1776192220.324,220.324,0.96,72.7,0.95,59.7,0.98,86.69,0.99,5466.6,0.02,86.69,0.01,5466.6,0.04,72.7,0.05,59.7,0.02,0.02,616.483,1776192219000
1776192221.039,221.039,0.96,72.7,0.95,59.7,0.98,86.69,0.99,5466.6,0.02,86.69,0.01,5466.6,0.04,72.7,0.05,59.7,0.02,0.02,616.484,1776192220000
1776192222.318,222.318,0.96,72.7,0.95,59.7,0.98,86.69,0.99,5466.6,0.02,86.69,0.01,5466.6,0.04,72.7,0.05,59.7,0.02,0.02,616.495,1776192221000
1776192223.48,223.48,0.96,72.7,0.95,59.7,0.98,86.69,0.99,5466.6,0.02,86.69,0.01,5466.6,0.04,72.7,0.05,59.7,0.02,0.02,616.496,1776192222000
1776192224.279,224.279,0.96,72.7,0.95,59.7,0.98,86.69,0.99,5466.6,0.02,86.69,0.01,5466.6,0.04,72.7,0.05,59.7,0.02,0.02,616.496,1776192223000
1776192225.442,225.442,0.96,72.7,0.95,59.7,0.98,86.69,0.99,5466.6,0.02,86.69,0.01,5466.6,0.04,72.7,0.05,59.7,0.02,0.02,616.502,1776192224000
1776192226.066,226.066,0.96,72.7,0.95,59.7,0.98,86.69,0.99,5466.6,0.02,86.69,0.01,5466.6,0.04,72.7,0.05,59.7,0.02,0.02,616.494,1776192225000
1776192226.882,226.882,0.96,72.7,0.95,59.7,0.98,86.69,0.99,5466.6,0.02,86.69,0.01,5466.6,0.04,72.7,0.05,59.7,0.02,0.02,616.5,1776192226000
1776192227.928,227.928,0.96,72.7,0.95,59.7,0.98,86.69,0.99,5466.6,0.02,86.69,0.01,5466.6,0.04,72.7,0.05,59.7,0.02,0.02,616.502,1776192227000
1776192228.957,228.957,0.96,72.7,0.95,59.7,0.98,86.69,0.99,5466.6,0.02,86.69,0.01,5466.6,0.04,72.7,0.05,59.7,0.02,0.02,616.475,1776192228000
1776192229.912,229.912,0.96,72.7,0.95,59.7,0.98,86.69,0.99,5466.6,0.02,86.69,0.01,5466.6,0.04,72.7,0.05,59.7,0.02,0.02,616.489,1776192229000
1776192230.968,230.968,0.96,72.7,0.95,59.7,0.98,86.69,0.99,5466.6,0.02,86.69,0.01,5466.6,0.04,72.7,0.05,59.7,0.02,0.02,616.528,1776192230000
1776192231.975,231.975,0.96,72.7,0.95,59.7,0.98,86.69,0.99,5466.6,0.02,86.69,0.01,5466.6,0.04,72.7,0.05,59.7,0.02,0.02,616.565,1776192231000
1776192233.075,233.075,0.96,72.7,0.95,59.7,0.98,86.69,0.99,5466.6,0.02,86.69,0.01,5466.6,0.04,72.7,0.05,59.7,0.02,0.02,616.573,1776192232000
1776192234.196,234.196,0.96,72.7,0.95,59.7,0.98,86.69,0.99,5466.6,0.02,86.69,0.01,5466.6,0.04,72.7,0.05,59.7,0.02,0.02,616.578,1776192233000
1776192235.205,235.205,0.96,72.7,0.95,59.7,0.98,86.69,0.99,5466.6,0.02,86.69,0.01,5466.6,0.04,72.7,0.05,59.7,0.02,0.02,616.558116,1776192234000
1776192236.178,236.178,0.96,72.7,0.95,59.7,0.98,86.69,0.99,5466.6,0.02,86.69,0.01,5466.6,0.04,72.7,0.05,59.7,0.02,0.02,616.536,1776192235000
1776192237.21,237.21,0.96,72.7,0.95,59.7,0.98,86.69,0.99,5466.6,0.02,86.69,0.01,5466.6,0.04,72.7,0.05,59.7,0.02,0.02,616.534,1776192236000
1776192238.321,238.321,0.96,72.7,0.95,59.7,0.98,86.69,0.99,5466.6,0.02,86.69,0.01,5466.6,0.04,72.7,0.05,59.7,0.02,0.02,616.530661,1776192237000
1776192238.754,238.754,0.98,127.82,0.97,89.3,0.99,209.0,,,0.02,86.69,0.01,5466.6,0.04,72.7,0.05,59.7,0.01,0.02,616.530661,1776192237000
1776192239.285,239.285,0.98,127.82,0.97,89.3,0.99,209.0,,,0.01,209.0,,,0.02,127.82,0.03,89.3,0.01,0.01,616.513,1776192238000
1776192240.245,240.245,0.98,127.82,0.97,89.3,0.99,209.0,,,0.01,209.0,,,0.02,127.82,0.03,89.3,0.01,0.01,616.513,1776192239000
1776192241.289,241.289,0.98,127.82,0.97,89.3,0.99,209.0,,,0.01,209.0,,,0.02,127.82,0.03,89.3,0.01,0.01,616.507,1776192240000
1776192242.408,242.408,0.98,127.82,0.97,89.3,0.99,194.94,,,0.01,194.94,,,0.02,127.82,0.03,89.3,0.01,0.01,616.507,1776192241000
1776192242.912,242.912,0.98,127.82,0.97,89.3,0.99,194.94,,,0.01,194.94,,,0.02,127.82,0.03,89.3,0.01,0.01,616.507,1776192242000
1776192244.092,244.092,0.98,127.82,0.97,89.3,0.99,194.94,,,0.01,194.94,,,0.02,127.82,0.03,89.3,0.01,0.01,616.506,1776192243000
1776192245.184,245.184,0.98,127.82,0.97,89.3,0.99,194.94,,,0.01,194.94,,,0.02,127.82,0.03,89.3,0.01,0.01,616.506,1776192244000
1776192246.168,246.168,0.98,127.82,0.97,89.3,0.99,194.94,,,0.01,194.94,,,0.02,127.82,0.03,89.3,0.01,0.01,616.517,1776192245000
1776192247.181,247.181,0.98,127.82,0.97,89.3,0.99,194.94,,,0.01,194.94,,,0.02,127.82,0.03,89.3,0.01,0.01,616.481,1776192246000
1776192248.319,248.319,0.98,127.82,0.97,89.3,0.99,194.94,,,0.01,194.94,,,0.02,127.82,0.03,89.3,0.01,0.01,616.505,1776192247000
1776192249.404,249.404,0.98,127.82,0.97,89.3,0.99,194.94,,,0.01,194.94,,,0.02,127.82,0.03,89.3,0.01,0.01,616.502836,1776192248000
1776192249.952,249.952,0.98,127.82,0.97,89.3,0.99,194.94,,,0.01,194.94,,,0.02,127.82,0.03,89.3,0.01,0.01,616.501639,1776192249000
1776192250.977,250.977,0.98,127.82,0.97,89.3,0.99,194.94,,,0.01,194.94,,,0.02,127.82,0.03,89.3,0.01,0.01,616.445,1776192250000
1776192252.026,252.026,0.98,127.82,0.97,89.3,0.99,194.94,,,0.01,194.94,,,0.02,127.82,0.03,89.3,0.01,0.01,616.448,1776192251000
1776192253.139,253.139,0.98,127.82,0.97,89.3,0.99,194.94,,,0.01,194.94,,,0.02,127.82,0.03,89.3,0.01,0.01,616.446,1776192252000
1776192254.289,254.289,0.98,127.82,0.97,89.3,0.99,194.94,,,0.01,194.94,,,0.02,127.82,0.03,89.3,0.01,0.01,616.446,1776192253000
1776192255.429,255.429,0.98,127.82,0.97,89.3,0.99,194.94,,,0.01,194.94,,,0.02,127.82,0.03,89.3,0.01,0.01,616.511119,1776192254000
1776192255.987,255.987,0.98,127.82,0.97,89.3,0.99,194.94,,,0.01,194.94,,,0.02,127.82,0.03,89.3,0.01,0.01,616.511119,1776192255000
1776192257.085,257.085,0.98,127.82,0.97,89.3,0.99,194.94,,,0.01,194.94,,,0.02,127.82,0.03,89.3,0.01,0.01,616.510343,1776192256000
1776192258.189,258.189,0.98,127.82,0.97,89.3,0.99,194.94,,,0.01,194.94,,,0.02,127.82,0.03,89.3,0.01,0.01,616.508294,1776192257000
1776192259.3,259.3,0.98,127.82,0.97,89.3,0.99,194.94,,,0.01,194.94,,,0.02,127.82,0.03,89.3,0.01,0.01,616.472,1776192258000
1776192260.47,260.47,0.98,127.82,0.97,89.3,0.99,194.94,,,0.01,194.94,,,0.02,127.82,0.03,89.3,0.01,0.01,616.46,1776192259000
1776192261.018,261.018,0.98,127.82,0.97,89.3,0.99,194.94,,,0.01,194.94,,,0.02,127.82,0.03,89.3,0.01,0.01,616.46,1776192260000
1776192262.144,262.144,0.98,127.82,0.97,89.3,0.99,194.94,,,0.01,194.94,,,0.02,127.82,0.03,89.3,0.01,0.01,616.451,1776192261000
1776192263.253,263.253,0.98,127.82,0.97,89.3,0.99,194.94,,,0.01,194.94,,,0.02,127.82,0.03,89.3,0.01,0.01,616.474,1776192262000
1776192264.366,264.366,0.98,127.82,0.97,89.3,0.99,194.94,,,0.01,194.94,,,0.02,127.82,0.03,89.3,0.01,0.01,616.482,1776192263000
1776192265.04,265.04,0.98,132.69,0.97,89.3,0.99,118.98,,,0.01,194.94,,,0.02,127.82,0.03,89.3,0.01,0.01,616.482,1776192263000
1776192265.354,265.354,0.98,132.69,0.97,89.3,0.99,118.98,,,0.01,118.98,,,0.02,132.69,0.03,89.3,0.01,0.01,616.481,1776192264000
1776192265.919,265.919,0.98,132.69,0.97,89.3,0.99,118.98,,,0.01,118.98,,,0.02,132.69,0.03,89.3,0.01,0.01,616.409686,1776192265000
1776192266.911,266.911,0.98,132.69,0.97,89.3,0.99,118.98,,,0.01,118.98,,,0.02,132.69,0.03,89.3,0.01,0.01,616.481,1776192266000
1776192267.861,267.861,0.99,881.02,0.98,137.69,,,,,0.01,118.98,,,0.02,132.69,0.03,89.3,,0.01,616.481,1776192266000
1776192268.505,268.505,0.99,881.02,0.98,137.69,,,,,,,,,0.01,881.02,0.02,137.69,,,616.382319,1776192267000
1776192269.061,269.061,0.99,881.02,0.98,137.69,,,,,,,,,0.01,881.02,0.02,137.69,,,616.409994,1776192268000
1776192270.103,270.103,0.99,881.02,0.98,137.69,,,,,,,,,0.01,881.02,0.02,137.69,,,616.492,1776192269000
1776192271.196,271.196,0.99,881.02,0.98,137.69,,,,,,,,,0.01,881.02,0.02,137.69,,,616.486,1776192270000
1776192272.12,272.12,0.99,881.02,0.98,137.69,,,,,,,,,0.01,881.02,0.02,137.69,,,616.48,1776192271000
1776192273.295,273.295,0.99,881.02,0.98,137.69,,,,,,,,,0.01,881.02,0.02,137.69,,,616.488,1776192272000
1776192274.351,274.351,0.99,881.02,0.98,137.69,,,,,,,,,0.01,881.02,0.02,137.69,,,616.481,1776192273000
1776192275.313,275.313,0.99,881.02,0.98,137.69,,,,,,,,,0.01,881.02,0.02,137.69,,,616.478,1776192274000
1776192276.359,276.359,0.99,881.02,0.98,137.69,,,,,,,,,0.01,881.02,0.02,137.69,,,616.478,1776192275000
1776192276.911,276.911,0.99,881.02,0.98,137.69,,,,,,,,,0.01,881.02,0.02,137.69,,,616.439528,1776192276000
1776192277.964,277.964,0.99,881.02,0.98,137.69,,,,,,,,,0.01,881.02,0.02,137.69,,,616.433561,1776192277000
1776192279.059,279.059,0.99,881.02,0.98,137.69,,,,,,,,,0.01,881.02,0.02,137.69,,,616.443934,1776192278000
1776192280.123,280.123,0.99,881.02,0.98,137.69,,,,,,,,,0.01,881.02,0.02,137.69,,,616.44391,1776192279000
1776192281.113,281.113,0.99,881.02,0.98,137.69,,,,,,,,,0.01,881.02,0.02,137.69,,,616.449,1776192280000
1776192282.163,282.163,0.99,881.02,0.98,137.69,,,,,,,,,0.01,881.02,0.02,137.69,,,616.449,1776192281000
1776192283.459,283.459,0.99,881.02,0.98,137.69,,,,,,,,,0.01,881.02,0.02,137.69,,,616.439,1776192282000
1776192284.001,284.001,0.99,881.02,0.98,137.69,,,,,,,,,0.01,881.02,0.02,137.69,,,616.439,1776192283000
1776192285.061,285.061,0.99,881.02,0.98,137.69,,,,,,,,,0.01,881.02,0.02,137.69,,,616.433,1776192284000
1776192286.386,286.386,0.99,881.02,0.98,137.69,,,,,,,,,0.01,881.02,0.02,137.69,,,616.441,1776192285000
1776192287.027,287.027,0.99,881.02,0.98,137.69,,,,,,,,,0.01,881.02,0.02,137.69,,,616.433,1776192286000
1776192288.156,288.156,0.99,881.02,0.98,137.69,,,,,,,,,0.01,881.02,0.02,137.69,,,616.433,1776192287000
1776192289.349,289.349,0.99,881.02,0.98,137.69,,,,,,,,,0.01,881.02,0.02,137.69,,,616.433,1776192288000
1776192290.461,290.461,0.99,881.02,0.98,137.69,,,,,,,,,0.01,881.02,0.02,137.69,,,616.495,1776192289000
1776192291.298,291.298,0.99,881.02,0.98,137.69,,,,,,,,,0.01,881.02,0.02,137.69,,,616.495,1776192290000
1776192292.42,292.42,0.99,881.02,0.98,137.69,,,,,,,,,0.01,881.02,0.02,137.69,,,616.498,1776192291000
1776192293.029,293.029,0.99,881.02,0.98,137.69,,,,,,,,,0.01,881.02,0.02,137.69,,,616.498,1776192292000
1776192294.115,294.115,0.99,881.02,0.98,137.69,,,,,,,,,0.01,881.02,0.02,137.69,,,616.519,1776192293000
1776192295.312,295.312,0.99,881.02,0.98,137.69,,,,,,,,,0.01,881.02,0.02,137.69,,,616.539,1776192294000
1776192296.429,296.429,0.99,881.02,0.98,137.69,,,,,,,,,0.01,881.02,0.02,137.69,,,616.531,1776192295000
1776192297.579,297.579,0.99,881.02,0.98,137.69,,,,,,,,,0.01,881.02,0.02,137.69,,,616.539,1776192296000
1776192298.145,298.145,0.99,881.02,0.98,137.69,,,,,,,,,0.01,881.02,0.02,137.69,,,616.539,1776192297000
1776192299.096,299.096,0.99,881.02,0.98,137.69,,,,,,,,,0.01,881.02,0.02,137.69,,,616.54,1776192298000
1776192300.1,300.1,0.99,881.02,0.98,137.69,,,,,,,,,0.01,881.02,0.02,137.69,,,616.52973,1776192299000
1776192301.111,301.111,0.99,881.02,0.98,137.69,,,,,,,,,0.01,881.02,0.02,137.69,,,616.545,1776192300000
1776192302.11,302.11,0.99,881.02,0.98,137.69,,,,,,,,,0.01,881.02,0.02,137.69,,,616.545037,1776192301000

# RESULT,winner=Up,slug=bnb-updown-5m-1776192000,ticks=310
