timestamp,elapsed_sec,up_bid_p1,up_bid_s1,up_bid_p2,up_bid_s2,up_ask_p1,up_ask_s1,up_ask_p2,up_ask_s2,down_bid_p1,down_bid_s1,down_bid_p2,down_bid_s2,down_ask_p1,down_ask_s1,down_ask_p2,down_ask_s2,up_spread,down_spread,bnb_price,bnb_oracle_ts
1776195001.327,1.327,,,,,,,,,,,,,,,,,,,613.743,1776195000000
1776195001.631,1.631,0.5,5.0,0.33,300.0,0.67,300.0,0.69,375.0,0.33,300.0,0.31,375.0,0.5,5.0,0.67,300.0,0.17,0.17,613.743,1776195000000
1776195002.15,2.15,0.5,5.0,0.33,300.0,0.67,300.0,0.69,375.0,0.33,300.0,0.31,375.0,0.5,5.0,0.67,300.0,0.17,0.17,613.743,1776195000000
1776195002.364,2.364,0.5,5.0,0.33,300.0,0.67,300.0,0.69,375.0,0.33,300.0,0.31,375.0,0.5,5.0,0.67,300.0,0.17,0.17,613.744,1776195001000
1776195003.665,3.665,0.5,5.0,0.33,300.0,0.67,300.0,0.69,375.0,0.33,300.0,0.31,375.0,0.5,5.0,0.67,300.0,0.17,0.17,613.758,1776195002000
1776195004.369,4.369,0.5,5.0,0.33,300.0,0.67,300.0,0.69,375.0,0.33,300.0,0.31,375.0,0.5,5.0,0.67,300.0,0.17,0.17,613.758,1776195003000
1776195005.242,5.242,0.5,5.0,0.33,300.0,0.67,300.0,0.69,375.0,0.33,300.0,0.31,375.0,0.5,5.0,0.67,300.0,0.17,0.17,613.831,1776195004000
1776195006.614,6.614,0.5,5.0,0.33,300.0,0.67,300.0,0.69,375.0,0.33,300.0,0.31,375.0,0.5,5.0,0.67,300.0,0.17,0.17,613.891,1776195005000
1776195007.275,7.275,0.5,5.0,0.33,300.0,0.67,300.0,0.69,375.0,0.33,300.0,0.31,375.0,0.5,5.0,0.67,300.0,0.17,0.17,613.891,1776195006000
1776195010.256,10.256,0.63,5.0,0.57,10.0,0.72,13.0,0.75,600.0,0.28,13.0,0.25,600.0,0.37,5.0,0.43,10.0,0.09,0.09,614.022,1776195009000
1776195011.702,11.702,0.64,5.0,0.63,8.8,0.74,10.0,0.79,760.0,0.26,10.0,0.21,760.0,0.36,5.0,0.37,8.8,0.1,0.1,614.018,1776195010000
1776195012.45,12.45,0.64,5.0,0.63,8.8,0.74,10.0,0.79,760.0,0.26,10.0,0.21,760.0,0.36,5.0,0.37,8.8,0.1,0.1,614.018,1776195011000
1776195013.185,13.185,0.64,5.0,0.63,8.8,0.74,10.0,0.79,760.0,0.26,10.0,0.21,760.0,0.36,5.0,0.37,8.8,0.1,0.1,613.996,1776195012000
1776195014.534,14.534,0.64,5.0,0.63,8.8,0.74,10.0,0.79,760.0,0.26,10.0,0.21,760.0,0.36,5.0,0.37,8.8,0.1,0.1,614.0,1776195013000
1776195015.462,15.462,0.64,5.0,0.63,8.8,0.74,10.0,0.79,760.0,0.26,10.0,0.21,760.0,0.36,5.0,0.37,8.8,0.1,0.1,613.992935,1776195014000
1776195016.261,16.261,0.64,5.0,0.63,8.8,0.74,10.0,0.79,760.0,0.26,10.0,0.21,760.0,0.36,5.0,0.37,8.8,0.1,0.1,613.984,1776195015000
1776195017.795,17.795,0.64,5.0,0.63,8.8,0.74,10.0,0.79,760.0,0.26,10.0,0.21,760.0,0.36,5.0,0.37,8.8,0.1,0.1,613.978,1776195016000
1776195018.529,18.529,0.64,5.0,0.63,8.8,0.74,10.0,0.79,760.0,0.26,10.0,0.21,760.0,0.36,5.0,0.37,8.8,0.1,0.1,613.978,1776195017000
1776195019.27,19.27,0.64,5.0,0.63,8.8,0.74,10.0,0.79,760.0,0.26,10.0,0.21,760.0,0.36,5.0,0.37,8.8,0.1,0.1,613.97,1776195018000
1776195020.807,20.807,0.64,5.0,0.63,8.8,0.74,10.0,0.79,760.0,0.26,10.0,0.21,760.0,0.36,5.0,0.37,8.8,0.1,0.1,613.963,1776195019000
1776195021.618,21.618,0.64,5.0,0.63,8.8,0.74,10.0,0.79,760.0,0.26,10.0,0.21,760.0,0.36,5.0,0.37,8.8,0.1,0.1,613.963,1776195020000
1776195022.846,22.846,0.64,5.0,0.63,8.8,0.74,10.0,0.79,760.0,0.26,10.0,0.21,760.0,0.36,5.0,0.37,8.8,0.1,0.1,613.958,1776195021000
1776195023.611,23.611,0.64,5.0,0.63,8.8,0.74,10.0,0.79,760.0,0.26,10.0,0.21,760.0,0.36,5.0,0.37,8.8,0.1,0.1,613.955,1776195022000
1776195024.267,24.267,0.64,5.0,0.63,8.8,0.74,10.0,0.79,760.0,0.26,10.0,0.21,760.0,0.36,5.0,0.37,8.8,0.1,0.1,613.974,1776195023000
1776195025.033,25.033,0.64,5.0,0.63,8.8,0.74,10.0,0.79,760.0,0.26,10.0,0.21,760.0,0.36,5.0,0.37,8.8,0.1,0.1,613.974,1776195024000
1776195026.266,26.266,0.64,5.0,0.63,8.8,0.74,10.0,0.79,760.0,0.26,10.0,0.21,760.0,0.36,5.0,0.37,8.8,0.1,0.1,614.018,1776195025000
1776195027.383,27.383,0.64,5.0,0.63,8.8,0.74,10.0,0.79,760.0,0.26,10.0,0.21,760.0,0.36,5.0,0.37,8.8,0.1,0.1,614.018,1776195026000
1776195027.915,27.915,0.64,5.0,0.63,8.8,0.74,10.0,0.79,760.0,0.26,10.0,0.21,760.0,0.36,5.0,0.37,8.8,0.1,0.1,614.071,1776195027000
1776195029.181,29.181,0.61,57.17,0.58,15.0,0.68,10.0,0.69,5.0,0.32,10.0,0.31,5.0,0.39,57.17,0.42,15.0,0.07,0.07,614.096,1776195028000
1776195030.382,30.382,0.61,57.17,0.58,15.0,0.68,10.0,0.69,5.0,0.32,10.0,0.31,5.0,0.39,57.17,0.42,15.0,0.07,0.07,614.14,1776195029000
1776195030.963,30.963,0.61,57.17,0.58,15.0,0.68,10.0,0.69,5.0,0.32,10.0,0.31,5.0,0.39,57.17,0.42,15.0,0.07,0.07,614.14,1776195030000
1776195032.039,32.039,0.61,57.17,0.58,15.0,0.68,10.0,0.69,5.0,0.32,10.0,0.31,5.0,0.39,57.17,0.42,15.0,0.07,0.07,614.141,1776195031000
1776195033.148,33.148,0.61,57.17,0.58,15.0,0.68,10.0,0.69,5.0,0.32,10.0,0.31,5.0,0.39,57.17,0.42,15.0,0.07,0.07,614.146,1776195032000
1776195034.267,34.267,0.61,57.17,0.58,15.0,0.68,10.0,0.69,5.0,0.32,10.0,0.31,5.0,0.39,57.17,0.42,15.0,0.07,0.07,614.188,1776195033000
1776195035.381,35.381,0.61,57.17,0.58,15.0,0.68,10.0,0.69,5.0,0.32,10.0,0.31,5.0,0.39,57.17,0.42,15.0,0.07,0.07,614.150975,1776195034000
1776195035.918,35.918,0.61,57.17,0.58,15.0,0.68,10.0,0.69,5.0,0.32,10.0,0.31,5.0,0.39,57.17,0.42,15.0,0.07,0.07,614.125,1776195035000
1776195037.078,37.078,0.61,57.17,0.58,15.0,0.68,10.0,0.69,5.0,0.32,10.0,0.31,5.0,0.39,57.17,0.42,15.0,0.07,0.07,614.126,1776195036000
1776195038.366,38.366,0.61,57.17,0.58,15.0,0.68,10.0,0.69,5.0,0.32,10.0,0.31,5.0,0.39,57.17,0.42,15.0,0.07,0.07,614.129,1776195037000
1776195039.025,39.025,0.61,57.17,0.58,15.0,0.68,10.0,0.69,5.0,0.32,10.0,0.31,5.0,0.39,57.17,0.42,15.0,0.07,0.07,614.117,1776195038000
1776195040.338,40.338,0.61,57.17,0.58,15.0,0.68,10.0,0.69,5.0,0.32,10.0,0.31,5.0,0.39,57.17,0.42,15.0,0.07,0.07,614.115,1776195039000
1776195040.993,40.993,0.61,57.17,0.58,15.0,0.68,10.0,0.69,5.0,0.32,10.0,0.31,5.0,0.39,57.17,0.42,15.0,0.07,0.07,614.12,1776195040000
1776195042.235,42.235,0.61,57.17,0.58,15.0,0.68,10.0,0.69,5.0,0.32,10.0,0.31,5.0,0.39,57.17,0.42,15.0,0.07,0.07,614.122,1776195041000
1776195043.432,43.432,0.71,50.0,0.7,5.0,0.75,5.0,0.8,5.0,0.32,10.0,0.31,5.0,0.39,57.17,0.42,15.0,0.04,0.07,614.122,1776195041000
1776195044.119,44.119,0.71,50.0,0.7,5.0,0.75,5.0,0.8,5.0,0.25,5.0,0.2,5.0,0.29,50.0,0.3,5.0,0.04,0.04,614.115,1776195043000
1776195044.42,44.42,0.73,5.0,0.71,50.0,0.8,5.0,0.83,23.39,0.25,5.0,0.2,5.0,0.29,50.0,0.3,5.0,0.07,0.04,614.115,1776195043000
1776195045.494,45.494,0.73,5.0,0.71,50.0,0.8,5.0,0.83,23.39,0.2,5.0,0.17,23.39,0.27,5.0,0.29,50.0,0.07,0.07,614.249,1776195044000
1776195046.143,46.143,0.73,5.0,0.71,50.0,0.8,5.0,0.83,23.39,0.2,5.0,0.17,23.39,0.27,5.0,0.29,50.0,0.07,0.07,614.249,1776195045000
1776195047.495,47.495,0.73,5.0,0.71,50.0,0.8,5.0,0.83,23.39,0.2,5.0,0.17,23.39,0.27,5.0,0.29,50.0,0.07,0.07,614.37,1776195046000
1776195048.219,48.219,0.73,5.0,0.71,50.0,0.8,5.0,0.83,23.39,0.2,5.0,0.17,23.39,0.27,5.0,0.29,50.0,0.07,0.07,614.407,1776195047000
1776195049.648,49.648,0.73,5.0,0.71,50.0,0.8,5.0,0.83,23.39,0.2,5.0,0.17,23.39,0.27,5.0,0.29,50.0,0.07,0.07,614.381,1776195048000
1776195050.23,50.23,0.73,5.0,0.71,50.0,0.8,5.0,0.83,23.39,0.2,5.0,0.17,23.39,0.27,5.0,0.29,50.0,0.07,0.07,614.381,1776195049000
1776195051.62,51.62,0.73,5.0,0.71,50.0,0.8,5.0,0.83,23.39,0.2,5.0,0.17,23.39,0.27,5.0,0.29,50.0,0.07,0.07,614.417,1776195050000
1776195052.32,52.32,0.73,5.0,0.71,50.0,0.8,5.0,0.83,23.39,0.2,5.0,0.17,23.39,0.27,5.0,0.29,50.0,0.07,0.07,614.436,1776195051000
1776195053.502,53.502,0.73,5.0,0.71,50.0,0.8,5.0,0.83,23.39,0.2,5.0,0.17,23.39,0.27,5.0,0.29,50.0,0.07,0.07,614.432,1776195052000
1776195054.195,54.195,0.73,5.0,0.71,50.0,0.8,5.0,0.83,23.39,0.2,5.0,0.17,23.39,0.27,5.0,0.29,50.0,0.07,0.07,614.436,1776195053000
1776195055.377,55.377,0.73,5.0,0.71,50.0,0.8,5.0,0.83,23.39,0.2,5.0,0.17,23.39,0.27,5.0,0.29,50.0,0.07,0.07,614.436,1776195054000
1776195056.018,56.018,0.73,5.0,0.71,50.0,0.8,5.0,0.83,23.39,0.2,5.0,0.17,23.39,0.27,5.0,0.29,50.0,0.07,0.07,614.439,1776195055000
1776195057.177,57.177,0.73,5.0,0.71,50.0,0.8,5.0,0.83,23.39,0.2,5.0,0.17,23.39,0.27,5.0,0.29,50.0,0.07,0.07,614.434,1776195056000
1776195058.373,58.373,0.73,5.0,0.71,50.0,0.8,5.0,0.83,23.39,0.2,5.0,0.17,23.39,0.27,5.0,0.29,50.0,0.07,0.07,614.416086,1776195057000
1776195059.105,59.105,0.73,5.0,0.71,50.0,0.8,5.0,0.83,23.39,0.2,5.0,0.17,23.39,0.27,5.0,0.29,50.0,0.07,0.07,614.397,1776195058000
1776195060.198,60.198,0.73,5.0,0.71,50.0,0.8,5.0,0.83,23.39,0.2,5.0,0.17,23.39,0.27,5.0,0.29,50.0,0.07,0.07,614.39,1776195059000
1776195061.475,61.475,0.73,5.0,0.71,50.0,0.8,5.0,0.83,23.39,0.2,5.0,0.17,23.39,0.27,5.0,0.29,50.0,0.07,0.07,614.418,1776195060000
1776195061.999,61.999,0.73,5.0,0.71,50.0,0.8,5.0,0.83,23.39,0.2,5.0,0.17,23.39,0.27,5.0,0.29,50.0,0.07,0.07,614.418,1776195061000
1776195063.145,63.145,0.73,5.0,0.71,50.0,0.8,5.0,0.83,23.39,0.2,5.0,0.17,23.39,0.27,5.0,0.29,50.0,0.07,0.07,614.418,1776195062000
1776195064.402,64.402,0.73,5.0,0.71,50.0,0.8,5.0,0.83,23.39,0.2,5.0,0.17,23.39,0.27,5.0,0.29,50.0,0.07,0.07,614.418,1776195063000
1776195065.317,65.317,0.73,5.0,0.71,50.0,0.8,5.0,0.83,23.39,0.2,5.0,0.17,23.39,0.27,5.0,0.29,50.0,0.07,0.07,614.409,1776195064000
1776195066.031,66.031,0.73,5.0,0.71,50.0,0.8,5.0,0.83,23.39,0.2,5.0,0.17,23.39,0.27,5.0,0.29,50.0,0.07,0.07,614.383,1776195065000
1776195067.048,67.048,0.73,5.0,0.71,50.0,0.8,5.0,0.83,23.39,0.2,5.0,0.17,23.39,0.27,5.0,0.29,50.0,0.07,0.07,614.383,1776195066000
1776195068.091,68.091,0.73,5.0,0.71,50.0,0.8,5.0,0.83,23.39,0.2,5.0,0.17,23.39,0.27,5.0,0.29,50.0,0.07,0.07,614.389,1776195067000
1776195069.205,69.205,0.73,5.0,0.71,50.0,0.8,5.0,0.83,23.39,0.2,5.0,0.17,23.39,0.27,5.0,0.29,50.0,0.07,0.07,614.362,1776195068000
1776195070.376,70.376,0.73,5.0,0.71,50.0,0.8,5.0,0.83,23.39,0.2,5.0,0.17,23.39,0.27,5.0,0.29,50.0,0.07,0.07,614.353,1776195069000
1776195071.187,71.187,0.73,5.0,0.71,50.0,0.8,5.0,0.83,23.39,0.2,5.0,0.17,23.39,0.27,5.0,0.29,50.0,0.07,0.07,614.311,1776195070000
1776195072.311,72.311,0.73,5.0,0.71,50.0,0.8,5.0,0.83,23.39,0.2,5.0,0.17,23.39,0.27,5.0,0.29,50.0,0.07,0.07,614.239033,1776195071000
1776195072.983,72.983,0.73,5.0,0.71,50.0,0.8,5.0,0.83,23.39,0.2,5.0,0.17,23.39,0.27,5.0,0.29,50.0,0.07,0.07,614.269,1776195072000
1776195074.954,74.954,0.73,5.0,0.71,50.0,0.8,5.0,0.83,23.39,0.2,5.0,0.17,23.39,0.27,5.0,0.29,50.0,0.07,0.07,614.214,1776195073000
1776195075.537,75.537,0.73,5.0,0.71,50.0,0.8,5.0,0.83,23.39,0.2,5.0,0.17,23.39,0.27,5.0,0.29,50.0,0.07,0.07,614.214,1776195074000
1776195075.859,75.859,0.72,6.87,0.68,16.9,0.8,9.18,0.81,35.31,0.2,5.0,0.17,23.39,0.27,5.0,0.29,50.0,0.08,0.07,614.214,1776195074000
1776195076.367,76.367,0.72,6.87,0.67,16.8,0.76,3.59,0.77,5.0,0.2,9.18,0.19,35.31,0.28,6.87,0.32,16.9,0.04,0.08,614.214,1776195074000
1776195077.597,77.597,0.72,6.87,0.67,16.8,0.76,3.59,0.77,5.0,0.24,3.59,0.23,5.0,0.28,6.87,0.33,16.8,0.04,0.04,614.151,1776195076000
1776195081.492,81.492,0.72,6.87,0.67,16.8,0.76,3.59,0.77,5.0,0.24,3.59,0.23,5.0,0.28,6.87,0.33,16.8,0.04,0.04,614.086,1776195077000
1776195082.235,82.235,0.72,6.87,0.67,16.8,0.76,3.59,0.77,5.0,0.24,3.59,0.23,5.0,0.28,6.87,0.33,16.8,0.04,0.04,614.117,1776195079000
1776195082.641,82.641,0.72,6.87,0.67,16.8,0.76,3.59,0.77,5.0,0.24,3.59,0.23,5.0,0.28,6.87,0.33,16.8,0.04,0.04,614.115198,1776195080000
1776195084.838,84.838,0.72,6.87,0.67,16.8,0.76,3.59,0.77,5.0,0.24,3.59,0.23,5.0,0.28,6.87,0.33,16.8,0.04,0.04,614.202,1776195082000
1776195085.156,85.156,0.72,6.87,0.67,16.8,0.76,3.59,0.77,5.0,0.24,3.59,0.23,5.0,0.28,6.87,0.33,16.8,0.04,0.04,614.184,1776195084000
1776195086.437,86.437,0.72,6.87,0.67,16.8,0.76,3.59,0.77,5.0,0.24,3.59,0.23,5.0,0.28,6.87,0.33,16.8,0.04,0.04,614.187,1776195085000
1776195087.352,87.352,0.72,6.87,0.67,16.8,0.76,3.59,0.77,5.0,0.24,3.59,0.23,5.0,0.28,6.87,0.33,16.8,0.04,0.04,614.187,1776195086000
1776195088.029,88.029,0.72,6.87,0.67,16.8,0.76,3.59,0.77,5.0,0.24,3.59,0.23,5.0,0.28,6.87,0.33,16.8,0.04,0.04,614.187,1776195087000
1776195089.193,89.193,0.72,6.87,0.67,16.8,0.76,3.59,0.77,5.0,0.24,3.59,0.23,5.0,0.28,6.87,0.33,16.8,0.04,0.04,614.175,1776195088000
1776195090.421,90.421,0.72,6.87,0.67,16.8,0.76,3.59,0.77,5.0,0.24,3.59,0.23,5.0,0.28,6.87,0.33,16.8,0.04,0.04,614.141,1776195089000
1776195091.005,91.005,0.72,6.87,0.67,16.8,0.76,3.59,0.77,5.0,0.24,3.59,0.23,5.0,0.28,6.87,0.33,16.8,0.04,0.04,614.141,1776195090000
1776195092.201,92.201,0.72,6.87,0.67,16.8,0.76,3.59,0.77,5.0,0.24,3.59,0.23,5.0,0.28,6.87,0.33,16.8,0.04,0.04,614.152,1776195091000
1776195093.292,93.292,0.72,6.87,0.67,16.8,0.76,3.59,0.77,5.0,0.24,3.59,0.23,5.0,0.28,6.87,0.33,16.8,0.04,0.04,614.114,1776195092000
1776195094.383,94.383,0.72,6.87,0.67,16.8,0.76,3.59,0.77,5.0,0.24,3.59,0.23,5.0,0.28,6.87,0.33,16.8,0.04,0.04,614.116,1776195093000
1776195094.947,94.947,0.72,6.87,0.67,16.8,0.76,3.59,0.77,5.0,0.24,3.59,0.23,5.0,0.28,6.87,0.33,16.8,0.04,0.04,614.116,1776195094000
1776195096.11,96.11,0.72,6.87,0.67,16.8,0.76,3.59,0.77,5.0,0.24,3.59,0.23,5.0,0.28,6.87,0.33,16.8,0.04,0.04,614.124,1776195095000
1776195097.219,97.219,0.72,6.87,0.67,16.8,0.76,3.59,0.77,5.0,0.24,3.59,0.23,5.0,0.28,6.87,0.33,16.8,0.04,0.04,614.164,1776195096000
1776195098.328,98.328,0.72,6.87,0.67,16.8,0.76,3.59,0.77,5.0,0.24,3.59,0.23,5.0,0.28,6.87,0.33,16.8,0.04,0.04,614.163,1776195097000
1776195099.442,99.442,0.72,6.87,0.67,16.8,0.76,3.59,0.77,5.0,0.24,3.59,0.23,5.0,0.28,6.87,0.33,16.8,0.04,0.04,614.153,1776195098000
1776195100.011,100.011,0.72,6.87,0.67,16.8,0.76,3.59,0.77,5.0,0.24,3.59,0.23,5.0,0.28,6.87,0.33,16.8,0.04,0.04,614.153,1776195099000
1776195101.147,101.147,0.72,6.87,0.67,16.8,0.76,3.59,0.77,5.0,0.24,3.59,0.23,5.0,0.28,6.87,0.33,16.8,0.04,0.04,614.158,1776195100000
1776195102.19,102.19,0.72,6.87,0.67,16.8,0.76,3.59,0.77,5.0,0.24,3.59,0.23,5.0,0.28,6.87,0.33,16.8,0.04,0.04,614.158,1776195101000
1776195103.351,103.351,0.72,6.87,0.67,16.8,0.76,3.59,0.77,5.0,0.24,3.59,0.23,5.0,0.28,6.87,0.33,16.8,0.04,0.04,614.176,1776195102000
1776195103.933,103.933,0.72,6.87,0.67,16.8,0.76,3.59,0.77,5.0,0.24,3.59,0.23,5.0,0.28,6.87,0.33,16.8,0.04,0.04,614.169,1776195103000
1776195104.628,104.628,0.72,15.12,0.71,12.6,0.8,10.0,0.81,18.42,0.24,3.59,0.23,5.0,0.28,6.87,0.33,16.8,0.08,0.04,614.169,1776195103000
1776195105.14,105.14,0.72,15.12,0.71,12.6,0.8,10.0,0.81,18.42,0.2,10.0,0.19,18.42,0.28,15.12,0.29,12.6,0.08,0.08,614.171,1776195104000
1776195106.276,106.276,0.72,15.12,0.71,12.6,0.8,10.0,0.81,18.42,0.2,10.0,0.19,18.42,0.28,15.12,0.29,12.6,0.08,0.08,614.118,1776195105000
1776195107.808,107.808,0.72,15.12,0.71,12.6,0.8,10.0,0.81,18.42,0.2,10.0,0.19,18.42,0.28,15.12,0.29,12.6,0.08,0.08,614.121,1776195106000
1776195108.302,108.302,0.72,15.12,0.71,12.6,0.8,10.0,0.81,18.42,0.2,10.0,0.19,18.42,0.28,15.12,0.29,12.6,0.08,0.08,614.105611,1776195107000
1776195109.471,109.471,0.72,15.12,0.71,12.6,0.8,10.0,0.81,18.42,0.2,10.0,0.19,18.42,0.28,15.12,0.29,12.6,0.08,0.08,614.081,1776195108000
1776195110.082,110.082,0.72,15.12,0.71,12.6,0.8,10.0,0.81,18.42,0.2,10.0,0.19,18.42,0.28,15.12,0.29,12.6,0.08,0.08,614.081,1776195109000
1776195111.155,111.155,0.72,15.12,0.71,12.6,0.8,10.0,0.81,18.42,0.2,10.0,0.19,18.42,0.28,15.12,0.29,12.6,0.08,0.08,614.106,1776195110000
1776195111.988,111.988,0.68,11.29,0.67,16.8,0.78,10.0,0.79,5.0,0.2,10.0,0.19,18.42,0.28,15.12,0.29,12.6,0.1,0.08,614.106,1776195110000
1776195112.294,112.294,0.68,11.29,0.67,16.8,0.78,10.0,0.79,5.0,0.22,10.0,0.21,5.0,0.32,11.29,0.33,16.8,0.1,0.1,614.104,1776195111000
1776195113.385,113.385,0.68,11.29,0.67,16.8,0.78,10.0,0.79,5.0,0.22,10.0,0.21,5.0,0.32,11.29,0.33,16.8,0.1,0.1,614.094,1776195112000
1776195114.014,114.014,0.68,11.29,0.67,16.8,0.78,10.0,0.79,5.0,0.22,10.0,0.21,5.0,0.32,11.29,0.33,16.8,0.1,0.1,614.094,1776195113000
1776195115.173,115.173,0.68,11.29,0.67,16.8,0.78,10.0,0.79,5.0,0.22,10.0,0.21,5.0,0.32,11.29,0.33,16.8,0.1,0.1,614.096,1776195114000
1776195116.249,116.249,0.68,11.29,0.67,16.8,0.78,10.0,0.79,5.0,0.22,10.0,0.21,5.0,0.32,11.29,0.33,16.8,0.1,0.1,614.101,1776195115000
1776195117.502,117.502,0.68,11.29,0.67,16.8,0.78,10.0,0.79,5.0,0.22,10.0,0.21,5.0,0.32,11.29,0.33,16.8,0.1,0.1,614.101,1776195116000
1776195118.108,118.108,0.68,11.29,0.67,16.8,0.78,10.0,0.79,5.0,0.22,10.0,0.21,5.0,0.32,11.29,0.33,16.8,0.1,0.1,614.128,1776195117000
1776195119.254,119.254,0.68,11.29,0.67,16.8,0.78,10.0,0.79,5.0,0.22,10.0,0.21,5.0,0.32,11.29,0.33,16.8,0.1,0.1,614.113049,1776195118000
1776195120.32,120.32,0.68,11.29,0.67,16.8,0.78,10.0,0.79,5.0,0.22,10.0,0.21,5.0,0.32,11.29,0.33,16.8,0.1,0.1,614.091,1776195119000
1776195120.956,120.956,0.68,11.29,0.67,16.8,0.78,10.0,0.79,5.0,0.22,10.0,0.21,5.0,0.32,11.29,0.33,16.8,0.1,0.1,614.091,1776195120000
1776195122.217,122.217,0.68,11.29,0.67,16.8,0.78,10.0,0.79,5.0,0.22,10.0,0.21,5.0,0.32,11.29,0.33,16.8,0.1,0.1,614.091,1776195121000
1776195123.376,123.376,0.68,11.29,0.67,16.8,0.78,10.0,0.79,5.0,0.22,10.0,0.21,5.0,0.32,11.29,0.33,16.8,0.1,0.1,614.092,1776195122000
1776195124.053,124.053,0.68,11.29,0.67,16.8,0.78,10.0,0.79,5.0,0.22,10.0,0.21,5.0,0.32,11.29,0.33,16.8,0.1,0.1,614.092,1776195123000
1776195125.195,125.195,0.68,11.29,0.67,16.8,0.78,10.0,0.79,5.0,0.22,10.0,0.21,5.0,0.32,11.29,0.33,16.8,0.1,0.1,614.089,1776195124000
1776195126.482,126.482,0.68,11.29,0.67,16.8,0.78,10.0,0.79,5.0,0.22,10.0,0.21,5.0,0.32,11.29,0.33,16.8,0.1,0.1,614.117,1776195125000
1776195127.162,127.162,0.68,11.29,0.67,16.8,0.78,10.0,0.79,5.0,0.22,10.0,0.21,5.0,0.32,11.29,0.33,16.8,0.1,0.1,614.117,1776195126000
1776195128.314,128.314,0.68,11.29,0.67,16.8,0.78,10.0,0.79,5.0,0.22,10.0,0.21,5.0,0.32,11.29,0.33,16.8,0.1,0.1,614.117,1776195127000
1776195129.551,129.551,0.68,11.29,0.67,16.8,0.78,10.0,0.79,5.0,0.22,10.0,0.21,5.0,0.32,11.29,0.33,16.8,0.1,0.1,614.1,1776195128000
1776195130.187,130.187,0.68,11.29,0.67,16.8,0.78,10.0,0.79,5.0,0.22,10.0,0.21,5.0,0.32,11.29,0.33,16.8,0.1,0.1,614.1,1776195129000
1776195131.298,131.298,0.68,11.29,0.67,16.8,0.78,10.0,0.79,5.0,0.22,10.0,0.21,5.0,0.32,11.29,0.33,16.8,0.1,0.1,614.149,1776195130000
1776195131.969,131.969,0.68,11.29,0.67,16.8,0.78,10.0,0.79,5.0,0.22,10.0,0.21,5.0,0.32,11.29,0.33,16.8,0.1,0.1,614.149,1776195131000
1776195132.936,132.936,0.68,11.29,0.67,16.8,0.78,10.0,0.79,5.0,0.22,10.0,0.21,5.0,0.32,11.29,0.33,16.8,0.1,0.1,614.255,1776195132000
1776195133.137,133.137,0.79,15.7,0.78,15.2,0.81,18.42,0.86,5.0,0.22,10.0,0.21,5.0,0.32,11.29,0.33,16.8,0.02,0.1,614.255,1776195132000
1776195134.192,134.192,0.79,15.7,0.78,15.2,0.81,18.42,0.86,5.0,0.19,18.42,0.14,5.0,0.21,15.7,0.22,15.2,0.02,0.02,614.256,1776195133000
1776195135.32,135.32,0.79,15.7,0.78,15.2,0.81,18.42,0.86,5.0,0.19,18.42,0.14,5.0,0.21,15.7,0.22,15.2,0.02,0.02,614.265,1776195134000
1776195136.525,136.525,0.8,16.3,0.79,15.7,0.81,13.35,0.86,5.0,0.19,13.35,0.14,5.0,0.2,16.3,0.21,15.7,0.01,0.01,614.275,1776195135000
1776195137.19,137.19,0.8,16.3,0.79,15.7,0.81,13.35,0.86,5.0,0.19,13.35,0.14,5.0,0.2,16.3,0.21,15.7,0.01,0.01,614.275,1776195136000
1776195138.233,138.233,0.8,16.3,0.79,15.7,0.81,13.35,0.86,5.0,0.19,13.35,0.14,5.0,0.2,16.3,0.21,15.7,0.01,0.01,614.261,1776195137000
1776195139.352,139.352,0.8,16.3,0.79,15.7,0.81,13.35,0.86,5.0,0.19,13.35,0.14,5.0,0.2,16.3,0.21,15.7,0.01,0.01,614.23,1776195138000
1776195140.028,140.028,0.8,16.3,0.79,15.7,0.81,13.35,0.86,5.0,0.19,13.35,0.14,5.0,0.2,16.3,0.21,15.7,0.01,0.01,614.23,1776195139000
1776195141.173,141.173,0.8,16.3,0.79,15.7,0.81,13.35,0.86,5.0,0.19,13.35,0.14,5.0,0.2,16.3,0.21,15.7,0.01,0.01,614.229,1776195140000
1776195142.27,142.27,0.8,16.3,0.79,15.7,0.81,13.35,0.86,5.0,0.19,13.35,0.14,5.0,0.2,16.3,0.21,15.7,0.01,0.01,614.237,1776195141000
1776195143.416,143.416,0.8,16.3,0.79,15.7,0.81,13.35,0.86,5.0,0.19,13.35,0.14,5.0,0.2,16.3,0.21,15.7,0.01,0.01,614.237,1776195142000
1776195144.048,144.048,0.8,16.3,0.79,15.7,0.81,13.35,0.86,5.0,0.19,13.35,0.14,5.0,0.2,16.3,0.21,15.7,0.01,0.01,614.233,1776195143000
1776195144.619,144.619,0.8,16.3,0.79,15.7,0.81,5.64,0.87,5.0,0.19,13.35,0.14,5.0,0.2,16.3,0.21,15.7,0.01,0.01,614.233,1776195143000
1776195145.205,145.205,0.8,16.3,0.79,15.7,0.81,5.64,0.87,5.0,0.19,5.64,0.13,5.0,0.2,16.3,0.21,15.7,0.01,0.01,614.232,1776195144000
1776195146.35,146.35,0.8,16.3,0.79,15.7,0.81,5.64,0.87,5.0,0.19,5.64,0.13,5.0,0.2,16.3,0.21,15.7,0.01,0.01,614.232,1776195145000
1776195146.999,146.999,0.8,16.3,0.79,15.7,0.81,5.64,0.87,5.0,0.19,5.64,0.13,5.0,0.2,16.3,0.21,15.7,0.01,0.01,614.232,1776195146000
1776195148.042,148.042,0.8,11.3,0.79,15.7,0.81,5.64,0.87,5.0,0.19,5.64,0.13,5.0,0.2,11.3,0.21,15.7,0.01,0.01,614.229,1776195147000
1776195149.232,149.232,0.8,11.3,0.79,15.7,0.81,5.64,0.87,5.0,0.19,5.64,0.13,5.0,0.2,11.3,0.21,15.7,0.01,0.01,614.227,1776195148000
1776195150.288,150.288,0.8,11.3,0.79,15.7,0.81,5.64,0.87,5.0,0.19,5.64,0.13,5.0,0.2,11.3,0.21,15.7,0.01,0.01,614.178,1776195149000
1776195151.492,151.492,0.8,11.3,0.79,15.7,0.81,5.64,0.87,5.0,0.19,5.64,0.13,5.0,0.2,11.3,0.21,15.7,0.01,0.01,614.178,1776195150000
1776195151.955,151.955,0.8,11.3,0.79,15.7,0.81,5.64,0.87,5.0,0.19,5.64,0.13,5.0,0.2,11.3,0.21,15.7,0.01,0.01,614.178,1776195151000
1776195152.487,152.487,0.78,15.2,0.77,14.7,0.81,0.64,0.92,35.29,0.19,5.64,0.13,5.0,0.2,11.3,0.21,15.7,0.03,0.01,614.178,1776195151000
1776195153.045,153.045,0.78,15.2,0.77,14.7,0.81,0.64,0.92,35.29,0.19,0.64,0.08,35.29,0.22,15.2,0.23,14.7,0.03,0.03,614.162,1776195152000
1776195154.165,154.165,0.78,15.2,0.77,14.7,0.81,0.64,0.92,35.29,0.19,0.64,0.08,35.29,0.22,15.2,0.23,14.7,0.03,0.03,614.2,1776195153000
1776195155.328,155.328,0.78,15.2,0.77,14.7,0.81,0.64,0.92,35.29,0.19,0.64,0.08,35.29,0.22,15.2,0.23,14.7,0.03,0.03,614.2,1776195154000
1776195156.443,156.443,0.78,15.2,0.77,14.7,0.81,0.64,0.92,35.29,0.19,0.64,0.08,35.29,0.22,15.2,0.23,14.7,0.03,0.03,614.268,1776195155000
1776195157.098,157.098,0.78,15.2,0.77,14.7,0.81,0.64,0.92,35.29,0.19,0.64,0.08,35.29,0.22,15.2,0.23,14.7,0.03,0.03,614.268,1776195156000
1776195158.231,158.231,0.78,15.2,0.77,14.7,0.81,0.64,0.92,35.29,0.19,0.64,0.08,35.29,0.22,15.2,0.23,14.7,0.03,0.03,614.265,1776195157000
1776195159.282,159.282,0.78,15.2,0.77,14.7,0.81,0.64,0.92,35.29,0.19,0.64,0.08,35.29,0.22,15.2,0.23,14.7,0.03,0.03,614.257,1776195158000
1776195160.389,160.389,0.78,15.2,0.77,14.7,0.81,0.64,0.92,35.29,0.19,0.64,0.08,35.29,0.22,15.2,0.23,14.7,0.03,0.03,614.266,1776195159000
1776195160.923,160.923,0.78,15.2,0.77,14.7,0.81,0.64,0.92,35.29,0.19,0.64,0.08,35.29,0.22,15.2,0.23,14.7,0.03,0.03,614.266,1776195160000
1776195163.094,163.094,0.8,11.3,0.79,25.7,0.81,0.64,0.89,5.0,0.19,0.64,0.08,35.29,0.22,15.2,0.23,14.7,0.01,0.03,614.266,1776195160000
1776195163.359,163.359,0.8,11.3,0.79,25.7,0.81,0.64,0.89,5.0,0.19,0.64,0.11,5.0,0.2,11.3,0.21,25.7,0.01,0.01,614.267,1776195161000
1776195164.483,164.483,0.8,11.3,0.79,25.7,0.81,0.64,0.89,5.0,0.19,0.64,0.11,5.0,0.2,11.3,0.21,25.7,0.01,0.01,614.265,1776195163000
1776195165.404,165.404,0.8,11.3,0.79,25.7,0.81,0.64,0.89,5.0,0.19,0.64,0.11,5.0,0.2,11.3,0.21,25.7,0.01,0.01,614.235,1776195164000
1776195166.241,166.241,0.8,11.3,0.79,25.7,0.81,0.64,0.89,5.0,0.19,0.64,0.11,5.0,0.2,11.3,0.21,25.7,0.01,0.01,614.235,1776195165000
1776195167.403,167.403,0.8,11.3,0.79,25.7,0.81,0.64,0.89,5.0,0.19,0.64,0.11,5.0,0.2,11.3,0.21,25.7,0.01,0.01,614.234,1776195166000
1776195168.37,168.37,0.8,11.3,0.79,25.7,0.81,0.64,0.89,5.0,0.19,0.64,0.11,5.0,0.2,11.3,0.21,25.7,0.01,0.01,614.234,1776195167000
1776195169.542,169.542,0.8,11.3,0.79,25.7,0.81,0.64,0.89,5.0,0.19,0.64,0.11,5.0,0.2,11.3,0.21,25.7,0.01,0.01,614.229,1776195168000
1776195170.436,170.436,0.8,11.3,0.79,25.7,0.81,0.64,0.89,5.0,0.19,0.64,0.11,5.0,0.2,11.3,0.21,25.7,0.01,0.01,614.234,1776195169000
1776195171.36,171.36,0.8,11.3,0.79,25.7,0.81,0.64,0.89,5.0,0.19,0.64,0.11,5.0,0.2,11.3,0.21,25.7,0.01,0.01,614.236,1776195170000
1776195172.402,172.402,0.8,11.3,0.79,25.7,0.81,0.64,0.89,5.0,0.19,0.64,0.11,5.0,0.2,11.3,0.21,25.7,0.01,0.01,614.234,1776195171000
1776195173.598,173.598,0.8,11.3,0.79,25.7,0.81,0.64,0.89,5.0,0.19,0.64,0.11,5.0,0.2,11.3,0.21,25.7,0.01,0.01,614.237,1776195172000
1776195174.666,174.666,0.8,11.3,0.79,25.7,0.81,0.64,0.89,5.0,0.19,0.64,0.11,5.0,0.2,11.3,0.21,25.7,0.01,0.01,614.238,1776195173000
1776195175.142,175.142,0.8,1.3,0.79,25.7,0.81,0.64,0.9,5.0,0.19,0.64,0.11,5.0,0.2,11.3,0.21,25.7,0.01,0.01,614.238,1776195173000
1776195175.711,175.711,0.8,1.3,0.79,25.7,0.81,0.64,0.9,5.0,0.19,0.64,0.1,5.0,0.2,1.3,0.21,25.7,0.01,0.01,614.237,1776195174000
1776195176.596,176.596,0.81,49.36,0.8,1.3,0.91,5.0,0.94,46.1,0.09,5.0,0.06,46.1,0.19,49.36,0.2,1.3,0.1,0.1,614.235,1776195175000
1776195177.62,177.62,0.86,5.0,0.82,17.6,0.91,3.9,0.94,46.1,0.09,3.9,0.06,46.1,0.14,5.0,0.18,17.6,0.05,0.05,614.235,1776195176000
1776195178.486,178.486,0.86,5.0,0.82,17.6,0.91,3.9,0.94,46.1,0.09,3.9,0.06,46.1,0.14,5.0,0.18,17.6,0.05,0.05,614.27,1776195177000
1776195179.137,179.137,0.86,5.0,0.82,17.6,0.91,3.9,0.94,46.1,0.09,3.9,0.06,46.1,0.14,5.0,0.18,17.6,0.05,0.05,614.27,1776195178000
1776195180.823,180.823,0.86,5.0,0.82,17.6,0.91,3.9,0.94,46.1,0.09,3.9,0.06,46.1,0.14,5.0,0.18,17.6,0.05,0.05,614.274,1776195179000
1776195181.596,181.596,0.86,5.0,0.82,17.6,0.91,3.9,0.94,46.1,0.09,3.9,0.06,46.1,0.14,5.0,0.18,17.6,0.05,0.05,614.271,1776195180000
1776195182.345,182.345,0.87,15.3,0.86,26.6,0.91,5.0,0.94,46.1,0.09,5.0,0.06,46.1,0.13,15.3,0.14,26.6,0.04,0.04,614.281,1776195181000
1776195183.241,183.241,0.87,15.3,0.86,26.6,0.91,5.0,0.94,46.1,0.09,5.0,0.06,46.1,0.13,15.3,0.14,26.6,0.04,0.04,614.281,1776195182000
1776195183.453,183.453,0.87,15.3,0.86,26.6,0.92,2.82,0.93,39.9,0.09,5.0,0.06,46.1,0.13,15.3,0.14,26.6,0.05,0.04,614.281,1776195182000
1776195184.147,184.147,0.87,15.3,0.86,26.6,0.92,2.82,0.93,39.9,0.08,2.82,0.07,39.9,0.13,15.3,0.14,26.6,0.05,0.05,614.304,1776195183000
1776195185.787,185.787,0.87,15.3,0.86,26.6,0.92,2.82,0.93,39.9,0.08,2.82,0.07,39.9,0.13,15.3,0.14,26.6,0.05,0.05,614.267,1776195184000
1776195186.808,186.808,0.88,24.6,0.87,15.3,0.92,4.0,0.94,46.1,0.08,2.82,0.07,39.9,0.13,15.3,0.14,26.6,0.04,0.05,614.267,1776195184000
1776195187.036,187.036,0.88,24.6,0.87,15.3,0.92,4.0,0.94,46.1,0.08,4.0,0.06,46.1,0.12,24.6,0.13,15.3,0.04,0.04,614.26,1776195186000
1776195188.226,188.226,0.88,24.6,0.87,15.3,0.92,4.0,0.94,46.1,0.08,4.0,0.06,46.1,0.12,24.6,0.13,15.3,0.04,0.04,614.259,1776195187000
1776195189.397,189.397,0.88,24.6,0.87,15.3,0.92,4.0,0.94,46.1,0.08,4.0,0.06,46.1,0.12,24.6,0.13,15.3,0.04,0.04,614.248,1776195188000
1776195190.008,190.008,0.88,24.6,0.87,15.3,0.92,4.0,0.94,46.1,0.08,4.0,0.06,46.1,0.12,24.6,0.13,15.3,0.04,0.04,614.243,1776195189000
1776195191.203,191.203,0.88,24.6,0.87,15.3,0.92,4.0,0.94,46.1,0.08,4.0,0.06,46.1,0.12,24.6,0.13,15.3,0.04,0.04,614.253,1776195190000
1776195192.386,192.386,0.88,24.6,0.87,15.3,0.92,4.0,0.94,46.1,0.08,4.0,0.06,46.1,0.12,24.6,0.13,15.3,0.04,0.04,614.253,1776195191000
1776195193.112,193.112,0.88,24.6,0.87,15.3,0.92,4.0,0.94,46.1,0.08,4.0,0.06,46.1,0.12,24.6,0.13,15.3,0.04,0.04,614.241,1776195192000
1776195194.361,194.361,0.88,24.6,0.87,15.3,0.92,4.0,0.94,46.1,0.08,4.0,0.06,46.1,0.12,24.6,0.13,15.3,0.04,0.04,614.247,1776195193000
1776195195.011,195.011,0.88,24.6,0.87,15.3,0.92,4.0,0.94,46.1,0.08,4.0,0.06,46.1,0.12,24.6,0.13,15.3,0.04,0.04,614.237,1776195194000
1776195196.323,196.323,0.88,24.6,0.87,15.3,0.92,4.0,0.94,46.1,0.08,4.0,0.06,46.1,0.12,24.6,0.13,15.3,0.04,0.04,614.206014,1776195195000
1776195196.953,196.953,0.88,24.6,0.87,15.3,0.92,4.0,0.94,46.1,0.08,4.0,0.06,46.1,0.12,24.6,0.13,15.3,0.04,0.04,614.143,1776195196000
1776195198.133,198.133,0.86,5.0,0.85,20.39,0.92,32.76,0.93,39.9,0.08,32.76,0.07,39.9,0.14,5.0,0.15,20.39,0.06,0.06,614.143,1776195197000
1776195199.223,199.223,0.86,5.0,0.85,20.39,0.92,32.76,0.93,39.9,0.08,32.76,0.07,39.9,0.14,5.0,0.15,20.39,0.06,0.06,614.135,1776195198000
1776195200.604,200.604,0.86,5.0,0.85,20.39,0.92,32.76,0.93,39.9,0.08,32.76,0.07,39.9,0.14,5.0,0.15,20.39,0.06,0.06,614.144,1776195199000
1776195201.302,201.302,0.86,5.0,0.85,20.39,0.92,32.76,0.93,39.9,0.08,32.76,0.07,39.9,0.14,5.0,0.15,20.39,0.06,0.06,614.141,1776195200000
1776195201.708,201.708,0.87,23.0,0.86,26.6,0.93,38.82,0.94,46.1,0.08,32.76,0.07,39.9,0.14,5.0,0.15,20.39,0.06,0.06,614.141,1776195200000
1776195202.025,202.025,0.87,23.0,0.86,26.6,0.93,38.82,0.94,46.1,0.07,38.82,0.06,46.1,0.13,23.0,0.14,26.6,0.06,0.06,614.144,1776195201000
1776195203.024,203.024,0.87,23.0,0.86,26.6,0.93,38.82,0.94,46.1,0.07,38.82,0.06,46.1,0.13,23.0,0.14,26.6,0.06,0.06,614.142,1776195202000
1776195203.747,203.747,0.87,17.04,0.86,26.6,0.93,38.82,0.94,46.1,0.07,38.82,0.06,46.1,0.13,23.0,0.14,26.6,0.06,0.06,614.142,1776195202000
1776195204.009,204.009,0.87,17.04,0.86,26.6,0.93,38.82,0.94,46.1,0.07,38.82,0.06,46.1,0.13,17.04,0.14,26.6,0.06,0.06,614.142,1776195203000
1776195204.829,204.829,0.87,17.04,0.86,26.6,0.93,34.5,0.94,46.1,0.07,36.66,0.06,46.1,0.13,17.04,0.14,26.6,0.06,0.06,614.142,1776195203000
1776195205.058,205.058,0.87,17.04,0.86,26.6,0.93,34.5,0.94,46.1,0.07,34.5,0.06,46.1,0.13,17.04,0.14,26.6,0.06,0.06,614.145,1776195204000
1776195206.035,206.035,0.87,17.04,0.86,26.6,0.93,34.5,0.94,46.1,0.07,34.5,0.06,46.1,0.13,17.04,0.14,26.6,0.06,0.06,614.148,1776195205000
1776195207.057,207.057,0.87,17.04,0.86,26.6,0.93,34.5,0.94,46.1,0.07,34.5,0.06,46.1,0.13,17.04,0.14,26.6,0.06,0.06,614.149,1776195206000
1776195208.154,208.154,0.87,17.04,0.86,26.6,0.93,34.5,0.94,46.1,0.07,34.5,0.06,46.1,0.13,17.04,0.14,26.6,0.06,0.06,614.161,1776195207000
1776195209.115,209.115,0.87,17.04,0.86,26.6,0.93,34.5,0.94,46.1,0.07,34.5,0.06,46.1,0.13,17.04,0.14,26.6,0.06,0.06,614.153,1776195208000
1776195210.056,210.056,0.87,17.04,0.86,26.6,0.93,34.5,0.94,46.1,0.07,34.5,0.06,46.1,0.13,17.04,0.14,26.6,0.06,0.06,614.149,1776195209000
1776195211.043,211.043,0.87,17.04,0.86,26.6,0.93,34.5,0.94,46.1,0.07,34.5,0.06,46.1,0.13,17.04,0.14,26.6,0.06,0.06,614.149,1776195210000
1776195212.117,212.117,0.87,17.04,0.86,26.6,0.93,34.5,0.94,46.1,0.07,34.5,0.06,46.1,0.13,17.04,0.14,26.6,0.06,0.06,614.149,1776195211000
1776195213.03,213.03,0.87,17.04,0.86,26.6,0.93,34.5,0.94,46.1,0.07,34.5,0.06,46.1,0.13,17.04,0.14,26.6,0.06,0.06,614.151,1776195212000
1776195214.142,214.142,0.87,17.04,0.86,26.6,0.93,34.5,0.94,46.1,0.07,34.5,0.06,46.1,0.13,17.04,0.14,26.6,0.06,0.06,614.151,1776195213000
1776195215.067,215.067,0.87,17.04,0.86,26.6,0.93,34.5,0.94,46.1,0.07,34.5,0.06,46.1,0.13,17.04,0.14,26.6,0.06,0.06,614.148,1776195214000
1776195216.19,216.19,0.87,17.04,0.86,26.6,0.93,34.5,0.94,46.1,0.07,34.5,0.06,46.1,0.13,17.04,0.14,26.6,0.06,0.06,614.15,1776195215000
1776195217.12,217.12,0.87,17.04,0.86,26.6,0.93,34.5,0.94,46.1,0.07,34.5,0.06,46.1,0.13,17.04,0.14,26.6,0.06,0.06,614.156,1776195216000
1776195218.317,218.317,0.87,17.04,0.86,26.6,0.93,34.5,0.94,46.1,0.07,34.5,0.06,46.1,0.13,17.04,0.14,26.6,0.06,0.06,614.156,1776195217000
1776195219.251,219.251,0.87,17.04,0.86,26.6,0.93,34.5,0.94,46.1,0.07,34.5,0.06,46.1,0.13,17.04,0.14,26.6,0.06,0.06,614.158,1776195218000
1776195220.334,220.334,0.87,17.04,0.86,26.6,0.93,34.5,0.94,46.1,0.07,34.5,0.06,46.1,0.13,17.04,0.14,26.6,0.06,0.06,614.203,1776195219000
1776195221.289,221.289,0.87,17.04,0.86,26.6,0.93,34.5,0.94,46.1,0.07,34.5,0.06,46.1,0.13,17.04,0.14,26.6,0.06,0.06,614.203,1776195220000
1776195222.301,222.301,0.87,17.04,0.86,26.6,0.93,34.5,0.94,46.1,0.07,34.5,0.06,46.1,0.13,17.04,0.14,26.6,0.06,0.06,614.221,1776195221000
1776195223.312,223.312,0.87,17.04,0.86,26.6,0.93,34.5,0.94,46.1,0.07,34.5,0.06,46.1,0.13,17.04,0.14,26.6,0.06,0.06,614.217,1776195222000
1776195223.692,223.692,0.93,39.9,0.92,35.29,0.97,87.23,0.98,142.69,0.07,34.5,0.06,46.1,0.13,17.04,0.14,26.6,0.04,0.06,614.217,1776195222000
1776195224.311,224.311,0.93,39.9,0.92,35.29,0.97,87.23,0.98,142.69,0.03,87.23,0.02,142.69,0.07,39.9,0.08,35.29,0.04,0.04,614.212,1776195223000
1776195225.325,225.325,0.93,39.9,0.92,35.29,0.97,87.23,0.98,142.69,0.03,87.23,0.02,142.69,0.07,39.9,0.08,35.29,0.04,0.04,614.255,1776195224000
1776195226.426,226.426,0.93,39.9,0.92,35.29,0.97,87.23,0.98,142.69,0.03,87.23,0.02,142.69,0.07,39.9,0.08,35.29,0.04,0.04,614.268,1776195225000
1776195226.85,226.85,0.93,39.9,0.92,35.29,0.97,87.23,0.98,142.69,0.03,87.23,0.02,142.69,0.07,39.9,0.08,35.29,0.04,0.04,614.229,1776195226000
1776195228.013,228.013,0.93,39.9,0.92,35.29,0.97,87.23,0.98,142.69,0.03,87.23,0.02,142.69,0.07,39.9,0.08,35.29,0.04,0.04,614.228,1776195227000
1776195229.392,229.392,0.93,39.9,0.92,35.29,0.97,87.23,0.98,142.69,0.03,87.23,0.02,142.69,0.07,39.9,0.08,35.29,0.04,0.04,614.22,1776195228000
1776195230.292,230.292,0.93,39.9,0.92,35.29,0.97,87.23,0.98,142.69,0.03,87.23,0.02,142.69,0.07,39.9,0.08,35.29,0.04,0.04,614.2,1776195229000
1776195230.915,230.915,0.93,39.9,0.92,35.29,0.97,87.23,0.98,142.69,0.03,87.23,0.02,142.69,0.07,39.9,0.08,35.29,0.04,0.04,614.197,1776195230000
1776195232.06,232.06,0.93,39.9,0.92,35.29,0.97,87.23,0.98,142.69,0.03,87.23,0.02,142.69,0.07,39.9,0.08,35.29,0.04,0.04,614.199,1776195231000
1776195233.123,233.123,0.93,39.9,0.92,35.29,0.97,87.23,0.98,142.69,0.03,87.23,0.02,142.69,0.07,39.9,0.08,35.29,0.04,0.04,614.191,1776195232000
1776195234.27,234.27,0.93,39.9,0.92,35.29,0.97,87.23,0.98,142.69,0.03,87.23,0.02,142.69,0.07,39.9,0.08,35.29,0.04,0.04,614.198,1776195233000
1776195235.869,235.869,0.93,39.9,0.92,35.29,0.97,87.23,0.98,142.69,0.03,87.23,0.02,142.69,0.07,39.9,0.08,35.29,0.04,0.04,614.167,1776195234000
1776195236.486,236.486,0.93,39.9,0.92,35.29,0.97,87.23,0.98,142.69,0.03,87.23,0.02,142.69,0.07,39.9,0.08,35.29,0.04,0.04,614.16,1776195235000
1776195237.09,237.09,0.93,39.9,0.92,35.29,0.97,87.23,0.98,142.69,0.03,87.23,0.02,142.69,0.07,39.9,0.08,35.29,0.04,0.04,614.16,1776195236000
1776195238.337,238.337,0.93,39.9,0.92,35.29,0.97,87.23,0.98,142.69,0.03,87.23,0.02,142.69,0.07,39.9,0.08,35.29,0.04,0.04,614.203,1776195237000
1776195239.479,239.479,0.93,39.9,0.92,35.29,0.97,87.23,0.98,142.69,0.03,87.23,0.02,142.69,0.07,39.9,0.08,35.29,0.04,0.04,614.179,1776195238000
1776195240.055,240.055,0.93,39.9,0.92,35.29,0.97,87.23,0.98,142.69,0.03,87.23,0.02,142.69,0.07,39.9,0.08,35.29,0.04,0.04,614.179,1776195239000
1776195241.159,241.159,0.93,39.9,0.92,35.29,0.97,87.23,0.98,142.69,0.03,87.23,0.02,142.69,0.07,39.9,0.08,35.29,0.04,0.04,614.169,1776195240000
1776195242.305,242.305,0.93,39.9,0.92,35.29,0.97,87.23,0.98,142.69,0.03,87.23,0.02,142.69,0.07,39.9,0.08,35.29,0.04,0.04,614.174,1776195241000
1776195243.477,243.477,0.93,39.9,0.92,35.29,0.97,87.23,0.98,142.69,0.03,87.23,0.02,142.69,0.07,39.9,0.08,35.29,0.04,0.04,614.192,1776195242000
1776195244.063,244.063,0.93,39.9,0.92,35.29,0.97,87.23,0.98,142.69,0.03,87.23,0.02,142.69,0.07,39.9,0.08,35.29,0.04,0.04,614.192,1776195243000
1776195245.375,245.375,0.93,39.9,0.92,35.29,0.97,87.23,0.98,142.69,0.03,87.23,0.02,142.69,0.07,39.9,0.08,35.29,0.04,0.04,614.185,1776195244000
1776195246.454,246.454,0.61,58.07,0.6,10.8,0.91,28.02,0.94,46.1,0.03,87.23,0.02,142.69,0.07,39.9,0.08,35.29,0.3,0.04,614.185,1776195244000
1776195247.207,247.207,0.61,58.07,0.6,10.8,0.91,28.02,0.94,46.1,0.09,28.02,0.06,46.1,0.39,58.07,0.4,10.8,0.3,0.3,614.171,1776195246000
1776195248.474,248.474,0.61,58.07,0.6,10.8,0.91,28.02,0.94,46.1,0.09,28.02,0.06,46.1,0.39,58.07,0.4,10.8,0.3,0.3,614.019264,1776195247000
1776195249.16,249.16,0.61,58.07,0.6,10.8,0.91,28.02,0.94,46.1,0.09,28.02,0.06,46.1,0.39,58.07,0.4,10.8,0.3,0.3,614.0,1776195248000
1776195250.332,250.332,0.61,58.07,0.6,10.8,0.91,28.02,0.94,46.1,0.09,28.02,0.06,46.1,0.39,58.07,0.4,10.8,0.3,0.3,613.964,1776195249000
1776195250.957,250.957,0.61,58.07,0.6,10.8,0.91,28.02,0.94,46.1,0.09,28.02,0.06,46.1,0.39,58.07,0.4,10.8,0.3,0.3,614.001,1776195250000
1776195252.207,252.207,0.61,58.07,0.6,10.8,0.91,28.02,0.94,46.1,0.09,28.02,0.06,46.1,0.39,58.07,0.4,10.8,0.3,0.3,613.989,1776195251000
1776195253.442,253.442,0.61,58.07,0.6,10.8,0.91,28.02,0.94,46.1,0.09,28.02,0.06,46.1,0.39,58.07,0.4,10.8,0.3,0.3,613.9,1776195252000
1776195253.953,253.953,0.61,58.07,0.6,10.8,0.91,28.02,0.94,46.1,0.09,28.02,0.06,46.1,0.39,58.07,0.4,10.8,0.3,0.3,613.9,1776195253000
1776195255.257,255.257,0.61,58.07,0.6,10.8,0.91,28.02,0.94,46.1,0.09,28.02,0.06,46.1,0.39,58.07,0.4,10.8,0.3,0.3,613.879,1776195254000
1776195256.367,256.367,0.61,58.07,0.6,10.8,0.91,28.02,0.94,46.1,0.09,28.02,0.06,46.1,0.39,58.07,0.4,10.8,0.3,0.3,613.906237,1776195255000
1776195256.636,256.636,0.65,16.0,0.56,10.6,0.78,13.43,0.8,16.2,0.09,28.02,0.06,46.1,0.39,58.07,0.4,10.8,0.13,0.3,613.906237,1776195255000
1776195257.657,257.657,0.65,16.0,0.56,10.6,0.78,13.43,0.8,16.2,0.22,13.43,0.2,16.2,0.35,16.0,0.44,10.6,0.13,0.13,613.902,1776195256000
1776195258.122,258.122,0.65,16.0,0.56,10.6,0.78,13.43,0.8,16.2,0.22,13.43,0.2,16.2,0.35,16.0,0.44,10.6,0.13,0.13,613.902,1776195257000
1776195258.98,258.98,0.65,16.0,0.61,50.0,0.79,15.7,0.8,16.2,0.22,13.43,0.2,16.2,0.35,16.0,0.44,10.6,0.14,0.13,613.902,1776195257000
1776195259.255,259.255,0.65,16.0,0.61,50.0,0.79,15.7,0.8,16.2,0.21,15.7,0.2,16.2,0.35,16.0,0.39,50.0,0.14,0.14,613.892,1776195258000
1776195260.891,260.891,0.65,16.0,0.61,50.0,0.79,15.7,0.8,16.2,0.21,15.7,0.2,16.2,0.35,16.0,0.39,50.0,0.14,0.14,613.852,1776195259000
1776195261.505,261.505,0.65,16.0,0.61,50.0,0.79,15.7,0.8,16.2,0.21,15.7,0.2,16.2,0.35,16.0,0.39,50.0,0.14,0.14,613.843,1776195260000
1776195262.092,262.092,0.65,16.0,0.61,50.0,0.79,15.7,0.8,16.2,0.21,15.7,0.2,16.2,0.35,16.0,0.39,50.0,0.14,0.14,613.85,1776195261000
1776195263.415,263.415,0.65,16.0,0.61,50.0,0.79,15.7,0.8,16.2,0.21,15.7,0.2,16.2,0.35,16.0,0.39,50.0,0.14,0.14,613.844,1776195262000
1776195263.98,263.98,0.65,16.0,0.61,50.0,0.79,15.7,0.8,16.2,0.21,15.7,0.2,16.2,0.35,16.0,0.39,50.0,0.14,0.14,613.844,1776195263000
1776195265.438,265.438,0.65,16.0,0.61,50.0,0.79,15.7,0.8,16.2,0.21,15.7,0.2,16.2,0.35,16.0,0.39,50.0,0.14,0.14,613.817,1776195264000
1776195265.961,265.961,0.65,16.0,0.61,50.0,0.79,15.7,0.8,16.2,0.21,15.7,0.2,16.2,0.35,16.0,0.39,50.0,0.14,0.14,613.817,1776195265000
1776195267.122,267.122,0.65,16.0,0.61,50.0,0.79,15.7,0.8,16.2,0.21,15.7,0.2,16.2,0.35,16.0,0.39,50.0,0.14,0.14,613.811,1776195266000
1776195267.641,267.641,0.65,11.07,0.54,10.5,0.81,66.89,0.82,17.6,0.21,15.7,0.2,16.2,0.35,16.0,0.39,50.0,0.16,0.14,613.811,1776195266000
1776195268.294,268.294,0.65,11.07,0.54,10.5,0.81,66.89,0.82,17.6,0.19,66.89,0.18,17.6,0.35,11.07,0.46,10.5,0.16,0.16,613.813,1776195267000
1776195268.74,268.74,0.52,19.23,0.5,5.0,0.61,38.93,0.71,108.0,0.19,66.89,0.18,17.6,0.35,11.07,0.46,10.5,0.09,0.16,613.813,1776195267000
1776195269.202,269.202,0.52,9.79,0.51,50.0,0.59,15.0,0.6,5.0,0.39,38.93,0.29,108.0,0.48,13.04,0.5,5.0,0.07,0.09,613.813,1776195267000
1776195269.913,269.913,0.52,9.79,0.51,50.0,0.59,15.0,0.6,5.0,0.41,15.0,0.4,5.0,0.48,9.79,0.49,50.0,0.07,0.07,613.746368,1776195269000
1776195271.079,271.079,0.52,9.79,0.51,50.0,0.59,15.0,0.6,5.0,0.41,15.0,0.4,5.0,0.48,9.79,0.49,50.0,0.07,0.07,613.801,1776195270000
1776195272.294,272.294,0.52,9.79,0.51,50.0,0.59,15.0,0.6,5.0,0.41,15.0,0.4,5.0,0.48,9.79,0.49,50.0,0.07,0.07,613.77,1776195271000
1776195273.451,273.451,0.61,30.0,0.52,9.79,0.74,13.5,0.75,13.9,0.26,13.5,0.25,13.9,0.39,30.0,0.48,9.79,0.13,0.13,613.77,1776195272000
1776195274.017,274.017,0.61,30.0,0.52,9.79,0.74,13.5,0.75,13.9,0.26,13.5,0.25,13.9,0.39,30.0,0.48,9.79,0.13,0.13,613.76,1776195273000
1776195275.139,275.139,0.61,30.0,0.52,9.79,0.74,13.5,0.75,13.9,0.26,13.5,0.25,13.9,0.39,30.0,0.48,9.79,0.13,0.13,613.760994,1776195274000
1776195276.135,276.135,0.61,30.0,0.52,9.79,0.74,13.5,0.75,13.9,0.26,13.5,0.25,13.9,0.39,30.0,0.48,9.79,0.13,0.13,613.819,1776195275000
1776195277.6,277.6,0.61,30.0,0.52,9.79,0.74,13.5,0.75,13.9,0.26,13.5,0.25,13.9,0.39,30.0,0.48,9.79,0.13,0.13,613.841,1776195276000
1776195278.336,278.336,0.71,45.0,0.61,30.0,0.96,5.0,0.98,260.0,0.26,13.5,0.25,13.9,0.39,30.0,0.48,9.79,0.25,0.13,613.841,1776195276000
1776195279.037,279.037,0.71,45.0,0.61,30.0,0.96,5.0,0.98,260.0,0.04,5.0,0.02,260.0,0.29,45.0,0.39,30.0,0.25,0.25,613.807,1776195278000
1776195280.44,280.44,0.71,45.0,0.61,30.0,0.96,5.0,0.98,260.0,0.04,5.0,0.02,260.0,0.29,45.0,0.39,30.0,0.25,0.25,613.804,1776195279000
1776195281.276,281.276,0.71,45.0,0.61,30.0,0.96,5.0,0.98,260.0,0.04,5.0,0.02,260.0,0.29,45.0,0.39,30.0,0.25,0.25,613.786,1776195280000
1776195282.713,282.713,0.71,45.0,0.61,30.0,0.96,5.0,0.98,260.0,0.04,5.0,0.02,260.0,0.29,45.0,0.39,30.0,0.25,0.25,613.785,1776195281000
1776195283.281,283.281,0.71,45.0,0.61,30.0,0.96,5.0,0.98,260.0,0.04,5.0,0.02,260.0,0.29,45.0,0.39,30.0,0.25,0.25,613.785,1776195282000
1776195284.754,284.754,0.71,45.0,0.61,30.0,0.96,5.0,0.98,260.0,0.04,5.0,0.02,260.0,0.29,45.0,0.39,30.0,0.25,0.25,613.783,1776195283000
1776195285.626,285.626,0.71,45.0,0.61,30.0,0.96,5.0,0.98,260.0,0.04,5.0,0.02,260.0,0.29,45.0,0.39,30.0,0.25,0.25,613.798,1776195284000
1776195286.198,286.198,0.71,45.0,0.61,30.0,0.96,5.0,0.98,260.0,0.04,5.0,0.02,260.0,0.29,45.0,0.39,30.0,0.25,0.25,613.798,1776195285000
1776195286.843,286.843,0.71,34.75,0.61,30.0,0.96,5.0,0.98,260.0,0.04,5.0,0.02,260.0,0.29,45.0,0.39,30.0,0.25,0.25,613.798,1776195285000
1776195287.611,287.611,0.71,34.75,0.61,30.0,0.96,5.0,0.98,260.0,0.04,5.0,0.02,260.0,0.29,34.75,0.39,30.0,0.25,0.25,613.798,1776195286000
1776195288.318,288.318,0.71,34.75,0.61,30.0,0.96,5.0,0.98,260.0,0.04,5.0,0.02,260.0,0.29,34.75,0.39,30.0,0.25,0.25,613.79,1776195287000
1776195289.016,289.016,0.71,34.75,0.61,30.0,0.96,5.0,0.98,260.0,0.04,5.0,0.02,260.0,0.29,34.75,0.39,30.0,0.25,0.25,613.79,1776195288000
1776195289.257,289.257,0.52,9.79,0.5,5.0,0.71,38.26,0.81,50.0,0.04,5.0,0.02,260.0,0.29,34.75,0.39,30.0,0.19,0.25,613.79,1776195288000
1776195290.451,290.451,0.41,50.0,0.31,50.0,0.44,19.21,0.71,38.26,0.29,38.26,0.19,50.0,0.48,9.79,0.5,5.0,0.03,0.19,613.79,1776195288000
1776195291.256,291.256,0.41,50.0,0.31,50.0,0.44,19.21,0.71,38.26,0.56,19.21,0.29,38.26,0.59,50.0,0.69,50.0,0.03,0.03,613.717658,1776195290000
1776195291.902,291.902,0.04,96.9,0.02,15.0,0.21,50.0,0.31,50.0,0.59,50.0,0.56,19.21,0.89,39.98,0.95,67.0,0.17,0.3,613.717658,1776195290000
1776195292.585,292.585,0.04,90.7,0.02,15.0,0.21,50.0,0.31,50.0,0.79,50.0,0.69,50.0,0.96,90.7,0.98,15.0,0.17,0.17,613.713745,1776195291000
1776195292.936,292.936,0.05,0.18,0.04,90.7,0.21,50.0,0.31,50.0,0.79,50.0,0.69,50.0,0.95,10.61,0.96,90.7,0.16,0.16,613.713745,1776195291000
1776195293.315,293.315,0.05,0.18,0.04,90.7,0.21,50.0,0.31,50.0,0.79,50.0,0.69,50.0,0.95,0.18,0.96,90.7,0.16,0.16,613.706562,1776195292000
1776195294.451,294.451,0.05,0.18,0.04,90.7,0.21,50.0,0.31,50.0,0.79,50.0,0.69,50.0,0.95,0.18,0.96,90.7,0.16,0.16,613.58905,1776195293000
1776195294.893,294.893,0.05,0.18,0.04,90.7,0.21,50.0,0.31,50.0,0.79,50.0,0.69,50.0,0.95,0.18,0.96,90.7,0.16,0.16,613.507,1776195294000
1776195295.778,295.778,0.02,10.0,0.01,1225.0,0.21,50.0,0.31,50.0,0.79,50.0,0.69,50.0,0.95,0.18,0.96,90.7,0.19,0.16,613.507,1776195294000
1776195296.056,296.056,0.02,10.0,0.01,1225.0,0.21,50.0,0.31,50.0,0.79,50.0,0.69,50.0,0.98,10.0,0.99,1225.0,0.19,0.19,613.491,1776195295000
1776195296.495,296.495,0.02,8.88,0.01,95.0,0.11,50.0,0.21,50.0,0.79,50.0,0.69,50.0,0.98,10.0,0.99,1225.0,0.09,0.19,613.491,1776195295000
1776195297.001,297.001,0.02,0.96,0.01,95.0,0.11,50.0,0.21,50.0,0.89,50.0,0.79,50.0,0.98,8.88,0.99,95.0,0.09,0.09,613.491,1776195295000
1776195297.455,297.455,0.01,94.84,,,0.11,50.0,0.21,50.0,0.89,50.0,0.79,50.0,0.98,0.96,0.99,95.0,0.1,0.09,613.495,1776195296000
1776195297.989,297.989,0.01,43.43,,,0.11,50.0,0.21,50.0,0.89,50.0,0.79,50.0,0.99,83.84,,,0.1,0.1,613.495,1776195296000
1776195298.292,298.292,0.01,26.4,,,0.11,50.0,0.21,50.0,0.89,50.0,0.79,50.0,0.99,26.4,,,0.1,0.1,613.483,1776195297000
1776195298.827,298.827,,,,,0.01,1158.49,0.11,50.0,0.89,50.0,0.79,50.0,,,,,,,613.483,1776195297000
1776195299.404,299.404,,,,,0.01,1158.49,0.11,50.0,0.99,1158.49,0.89,50.0,,,,,,,613.474,1776195298000
1776195299.977,299.977,,,,,0.01,1158.49,0.11,50.0,0.99,1158.49,0.89,50.0,,,,,,,613.474,1776195299000
1776195301.062,301.062,,,,,0.01,1158.49,0.11,50.0,0.99,1158.49,0.89,50.0,,,,,,,613.532,1776195300000
1776195302.345,302.345,,,,,0.01,1158.49,0.11,50.0,0.99,1158.49,0.89,50.0,,,,,,,613.501,1776195301000
1776195302.84,302.84,,,,,0.01,1158.49,0.11,50.0,0.99,1158.49,0.89,50.0,,,,,,,613.501,1776195302000

# RESULT,winner=Down,slug=bnb-updown-5m-1776195000,ticks=326
