timestamp,elapsed_sec,up_bid_p1,up_bid_s1,up_bid_p2,up_bid_s2,up_ask_p1,up_ask_s1,up_ask_p2,up_ask_s2,down_bid_p1,down_bid_s1,down_bid_p2,down_bid_s2,down_ask_p1,down_ask_s1,down_ask_p2,down_ask_s2,up_spread,down_spread,bnb_price,bnb_oracle_ts
1776196501.345,1.345,,,,,,,,,,,,,,,,,,,614.137,1776196500000
1776196501.65,1.65,0.5,2.88,0.33,300.0,0.67,300.0,0.69,375.0,0.33,300.0,0.31,375.0,0.5,2.88,0.67,300.0,0.17,0.17,614.137,1776196500000
1776196502.014,2.014,0.5,2.88,0.33,300.0,0.67,300.0,0.69,375.0,0.33,300.0,0.31,375.0,0.5,2.88,0.67,300.0,0.17,0.17,614.144634,1776196501000
1776196503.475,3.475,0.5,2.88,0.33,300.0,0.67,300.0,0.69,375.0,0.33,300.0,0.31,375.0,0.5,2.88,0.67,300.0,0.17,0.17,614.3,1776196502000
1776196503.975,3.975,0.5,2.88,0.33,300.0,0.67,300.0,0.69,375.0,0.33,300.0,0.31,375.0,0.5,2.88,0.67,300.0,0.17,0.17,614.3,1776196503000
1776196505.246,5.246,0.5,2.88,0.33,300.0,0.67,300.0,0.69,375.0,0.33,300.0,0.31,375.0,0.5,2.88,0.67,300.0,0.17,0.17,614.292,1776196504000
1776196506.414,6.414,0.5,2.88,0.33,300.0,0.67,300.0,0.69,375.0,0.33,300.0,0.31,375.0,0.5,2.88,0.67,300.0,0.17,0.17,614.251,1776196505000
1776196507.003,7.003,0.5,2.88,0.33,300.0,0.67,300.0,0.69,375.0,0.33,300.0,0.31,375.0,0.5,2.88,0.67,300.0,0.17,0.17,614.205,1776196506000
1776196508.244,8.244,0.5,2.88,0.33,300.0,0.67,300.0,0.69,375.0,0.33,300.0,0.31,375.0,0.5,2.88,0.67,300.0,0.17,0.17,614.217,1776196507000
1776196509.282,9.282,0.5,2.88,0.33,300.0,0.67,300.0,0.69,375.0,0.33,300.0,0.31,375.0,0.5,2.88,0.67,300.0,0.17,0.17,614.117,1776196508000
1776196509.912,9.912,0.5,2.88,0.33,300.0,0.67,300.0,0.69,375.0,0.33,300.0,0.31,375.0,0.5,2.88,0.67,300.0,0.17,0.17,614.084,1776196509000
1776196511.125,11.125,0.5,2.88,0.33,300.0,0.67,300.0,0.69,375.0,0.33,300.0,0.31,375.0,0.5,2.88,0.67,300.0,0.17,0.17,614.081,1776196510000
1776196512.262,12.262,0.5,2.88,0.33,300.0,0.67,300.0,0.69,375.0,0.33,300.0,0.31,375.0,0.5,2.88,0.67,300.0,0.17,0.17,614.091,1776196511000
1776196513.395,13.395,0.5,2.88,0.33,300.0,0.67,300.0,0.69,375.0,0.33,300.0,0.31,375.0,0.5,2.88,0.67,300.0,0.17,0.17,614.115,1776196512000
1776196514.07,14.07,0.22,0.09,0.21,50.0,0.51,55.0,0.61,50.0,0.49,55.0,0.39,50.0,0.78,0.09,0.79,50.0,0.29,0.29,614.104,1776196513000
1776196514.989,14.989,0.25,3.0,0.22,15.0,0.35,5.0,0.36,5.0,0.49,55.0,0.39,50.0,0.78,0.09,0.79,50.0,0.1,0.29,614.104,1776196513000
1776196515.62,15.62,0.22,10.0,0.21,50.0,0.35,5.0,0.36,5.0,0.65,5.0,0.64,5.0,0.75,3.0,0.78,15.0,0.13,0.1,614.094962,1776196514000
1776196516.875,16.875,0.22,10.0,0.21,50.0,0.35,5.0,0.36,5.0,0.65,5.0,0.64,5.0,0.78,10.0,0.79,50.0,0.13,0.13,613.99905,1776196515000
1776196517.437,17.437,0.22,10.0,0.21,50.0,0.35,5.0,0.36,5.0,0.65,5.0,0.64,5.0,0.78,10.0,0.79,50.0,0.13,0.13,613.964,1776196516000
1776196517.99,17.99,0.22,10.0,0.21,50.0,0.35,5.0,0.36,5.0,0.65,5.0,0.64,5.0,0.78,10.0,0.79,50.0,0.13,0.13,613.964,1776196517000
1776196519.224,19.224,0.22,10.0,0.21,50.0,0.35,5.0,0.36,5.0,0.65,5.0,0.64,5.0,0.78,10.0,0.79,50.0,0.13,0.13,613.895,1776196518000
1776196520.26,20.26,0.22,10.0,0.21,50.0,0.35,5.0,0.36,5.0,0.65,5.0,0.64,5.0,0.78,10.0,0.79,50.0,0.13,0.13,613.899,1776196519000
1776196521.365,21.365,0.22,10.0,0.21,50.0,0.35,5.0,0.36,5.0,0.65,5.0,0.64,5.0,0.78,10.0,0.79,50.0,0.13,0.13,613.884,1776196520000
1776196521.858,21.858,0.22,10.0,0.21,50.0,0.35,5.0,0.36,5.0,0.65,5.0,0.64,5.0,0.78,10.0,0.79,50.0,0.13,0.13,613.884,1776196521000
1776196522.626,22.626,0.21,50.0,0.2,5.0,0.36,5.0,0.37,5.0,0.65,5.0,0.64,5.0,0.78,10.0,0.79,50.0,0.15,0.13,613.884,1776196521000
1776196522.965,22.965,0.21,50.0,0.2,5.0,0.36,5.0,0.37,5.0,0.64,5.0,0.63,5.0,0.79,50.0,0.8,5.0,0.15,0.15,613.926,1776196522000
1776196524.047,24.047,0.21,50.0,0.2,5.0,0.36,5.0,0.37,5.0,0.64,5.0,0.63,5.0,0.79,50.0,0.8,5.0,0.15,0.15,613.926,1776196523000
1776196525.115,25.115,0.21,50.0,0.2,5.0,0.36,5.0,0.37,5.0,0.64,5.0,0.63,5.0,0.79,50.0,0.8,5.0,0.15,0.15,613.933,1776196524000
1776196525.771,25.771,0.43,7.0,0.28,5.0,0.45,5.0,0.46,5.0,0.64,5.0,0.63,5.0,0.79,50.0,0.8,5.0,0.02,0.15,613.933,1776196524000
1776196526.078,26.078,0.43,2.0,0.28,5.0,0.45,5.0,0.46,5.0,0.55,5.0,0.54,5.0,0.57,7.0,0.72,5.0,0.02,0.02,613.933,1776196524000
1776196526.292,26.292,0.43,2.0,0.28,5.0,0.45,5.0,0.46,5.0,0.55,5.0,0.54,5.0,0.57,2.0,0.72,5.0,0.02,0.02,613.933,1776196525000
1776196528.244,28.244,0.43,2.0,0.28,5.0,0.45,5.0,0.46,5.0,0.55,5.0,0.54,5.0,0.57,2.0,0.72,5.0,0.02,0.02,613.95,1776196527000
1776196529.295,29.295,0.43,2.0,0.28,5.0,0.45,5.0,0.46,5.0,0.55,5.0,0.54,5.0,0.57,2.0,0.72,5.0,0.02,0.02,613.912946,1776196528000
1776196530.33,30.33,0.43,2.0,0.28,5.0,0.45,5.0,0.46,5.0,0.55,5.0,0.54,5.0,0.57,2.0,0.72,5.0,0.02,0.02,613.912877,1776196529000
1776196531.803,31.803,0.43,2.0,0.28,5.0,0.45,5.0,0.46,5.0,0.55,5.0,0.54,5.0,0.57,2.0,0.72,5.0,0.02,0.02,613.908354,1776196530000
1776196532.337,32.337,0.43,2.0,0.31,50.0,0.46,10.0,0.47,5.0,0.55,5.0,0.54,5.0,0.57,2.0,0.72,5.0,0.03,0.02,613.908354,1776196530000
1776196533.514,33.514,0.43,2.0,0.31,50.0,0.46,10.0,0.47,5.0,0.54,10.0,0.53,5.0,0.57,2.0,0.69,50.0,0.03,0.03,613.907444,1776196532000
1776196533.961,33.961,0.43,2.0,0.31,50.0,0.46,10.0,0.47,5.0,0.54,10.0,0.53,5.0,0.57,2.0,0.69,50.0,0.03,0.03,613.908354,1776196533000
1776196535.023,35.023,0.43,2.0,0.31,50.0,0.46,10.0,0.47,5.0,0.54,10.0,0.53,5.0,0.57,2.0,0.69,50.0,0.03,0.03,613.966527,1776196534000
1776196535.9,35.9,0.43,2.0,0.31,50.0,0.46,10.0,0.47,5.0,0.54,10.0,0.53,5.0,0.57,2.0,0.69,50.0,0.03,0.03,613.972662,1776196535000
1776196537.023,37.023,0.43,2.0,0.31,50.0,0.46,10.0,0.47,5.0,0.54,10.0,0.53,5.0,0.57,2.0,0.69,50.0,0.03,0.03,613.972792,1776196536000
1776196538.071,38.071,0.43,2.0,0.31,50.0,0.46,10.0,0.47,5.0,0.54,10.0,0.53,5.0,0.57,2.0,0.69,50.0,0.03,0.03,613.972792,1776196537000
1776196539.092,39.092,0.43,2.0,0.31,50.0,0.46,10.0,0.47,5.0,0.54,10.0,0.53,5.0,0.57,2.0,0.69,50.0,0.03,0.03,613.981398,1776196538000
1776196540.132,40.132,0.43,2.0,0.31,50.0,0.46,10.0,0.47,5.0,0.54,10.0,0.53,5.0,0.57,2.0,0.69,50.0,0.03,0.03,613.989462,1776196539000
1776196541.257,41.257,0.43,2.0,0.31,50.0,0.46,10.0,0.47,5.0,0.54,10.0,0.53,5.0,0.57,2.0,0.69,50.0,0.03,0.03,613.989612,1776196540000
1776196542.271,42.271,0.43,2.0,0.31,50.0,0.46,10.0,0.47,5.0,0.54,10.0,0.53,5.0,0.57,2.0,0.69,50.0,0.03,0.03,613.989551,1776196541000
1776196542.743,42.743,0.46,5.0,0.43,2.0,0.56,10.0,0.63,5.4,0.54,10.0,0.53,5.0,0.57,2.0,0.69,50.0,0.1,0.03,613.989551,1776196541000
1776196543.347,43.347,0.46,5.0,0.43,2.0,0.56,10.0,0.63,5.4,0.44,10.0,0.37,5.4,0.54,5.0,0.57,2.0,0.1,0.1,613.9977,1776196542000
1776196544.417,44.417,0.46,5.0,0.43,2.0,0.56,10.0,0.63,5.4,0.44,10.0,0.37,5.4,0.54,5.0,0.57,2.0,0.1,0.1,614.058645,1776196543000
1776196545.43,45.43,0.46,5.0,0.43,2.0,0.56,10.0,0.63,5.4,0.44,10.0,0.37,5.4,0.54,5.0,0.57,2.0,0.1,0.1,614.059732,1776196544000
1776196545.88,45.88,0.46,5.0,0.43,2.0,0.56,10.0,0.63,5.4,0.44,10.0,0.37,5.4,0.54,5.0,0.57,2.0,0.1,0.1,614.063057,1776196545000
1776196546.932,46.932,0.46,5.0,0.43,2.0,0.56,10.0,0.63,5.4,0.44,10.0,0.37,5.4,0.54,5.0,0.57,2.0,0.1,0.1,614.066489,1776196546000
1776196547.946,47.946,0.46,5.0,0.43,2.0,0.56,10.0,0.63,5.4,0.44,10.0,0.37,5.4,0.54,5.0,0.57,2.0,0.1,0.1,614.06596,1776196547000
1776196548.919,48.919,0.46,5.0,0.43,2.0,0.56,10.0,0.63,5.4,0.44,10.0,0.37,5.4,0.54,5.0,0.57,2.0,0.1,0.1,614.065835,1776196548000
1776196549.922,49.922,0.46,5.0,0.43,2.0,0.56,10.0,0.63,5.4,0.44,10.0,0.37,5.4,0.54,5.0,0.57,2.0,0.1,0.1,614.065792,1776196549000
1776196551.045,51.045,0.46,5.0,0.43,2.0,0.56,10.0,0.63,5.4,0.44,10.0,0.37,5.4,0.54,5.0,0.57,2.0,0.1,0.1,614.065749,1776196550000
1776196551.994,51.994,0.46,5.0,0.43,2.0,0.56,10.0,0.63,5.4,0.44,10.0,0.37,5.4,0.54,5.0,0.57,2.0,0.1,0.1,614.066103,1776196551000
1776196552.937,52.937,0.46,5.0,0.43,2.0,0.56,10.0,0.63,5.4,0.44,10.0,0.37,5.4,0.54,5.0,0.57,2.0,0.1,0.1,614.066202,1776196552000
1776196554.049,54.049,0.46,5.0,0.43,2.0,0.56,10.0,0.63,5.4,0.44,10.0,0.37,5.4,0.54,5.0,0.57,2.0,0.1,0.1,614.09,1776196553000
1776196555.073,55.073,0.46,5.0,0.43,2.0,0.56,10.0,0.63,5.4,0.44,10.0,0.37,5.4,0.54,5.0,0.57,2.0,0.1,0.1,614.091,1776196554000
1776196556.101,56.101,0.46,5.0,0.43,2.0,0.56,10.0,0.63,5.4,0.44,10.0,0.37,5.4,0.54,5.0,0.57,2.0,0.1,0.1,614.094,1776196555000
1776196557.055,57.055,0.46,5.0,0.43,2.0,0.56,10.0,0.63,5.4,0.44,10.0,0.37,5.4,0.54,5.0,0.57,2.0,0.1,0.1,614.094,1776196556000
1776196558.73,58.73,0.46,5.0,0.43,2.0,0.56,10.0,0.63,5.4,0.44,10.0,0.37,5.4,0.54,5.0,0.57,2.0,0.1,0.1,614.086,1776196557000
1776196559.848,59.848,0.46,5.0,0.43,2.0,0.56,10.0,0.63,5.4,0.44,10.0,0.37,5.4,0.54,5.0,0.57,2.0,0.1,0.1,614.065474,1776196558000
1776196560.594,60.594,0.46,5.0,0.43,2.0,0.56,10.0,0.63,5.4,0.44,10.0,0.37,5.4,0.54,5.0,0.57,2.0,0.1,0.1,614.066794,1776196559000
1776196561.673,61.673,0.46,5.0,0.43,2.0,0.56,10.0,0.63,5.4,0.44,10.0,0.37,5.4,0.54,5.0,0.57,2.0,0.1,0.1,614.066771,1776196560000
1776196562.414,62.414,0.46,5.0,0.43,2.0,0.56,10.0,0.63,5.4,0.44,10.0,0.37,5.4,0.54,5.0,0.57,2.0,0.1,0.1,614.066771,1776196561000
1776196563.174,63.174,0.46,5.0,0.43,2.0,0.56,10.0,0.63,5.4,0.44,10.0,0.37,5.4,0.54,5.0,0.57,2.0,0.1,0.1,614.067,1776196562000
1776196564.543,64.543,0.46,5.0,0.43,2.0,0.56,10.0,0.63,5.4,0.44,10.0,0.37,5.4,0.54,5.0,0.57,2.0,0.1,0.1,614.067241,1776196563000
1776196565.319,65.319,0.46,5.0,0.43,2.0,0.56,10.0,0.63,5.4,0.44,10.0,0.37,5.4,0.54,5.0,0.57,2.0,0.1,0.1,614.067241,1776196564000
1776196566.225,66.225,0.46,5.0,0.43,2.0,0.56,10.0,0.63,5.4,0.44,10.0,0.37,5.4,0.54,5.0,0.57,2.0,0.1,0.1,614.072147,1776196565000
1776196567.884,67.884,0.46,5.0,0.43,2.0,0.56,10.0,0.63,5.4,0.44,10.0,0.37,5.4,0.54,5.0,0.57,2.0,0.1,0.1,614.072018,1776196566000
1776196568.537,68.537,0.46,5.0,0.43,2.0,0.56,10.0,0.63,5.4,0.44,10.0,0.37,5.4,0.54,5.0,0.57,2.0,0.1,0.1,614.072018,1776196567000
1776196569.287,69.287,0.46,5.0,0.43,2.0,0.56,10.0,0.63,5.4,0.44,10.0,0.37,5.4,0.54,5.0,0.57,2.0,0.1,0.1,614.073,1776196568000
1776196570.816,70.816,0.46,5.0,0.43,2.0,0.56,10.0,0.63,5.4,0.44,10.0,0.37,5.4,0.54,5.0,0.57,2.0,0.1,0.1,614.072432,1776196569000
1776196571.427,71.427,0.46,5.0,0.43,2.0,0.56,10.0,0.63,5.4,0.44,10.0,0.37,5.4,0.54,5.0,0.57,2.0,0.1,0.1,614.072969,1776196570000
1776196572.225,72.225,0.46,5.0,0.43,2.0,0.56,10.0,0.63,5.4,0.44,10.0,0.37,5.4,0.54,5.0,0.57,2.0,0.1,0.1,614.073117,1776196571000
1776196573.695,73.695,0.46,5.0,0.43,2.0,0.56,10.0,0.63,5.4,0.44,10.0,0.37,5.4,0.54,5.0,0.57,2.0,0.1,0.1,614.073365,1776196572000
1776196574.414,74.414,0.46,5.0,0.43,2.0,0.56,10.0,0.63,5.4,0.44,10.0,0.37,5.4,0.54,5.0,0.57,2.0,0.1,0.1,614.073358,1776196573000
1776196575.156,75.156,0.46,5.0,0.43,2.0,0.56,10.0,0.63,5.4,0.44,10.0,0.37,5.4,0.54,5.0,0.57,2.0,0.1,0.1,614.073231,1776196574000
1776196575.752,75.752,0.47,5.0,0.46,5.0,0.59,14.0,0.6,15.8,0.44,10.0,0.37,5.4,0.54,5.0,0.57,2.0,0.12,0.1,614.073231,1776196574000
1776196576.604,76.604,0.47,5.0,0.46,5.0,0.59,14.0,0.6,15.8,0.41,14.0,0.4,15.8,0.53,5.0,0.54,5.0,0.12,0.12,614.073292,1776196575000
1776196577.21,77.21,0.47,5.0,0.46,5.0,0.59,14.0,0.6,15.8,0.41,14.0,0.4,15.8,0.53,5.0,0.54,5.0,0.12,0.12,614.077902,1776196576000
1776196578.648,78.648,0.47,5.0,0.46,5.0,0.59,14.0,0.6,15.8,0.41,14.0,0.4,15.8,0.53,5.0,0.54,5.0,0.12,0.12,614.12,1776196577000
1776196579.154,79.154,0.47,5.0,0.46,5.0,0.59,14.0,0.6,15.8,0.41,14.0,0.4,15.8,0.53,5.0,0.54,5.0,0.12,0.12,614.12,1776196578000
1776196580.256,80.256,0.47,5.0,0.46,5.0,0.59,14.0,0.6,15.8,0.41,14.0,0.4,15.8,0.53,5.0,0.54,5.0,0.12,0.12,614.1051,1776196579000
1776196581.329,81.329,0.47,5.0,0.46,5.0,0.59,14.0,0.6,15.8,0.41,14.0,0.4,15.8,0.53,5.0,0.54,5.0,0.12,0.12,614.122996,1776196580000
1776196582.09,82.09,0.47,5.0,0.46,5.0,0.59,14.0,0.6,15.8,0.41,14.0,0.4,15.8,0.53,5.0,0.54,5.0,0.12,0.12,614.122996,1776196581000
1776196583.29,83.29,0.47,5.0,0.46,5.0,0.59,14.0,0.6,15.8,0.41,14.0,0.4,15.8,0.53,5.0,0.54,5.0,0.12,0.12,614.151081,1776196582000
1776196584.239,84.239,0.47,5.0,0.46,5.0,0.59,14.0,0.6,15.8,0.41,14.0,0.4,15.8,0.53,5.0,0.54,5.0,0.12,0.12,614.149914,1776196583000
1776196585.438,85.438,0.47,5.0,0.46,5.0,0.59,14.0,0.6,15.8,0.41,14.0,0.4,15.8,0.53,5.0,0.54,5.0,0.12,0.12,614.151437,1776196584000
1776196586.43,86.43,0.47,5.0,0.46,5.0,0.59,14.0,0.6,15.8,0.41,14.0,0.4,15.8,0.53,5.0,0.54,5.0,0.12,0.12,614.151483,1776196585000
1776196587.008,87.008,0.47,5.0,0.46,5.0,0.59,14.0,0.6,15.8,0.41,14.0,0.4,15.8,0.53,5.0,0.54,5.0,0.12,0.12,614.151483,1776196586000
1776196588.191,88.191,0.47,5.0,0.46,5.0,0.59,14.0,0.6,15.8,0.41,14.0,0.4,15.8,0.53,5.0,0.54,5.0,0.12,0.12,614.151428,1776196587000
1776196589.355,89.355,0.47,5.0,0.46,5.0,0.59,14.0,0.6,15.8,0.41,14.0,0.4,15.8,0.53,5.0,0.54,5.0,0.12,0.12,614.151402,1776196588000
1776196589.951,89.951,0.47,5.0,0.46,5.0,0.59,14.0,0.6,15.8,0.41,14.0,0.4,15.8,0.53,5.0,0.54,5.0,0.12,0.12,614.151374,1776196589000
1776196591.137,91.137,0.47,5.0,0.46,5.0,0.59,14.0,0.6,15.8,0.41,14.0,0.4,15.8,0.53,5.0,0.54,5.0,0.12,0.12,614.151374,1776196590000
1776196592.31,92.31,0.47,5.0,0.46,5.0,0.59,14.0,0.6,15.8,0.41,14.0,0.4,15.8,0.53,5.0,0.54,5.0,0.12,0.12,614.151422,1776196591000
1776196593.484,93.484,0.46,10.55,0.45,5.0,0.58,10.7,0.59,20.7,0.41,14.0,0.4,15.8,0.53,5.0,0.54,5.0,0.12,0.12,614.151422,1776196591000
1776196599.441,99.441,0.46,10.55,0.45,5.0,0.58,10.7,0.59,20.7,0.42,10.7,0.41,20.7,0.54,10.55,0.55,5.0,0.12,0.12,614.110218,1776196598000
1776196600.583,100.583,0.46,10.55,0.45,5.0,0.58,10.7,0.59,20.7,0.42,10.7,0.41,20.7,0.54,10.55,0.55,5.0,0.12,0.12,614.110277,1776196599000
1776196601.171,101.171,0.46,10.55,0.45,5.0,0.58,10.7,0.59,20.7,0.42,10.7,0.41,20.7,0.54,10.55,0.55,5.0,0.12,0.12,614.109102,1776196600000
1776196602.63,102.63,0.46,10.55,0.45,5.0,0.58,10.7,0.59,20.7,0.42,10.7,0.41,20.7,0.54,10.55,0.55,5.0,0.12,0.12,614.095951,1776196601000
1776196603.285,103.285,0.46,10.55,0.45,5.0,0.58,10.7,0.59,20.7,0.42,10.7,0.41,20.7,0.54,10.55,0.55,5.0,0.12,0.12,614.092279,1776196602000
1776196604.836,104.836,0.46,10.55,0.45,5.0,0.58,10.7,0.59,20.7,0.42,10.7,0.41,20.7,0.54,10.55,0.55,5.0,0.12,0.12,614.117731,1776196603000
1776196605.434,105.434,0.46,10.55,0.45,5.0,0.58,10.7,0.59,20.7,0.42,10.7,0.41,20.7,0.54,10.55,0.55,5.0,0.12,0.12,614.118655,1776196604000
1776196606.152,106.152,0.46,10.55,0.45,5.0,0.58,10.7,0.59,20.7,0.42,10.7,0.41,20.7,0.54,10.55,0.55,5.0,0.12,0.12,614.131774,1776196605000
1776196607.758,107.758,0.46,10.55,0.45,5.0,0.58,10.7,0.59,20.7,0.42,10.7,0.41,20.7,0.54,10.55,0.55,5.0,0.12,0.12,614.133524,1776196606000
1776196608.419,108.419,0.46,10.55,0.45,5.0,0.58,10.7,0.59,20.7,0.42,10.7,0.41,20.7,0.54,10.55,0.55,5.0,0.12,0.12,614.133524,1776196607000
1776196609.225,109.225,0.46,10.55,0.45,5.0,0.58,10.7,0.59,20.7,0.42,10.7,0.41,20.7,0.54,10.55,0.55,5.0,0.12,0.12,614.117475,1776196608000
1776196611.906,111.906,0.46,10.55,0.45,5.0,0.58,10.7,0.59,20.7,0.42,10.7,0.41,20.7,0.54,10.55,0.55,5.0,0.12,0.12,614.120677,1776196610000
1776196613.22,113.22,0.46,10.55,0.45,5.0,0.58,10.7,0.59,20.7,0.42,10.7,0.41,20.7,0.54,10.55,0.55,5.0,0.12,0.12,614.121545,1776196612000
1776196614.131,114.131,0.46,10.55,0.45,5.0,0.58,10.7,0.59,20.7,0.42,10.7,0.41,20.7,0.54,10.55,0.55,5.0,0.12,0.12,614.119813,1776196613000
1776196615.278,115.278,0.46,10.55,0.45,5.0,0.58,10.7,0.59,20.7,0.42,10.7,0.41,20.7,0.54,10.55,0.55,5.0,0.12,0.12,614.121755,1776196614000
1776196616.247,116.247,0.46,10.55,0.45,5.0,0.58,10.7,0.59,20.7,0.42,10.7,0.41,20.7,0.54,10.55,0.55,5.0,0.12,0.12,614.121829,1776196615000
1776196617.284,117.284,0.46,10.55,0.45,5.0,0.58,10.7,0.59,20.7,0.42,10.7,0.41,20.7,0.54,10.55,0.55,5.0,0.12,0.12,614.121802,1776196616000
1776196618.354,118.354,0.46,10.55,0.45,5.0,0.58,10.7,0.59,20.7,0.42,10.7,0.41,20.7,0.54,10.55,0.55,5.0,0.12,0.12,614.120232,1776196617000
1776196618.92,118.92,0.46,10.55,0.45,5.0,0.58,10.7,0.59,20.7,0.42,10.7,0.41,20.7,0.54,10.55,0.55,5.0,0.12,0.12,614.12004,1776196618000
1776196620.02,120.02,0.46,10.55,0.45,5.0,0.58,10.7,0.59,20.7,0.42,10.7,0.41,20.7,0.54,10.55,0.55,5.0,0.12,0.12,614.120013,1776196619000
1776196621.112,121.112,0.46,10.55,0.45,5.0,0.58,10.7,0.59,20.7,0.42,10.7,0.41,20.7,0.54,10.55,0.55,5.0,0.12,0.12,614.114978,1776196620000
1776196622.157,122.157,0.46,10.55,0.45,5.0,0.58,10.7,0.59,20.7,0.42,10.7,0.41,20.7,0.54,10.55,0.55,5.0,0.12,0.12,614.116567,1776196621000
1776196623.197,123.197,0.46,10.55,0.45,5.0,0.58,10.7,0.59,20.7,0.42,10.7,0.41,20.7,0.54,10.55,0.55,5.0,0.12,0.12,614.113466,1776196622000
1776196624.421,124.421,0.46,10.55,0.45,5.0,0.58,10.7,0.59,20.7,0.42,10.7,0.41,20.7,0.54,10.55,0.55,5.0,0.12,0.12,614.113539,1776196623000
1776196624.92,124.92,0.46,10.55,0.45,5.0,0.58,10.7,0.59,20.7,0.42,10.7,0.41,20.7,0.54,10.55,0.55,5.0,0.12,0.12,614.112912,1776196624000
1776196625.908,125.908,0.46,10.55,0.45,5.0,0.58,10.7,0.59,20.7,0.42,10.7,0.41,20.7,0.54,10.55,0.55,5.0,0.12,0.12,614.078174,1776196625000
1776196627.419,127.419,0.46,10.55,0.45,5.0,0.58,10.7,0.59,20.7,0.42,10.7,0.41,20.7,0.54,10.55,0.55,5.0,0.12,0.12,614.082945,1776196626000
1776196628.086,128.086,0.46,10.55,0.45,5.0,0.58,10.7,0.59,20.7,0.42,10.7,0.41,20.7,0.54,10.55,0.55,5.0,0.12,0.12,614.080584,1776196627000
1776196629.31,129.31,0.46,10.55,0.45,5.0,0.58,10.7,0.59,20.7,0.42,10.7,0.41,20.7,0.54,10.55,0.55,5.0,0.12,0.12,614.08331,1776196628000
1776196630.331,130.331,0.46,10.55,0.45,5.0,0.58,10.7,0.59,20.7,0.42,10.7,0.41,20.7,0.54,10.55,0.55,5.0,0.12,0.12,614.078131,1776196629000
1776196630.589,130.589,0.31,50.0,0.27,5.0,0.44,5.0,0.5,10.4,0.42,10.7,0.41,20.7,0.54,10.55,0.55,5.0,0.13,0.12,614.078131,1776196629000
1776196631.001,131.001,0.31,50.0,0.27,5.0,0.44,5.0,0.5,10.4,0.56,5.0,0.5,10.4,0.69,50.0,0.73,5.0,0.13,0.13,614.0769,1776196630000
1776196632.079,132.079,0.31,50.0,0.27,5.0,0.44,5.0,0.5,10.4,0.56,5.0,0.5,10.4,0.69,50.0,0.73,5.0,0.13,0.13,614.076183,1776196631000
1776196633.223,133.223,0.31,50.0,0.27,5.0,0.44,5.0,0.5,10.4,0.56,5.0,0.5,10.4,0.69,50.0,0.73,5.0,0.13,0.13,614.074,1776196632000
1776196634.311,134.311,0.31,50.0,0.27,5.0,0.44,5.0,0.5,10.4,0.56,5.0,0.5,10.4,0.69,50.0,0.73,5.0,0.13,0.13,614.074,1776196633000
1776196635.009,135.009,0.31,50.0,0.27,5.0,0.44,5.0,0.5,10.4,0.56,5.0,0.5,10.4,0.69,50.0,0.73,5.0,0.13,0.13,614.059,1776196634000
1776196636.18,136.18,0.31,50.0,0.27,5.0,0.44,5.0,0.5,10.4,0.56,5.0,0.5,10.4,0.69,50.0,0.73,5.0,0.13,0.13,614.059,1776196635000
1776196637.403,137.403,0.31,50.0,0.27,5.0,0.44,5.0,0.5,10.4,0.56,5.0,0.5,10.4,0.69,50.0,0.73,5.0,0.13,0.13,614.035549,1776196636000
1776196638.281,138.281,0.31,50.0,0.27,5.0,0.44,5.0,0.5,10.4,0.56,5.0,0.5,10.4,0.69,50.0,0.73,5.0,0.13,0.13,614.037454,1776196637000
1776196639.363,139.363,0.31,50.0,0.27,5.0,0.44,5.0,0.5,10.4,0.56,5.0,0.5,10.4,0.69,50.0,0.73,5.0,0.13,0.13,614.037928,1776196638000
1776196639.987,139.987,0.31,50.0,0.27,5.0,0.44,5.0,0.5,10.4,0.56,5.0,0.5,10.4,0.69,50.0,0.73,5.0,0.13,0.13,614.037928,1776196639000
1776196641.739,141.739,0.31,50.0,0.27,5.0,0.44,5.0,0.5,10.4,0.56,5.0,0.5,10.4,0.69,50.0,0.73,5.0,0.13,0.13,614.038056,1776196640000
1776196642.229,142.229,0.31,50.0,0.27,5.0,0.44,5.0,0.5,10.4,0.56,5.0,0.5,10.4,0.69,50.0,0.73,5.0,0.13,0.13,614.038107,1776196641000
1776196643.563,143.563,0.31,50.0,0.27,5.0,0.44,5.0,0.5,10.4,0.56,5.0,0.5,10.4,0.69,50.0,0.73,5.0,0.13,0.13,614.037967,1776196642000
1776196644.302,144.302,0.31,50.0,0.27,5.0,0.44,5.0,0.5,10.4,0.56,5.0,0.5,10.4,0.69,50.0,0.73,5.0,0.13,0.13,614.037876,1776196643000
1776196645.527,145.527,0.31,50.0,0.27,5.0,0.44,5.0,0.5,10.4,0.56,5.0,0.5,10.4,0.69,50.0,0.73,5.0,0.13,0.13,614.037876,1776196644000
1776196646.142,146.142,0.31,50.0,0.27,5.0,0.44,5.0,0.5,10.4,0.56,5.0,0.5,10.4,0.69,50.0,0.73,5.0,0.13,0.13,614.038274,1776196645000
1776196647.424,147.424,0.31,50.0,0.27,5.0,0.44,5.0,0.5,10.4,0.56,5.0,0.5,10.4,0.69,50.0,0.73,5.0,0.13,0.13,614.038274,1776196646000
1776196648.154,148.154,0.31,50.0,0.27,5.0,0.44,5.0,0.5,10.4,0.56,5.0,0.5,10.4,0.69,50.0,0.73,5.0,0.13,0.13,614.036811,1776196647000
1776196649.42,149.42,0.31,50.0,0.27,5.0,0.44,5.0,0.5,10.4,0.56,5.0,0.5,10.4,0.69,50.0,0.73,5.0,0.13,0.13,614.035887,1776196648000
1776196650.022,150.022,0.31,50.0,0.27,5.0,0.44,5.0,0.5,10.4,0.56,5.0,0.5,10.4,0.69,50.0,0.73,5.0,0.13,0.13,614.032055,1776196649000
1776196651.322,151.322,0.31,50.0,0.27,5.0,0.44,5.0,0.5,10.4,0.56,5.0,0.5,10.4,0.69,50.0,0.73,5.0,0.13,0.13,614.031941,1776196650000
1776196651.531,151.531,0.4,2.24,0.39,5.0,0.43,10.0,0.47,10.4,0.56,5.0,0.5,10.4,0.69,50.0,0.73,5.0,0.03,0.13,614.031941,1776196650000
1776196652.538,152.538,0.4,2.24,0.39,5.0,0.43,10.0,0.47,10.4,0.57,10.0,0.53,10.4,0.6,2.24,0.61,5.0,0.03,0.03,614.031014,1776196651000
1776196653.254,153.254,0.4,2.24,0.39,5.0,0.43,10.0,0.47,10.4,0.57,10.0,0.53,10.4,0.6,2.24,0.61,5.0,0.03,0.03,614.031014,1776196652000
1776196654.53,154.53,0.4,2.24,0.39,5.0,0.43,10.0,0.47,10.4,0.57,10.0,0.53,10.4,0.6,2.24,0.61,5.0,0.03,0.03,614.031126,1776196653000
1776196655.109,155.109,0.4,2.24,0.39,5.0,0.43,10.0,0.47,10.4,0.57,10.0,0.53,10.4,0.6,2.24,0.61,5.0,0.03,0.03,614.030799,1776196654000
1776196656.44,156.44,0.4,2.24,0.39,5.0,0.43,10.0,0.47,10.4,0.57,10.0,0.53,10.4,0.6,2.24,0.61,5.0,0.03,0.03,614.030543,1776196655000
1776196657.051,157.051,0.37,2.42,0.32,11.9,0.43,10.0,0.47,10.4,0.57,10.0,0.53,10.4,0.6,2.24,0.61,5.0,0.06,0.03,614.030543,1776196655000
1776196658.197,158.197,0.37,2.42,0.32,11.9,0.43,10.0,0.47,10.4,0.57,10.0,0.53,10.4,0.63,2.42,0.68,11.9,0.06,0.06,614.030826,1776196657000
1776196659.782,159.782,0.37,2.42,0.32,11.9,0.43,10.0,0.47,10.4,0.57,10.0,0.53,10.4,0.63,2.42,0.68,11.9,0.06,0.06,614.030889,1776196658000
1776196660.499,160.499,0.37,2.42,0.32,11.9,0.43,10.0,0.47,10.4,0.57,10.0,0.53,10.4,0.63,2.42,0.68,11.9,0.06,0.06,614.031282,1776196659000
1776196661.16,161.16,0.37,2.42,0.32,11.9,0.43,10.0,0.47,10.4,0.57,10.0,0.53,10.4,0.63,2.42,0.68,11.9,0.06,0.06,614.031282,1776196660000
1776196662.623,162.623,0.37,2.42,0.32,11.9,0.43,10.0,0.47,10.4,0.57,10.0,0.53,10.4,0.63,2.42,0.68,11.9,0.06,0.06,614.032468,1776196661000
1776196663.394,163.394,0.37,2.42,0.32,11.9,0.43,10.0,0.47,10.4,0.57,10.0,0.53,10.4,0.63,2.42,0.68,11.9,0.06,0.06,614.034165,1776196662000
1776196664.146,164.146,0.37,2.42,0.32,11.9,0.43,10.0,0.47,10.4,0.57,10.0,0.53,10.4,0.63,2.42,0.68,11.9,0.06,0.06,614.034165,1776196663000
1776196665.898,165.898,0.37,2.42,0.32,11.9,0.43,10.0,0.47,10.4,0.57,10.0,0.53,10.4,0.63,2.42,0.68,11.9,0.06,0.06,613.988047,1776196664000
1776196666.688,166.688,0.37,2.42,0.32,11.9,0.43,10.0,0.47,10.4,0.57,10.0,0.53,10.4,0.63,2.42,0.68,11.9,0.06,0.06,613.98807,1776196665000
1776196667.312,167.312,0.37,2.42,0.32,11.9,0.43,10.0,0.47,10.4,0.57,10.0,0.53,10.4,0.63,2.42,0.68,11.9,0.06,0.06,614.01,1776196666000
1776196668.696,168.696,0.37,2.42,0.32,11.9,0.43,10.0,0.47,10.4,0.57,10.0,0.53,10.4,0.63,2.42,0.68,11.9,0.06,0.06,613.989476,1776196667000
1776196669.33,169.33,0.37,2.42,0.32,11.9,0.43,10.0,0.47,10.4,0.57,10.0,0.53,10.4,0.63,2.42,0.68,11.9,0.06,0.06,613.99,1776196668000
1776196670.159,170.159,0.37,2.42,0.32,11.9,0.43,10.0,0.47,10.4,0.57,10.0,0.53,10.4,0.63,2.42,0.68,11.9,0.06,0.06,613.99,1776196669000
1776196671.729,171.729,0.37,2.42,0.32,11.9,0.43,10.0,0.47,10.4,0.57,10.0,0.53,10.4,0.63,2.42,0.68,11.9,0.06,0.06,613.983451,1776196670000
1776196672.435,172.435,0.37,2.42,0.32,11.9,0.43,10.0,0.47,10.4,0.57,10.0,0.53,10.4,0.63,2.42,0.68,11.9,0.06,0.06,613.985,1776196671000
1776196673.232,173.232,0.37,2.42,0.32,11.9,0.43,10.0,0.47,10.4,0.57,10.0,0.53,10.4,0.63,2.42,0.68,11.9,0.06,0.06,613.993746,1776196672000
1776196674.505,174.505,0.37,2.42,0.32,11.9,0.43,10.0,0.47,10.4,0.57,10.0,0.53,10.4,0.63,2.42,0.68,11.9,0.06,0.06,613.989,1776196673000
1776196675.322,175.322,0.37,2.42,0.32,11.9,0.43,10.0,0.47,10.4,0.57,10.0,0.53,10.4,0.63,2.42,0.68,11.9,0.06,0.06,614.003535,1776196674000
1776196676.022,176.022,0.37,2.42,0.32,11.9,0.43,10.0,0.47,10.4,0.57,10.0,0.53,10.4,0.63,2.42,0.68,11.9,0.06,0.06,614.003535,1776196675000
1776196677.032,177.032,0.37,2.42,0.32,11.9,0.43,10.0,0.47,10.4,0.57,10.0,0.53,10.4,0.63,2.42,0.68,11.9,0.06,0.06,614.039257,1776196676000
1776196678.099,178.099,0.37,2.42,0.32,11.9,0.43,10.0,0.47,10.4,0.57,10.0,0.53,10.4,0.63,2.42,0.68,11.9,0.06,0.06,614.039257,1776196677000
1776196679.14,179.14,0.37,2.42,0.32,11.9,0.43,10.0,0.47,10.4,0.57,10.0,0.53,10.4,0.63,2.42,0.68,11.9,0.06,0.06,614.039257,1776196678000
1776196680.095,180.095,0.37,2.42,0.32,11.9,0.43,10.0,0.47,10.4,0.57,10.0,0.53,10.4,0.63,2.42,0.68,11.9,0.06,0.06,614.036974,1776196679000
1776196681.248,181.248,0.37,2.42,0.32,11.9,0.43,10.0,0.47,10.4,0.57,10.0,0.53,10.4,0.63,2.42,0.68,11.9,0.06,0.06,614.037984,1776196680000
1776196682.359,182.359,0.37,2.42,0.32,11.9,0.43,10.0,0.47,10.4,0.57,10.0,0.53,10.4,0.63,2.42,0.68,11.9,0.06,0.06,614.037855,1776196681000
1776196682.916,182.916,0.37,2.42,0.32,11.9,0.43,10.0,0.47,10.4,0.57,10.0,0.53,10.4,0.63,2.42,0.68,11.9,0.06,0.06,614.037855,1776196682000
1776196684.051,184.051,0.37,2.42,0.32,11.9,0.43,10.0,0.47,10.4,0.57,10.0,0.53,10.4,0.63,2.42,0.68,11.9,0.06,0.06,614.037368,1776196683000
1776196685.038,185.038,0.37,2.42,0.32,11.9,0.43,10.0,0.47,10.4,0.57,10.0,0.53,10.4,0.63,2.42,0.68,11.9,0.06,0.06,614.036632,1776196684000
1776196686.123,186.123,0.37,2.42,0.32,11.9,0.43,10.0,0.47,10.4,0.57,10.0,0.53,10.4,0.63,2.42,0.68,11.9,0.06,0.06,614.03512,1776196685000
1776196687.21,187.21,0.37,2.42,0.32,11.9,0.43,10.0,0.47,10.4,0.57,10.0,0.53,10.4,0.63,2.42,0.68,11.9,0.06,0.06,614.035576,1776196686000
1776196688.284,188.284,0.37,2.42,0.32,11.9,0.43,10.0,0.47,10.4,0.57,10.0,0.53,10.4,0.63,2.42,0.68,11.9,0.06,0.06,614.035212,1776196687000
1776196689.379,189.379,0.37,2.42,0.32,11.9,0.43,10.0,0.47,10.4,0.57,10.0,0.53,10.4,0.63,2.42,0.68,11.9,0.06,0.06,614.03462,1776196688000
1776196690.873,190.873,0.37,2.42,0.32,11.9,0.43,10.0,0.47,10.4,0.57,10.0,0.53,10.4,0.63,2.42,0.68,11.9,0.06,0.06,614.033324,1776196689000
1776196691.474,191.474,0.37,2.42,0.32,11.9,0.43,10.0,0.47,10.4,0.57,10.0,0.53,10.4,0.63,2.42,0.68,11.9,0.06,0.06,614.022923,1776196690000
1776196691.967,191.967,0.37,2.42,0.32,11.9,0.43,10.0,0.47,10.4,0.57,10.0,0.53,10.4,0.63,2.42,0.68,11.9,0.06,0.06,614.022941,1776196691000
1776196693.103,193.103,0.37,2.42,0.32,11.9,0.43,10.0,0.47,10.4,0.57,10.0,0.53,10.4,0.63,2.42,0.68,11.9,0.06,0.06,614.02447,1776196692000
1776196694.395,194.395,0.37,2.42,0.32,11.9,0.43,10.0,0.47,10.4,0.57,10.0,0.53,10.4,0.63,2.42,0.68,11.9,0.06,0.06,614.028967,1776196693000
1776196694.98,194.98,0.37,2.42,0.32,11.9,0.43,10.0,0.47,10.4,0.57,10.0,0.53,10.4,0.63,2.42,0.68,11.9,0.06,0.06,614.028659,1776196694000
1776196696.198,196.198,0.37,2.42,0.32,11.9,0.43,10.0,0.47,10.4,0.57,10.0,0.53,10.4,0.63,2.42,0.68,11.9,0.06,0.06,614.028756,1776196695000
1776196697.336,197.336,0.37,2.42,0.32,11.9,0.43,10.0,0.47,10.4,0.57,10.0,0.53,10.4,0.63,2.42,0.68,11.9,0.06,0.06,614.028405,1776196696000
1776196698.362,198.362,0.32,3.38,0.31,50.0,0.43,20.6,0.44,10.6,0.57,20.6,0.56,10.6,0.68,3.38,0.69,50.0,0.11,0.11,614.029784,1776196697000
1776196698.966,198.966,0.32,3.38,0.31,50.0,0.43,20.6,0.44,10.6,0.57,20.6,0.56,10.6,0.68,3.38,0.69,50.0,0.11,0.11,614.029784,1776196698000
1776196700.144,200.144,0.32,3.38,0.31,50.0,0.43,20.6,0.44,10.6,0.57,20.6,0.56,10.6,0.68,3.38,0.69,50.0,0.11,0.11,614.030513,1776196699000
1776196701.264,201.264,0.32,3.38,0.31,50.0,0.43,20.6,0.44,10.6,0.57,20.6,0.56,10.6,0.68,3.38,0.69,50.0,0.11,0.11,614.035532,1776196700000
1776196702.419,202.419,0.32,3.38,0.31,50.0,0.43,20.6,0.44,10.6,0.57,20.6,0.56,10.6,0.68,3.38,0.69,50.0,0.11,0.11,614.035709,1776196701000
1776196702.954,202.954,0.32,3.38,0.31,50.0,0.43,20.6,0.44,10.6,0.57,20.6,0.56,10.6,0.68,3.38,0.69,50.0,0.11,0.11,614.041323,1776196702000
1776196703.981,203.981,0.32,3.38,0.31,50.0,0.43,20.6,0.44,10.6,0.57,20.6,0.56,10.6,0.68,3.38,0.69,50.0,0.11,0.11,614.040963,1776196703000
1776196705.633,205.633,0.32,3.38,0.31,50.0,0.43,20.6,0.44,10.6,0.57,20.6,0.56,10.6,0.68,3.38,0.69,50.0,0.11,0.11,614.05657,1776196704000
1776196706.193,206.193,0.32,3.38,0.31,50.0,0.43,20.6,0.44,10.6,0.57,20.6,0.56,10.6,0.68,3.38,0.69,50.0,0.11,0.11,614.057084,1776196705000
1776196707.563,207.563,0.32,3.38,0.31,50.0,0.43,20.6,0.44,10.6,0.57,20.6,0.56,10.6,0.68,3.38,0.69,50.0,0.11,0.11,614.057084,1776196706000
1776196708.169,208.169,0.32,3.38,0.31,50.0,0.43,20.6,0.44,10.6,0.57,20.6,0.56,10.6,0.68,3.38,0.69,50.0,0.11,0.11,614.056974,1776196707000
1776196709.516,209.516,0.32,3.38,0.31,50.0,0.43,20.6,0.44,10.6,0.57,20.6,0.56,10.6,0.68,3.38,0.69,50.0,0.11,0.11,614.060537,1776196708000
1776196710.124,210.124,0.32,3.38,0.31,50.0,0.43,20.6,0.44,10.6,0.57,20.6,0.56,10.6,0.68,3.38,0.69,50.0,0.11,0.11,614.060641,1776196709000
1776196711.286,211.286,0.32,3.38,0.31,50.0,0.43,20.6,0.44,10.6,0.57,20.6,0.56,10.6,0.68,3.38,0.69,50.0,0.11,0.11,614.060143,1776196710000
1776196712.483,212.483,0.32,3.38,0.31,50.0,0.43,20.6,0.44,10.6,0.57,20.6,0.56,10.6,0.68,3.38,0.69,50.0,0.11,0.11,614.06014,1776196711000
1776196713.1,213.1,0.32,3.38,0.31,50.0,0.43,20.6,0.44,10.6,0.57,20.6,0.56,10.6,0.68,3.38,0.69,50.0,0.11,0.11,614.060117,1776196712000
1776196714.296,214.296,0.32,3.38,0.31,50.0,0.43,20.6,0.44,10.6,0.57,20.6,0.56,10.6,0.68,3.38,0.69,50.0,0.11,0.11,614.059674,1776196713000
1776196714.528,214.528,0.38,0.25,0.37,6.76,0.44,10.0,0.45,10.5,0.56,10.0,0.55,10.5,0.62,0.25,0.63,6.76,0.06,0.06,614.059674,1776196713000
1776196715.854,215.854,0.38,0.25,0.37,6.76,0.44,10.0,0.45,10.5,0.56,10.0,0.55,10.5,0.62,0.25,0.63,6.76,0.06,0.06,614.06023,1776196714000
1776196716.51,216.51,0.38,0.25,0.37,6.76,0.44,10.0,0.45,10.5,0.56,10.0,0.55,10.5,0.62,0.25,0.63,6.76,0.06,0.06,614.060704,1776196715000
1776196716.878,216.878,0.38,0.25,0.37,6.76,0.44,4.0,0.45,10.5,0.56,10.0,0.55,10.5,0.62,0.25,0.63,6.76,0.06,0.06,614.060704,1776196715000
1776196717.164,217.164,0.38,0.25,0.37,6.76,0.44,4.0,0.45,10.5,0.56,4.0,0.55,10.5,0.62,0.25,0.63,6.76,0.06,0.06,614.060704,1776196716000
1776196718.329,218.329,0.38,0.25,0.37,6.76,0.44,4.0,0.45,10.5,0.56,4.0,0.55,10.5,0.62,0.25,0.63,6.76,0.06,0.06,614.059625,1776196717000
1776196719.596,219.596,0.38,0.25,0.37,6.76,0.44,4.0,0.45,10.5,0.56,4.0,0.55,10.5,0.62,0.25,0.63,6.76,0.06,0.06,614.06455,1776196718000
1776196720.12,220.12,0.38,0.25,0.37,6.76,0.44,4.0,0.45,10.5,0.56,4.0,0.55,10.5,0.62,0.25,0.63,6.76,0.06,0.06,614.064889,1776196719000
1776196722.466,222.466,0.38,0.25,0.37,6.76,0.44,4.0,0.45,10.5,0.56,4.0,0.55,10.5,0.62,0.25,0.63,6.76,0.06,0.06,614.07281,1776196721000
1776196723.475,223.475,0.38,0.25,0.37,6.76,0.44,4.0,0.45,10.5,0.56,4.0,0.55,10.5,0.62,0.25,0.63,6.76,0.06,0.06,614.07046,1776196722000
1776196724.449,224.449,0.38,0.25,0.37,6.76,0.44,4.0,0.45,10.5,0.56,4.0,0.55,10.5,0.62,0.25,0.63,6.76,0.06,0.06,614.069489,1776196723000
1776196725.353,225.353,0.38,0.25,0.37,6.76,0.44,4.0,0.45,10.5,0.56,4.0,0.55,10.5,0.62,0.25,0.63,6.76,0.06,0.06,614.069499,1776196724000
1776196727.148,227.148,0.38,0.25,0.37,6.76,0.44,4.0,0.45,10.5,0.56,4.0,0.55,10.5,0.62,0.25,0.63,6.76,0.06,0.06,614.065447,1776196725000
1776196728.129,228.129,0.38,0.25,0.37,6.76,0.44,4.0,0.45,10.5,0.56,4.0,0.55,10.5,0.62,0.25,0.63,6.76,0.06,0.06,614.065447,1776196726000
1776196729.15,229.15,0.38,0.25,0.37,6.76,0.44,4.0,0.45,10.5,0.56,4.0,0.55,10.5,0.62,0.25,0.63,6.76,0.06,0.06,614.060516,1776196727000
1776196729.939,229.939,0.38,0.25,0.37,6.76,0.44,4.0,0.45,10.5,0.56,4.0,0.55,10.5,0.62,0.25,0.63,6.76,0.06,0.06,614.060516,1776196728000
1776196730.905,230.905,0.38,0.25,0.37,6.76,0.44,4.0,0.45,10.5,0.56,4.0,0.55,10.5,0.62,0.25,0.63,6.76,0.06,0.06,614.060597,1776196729000
1776196731.737,231.737,0.42,10.0,0.41,50.0,0.48,5.0,0.54,10.5,0.56,4.0,0.55,10.5,0.62,0.25,0.63,6.76,0.06,0.06,614.060597,1776196729000
1776196731.996,231.996,0.42,10.0,0.41,50.0,0.48,5.0,0.54,10.5,0.52,5.0,0.46,10.5,0.58,10.0,0.59,50.0,0.06,0.06,614.061143,1776196730000
1776196733.043,233.043,0.42,10.0,0.41,50.0,0.48,5.0,0.54,10.5,0.52,5.0,0.46,10.5,0.58,10.0,0.59,50.0,0.06,0.06,614.061143,1776196731000
1776196733.939,233.939,0.42,10.0,0.41,50.0,0.48,5.0,0.54,10.5,0.52,5.0,0.46,10.5,0.58,10.0,0.59,50.0,0.06,0.06,614.077098,1776196732000
1776196734.962,234.962,0.42,10.0,0.41,50.0,0.48,5.0,0.54,10.5,0.52,5.0,0.46,10.5,0.58,10.0,0.59,50.0,0.06,0.06,614.084668,1776196733000
1776196735.78,235.78,0.42,10.0,0.41,50.0,0.48,5.0,0.54,10.5,0.52,5.0,0.46,10.5,0.58,10.0,0.59,50.0,0.06,0.06,614.084892,1776196734000
1776196736.54,236.54,0.42,10.0,0.41,50.0,0.48,5.0,0.54,10.5,0.52,5.0,0.46,10.5,0.58,10.0,0.59,50.0,0.06,0.06,614.084895,1776196735000
1776196737.369,237.369,0.42,10.0,0.41,50.0,0.48,5.0,0.54,10.5,0.52,5.0,0.46,10.5,0.58,10.0,0.59,50.0,0.06,0.06,614.086302,1776196736000
1776196738.056,238.056,0.42,10.0,0.41,50.0,0.48,5.0,0.54,10.5,0.52,5.0,0.46,10.5,0.58,10.0,0.59,50.0,0.06,0.06,614.089488,1776196737000
1776196739.605,239.605,0.42,10.0,0.41,50.0,0.48,5.0,0.54,10.5,0.52,5.0,0.46,10.5,0.58,10.0,0.59,50.0,0.06,0.06,614.086527,1776196738000
1776196739.917,239.917,0.51,40.0,0.42,39.0,0.55,5.56,0.71,12.6,0.52,5.0,0.46,10.5,0.58,10.0,0.59,50.0,0.04,0.06,614.086527,1776196738000
1776196740.273,240.273,0.51,40.0,0.42,39.0,0.55,5.56,0.71,12.6,0.45,5.56,0.29,12.6,0.49,40.0,0.58,39.0,0.04,0.04,614.087045,1776196739000
1776196741.029,241.029,0.61,49.44,0.51,50.0,0.71,12.6,0.72,17.9,0.45,0.56,0.29,12.6,0.49,40.0,0.58,29.0,0.1,0.04,614.087045,1776196739000
1776196742.833,242.833,0.61,49.44,0.51,50.0,0.71,12.6,0.72,17.9,0.29,12.6,0.28,17.9,0.39,49.44,0.49,50.0,0.1,0.1,614.180547,1776196741000
1776196743.505,243.505,0.61,49.44,0.51,50.0,0.71,12.6,0.72,17.9,0.29,12.6,0.28,17.9,0.39,49.44,0.49,50.0,0.1,0.1,614.190135,1776196742000
1776196744.882,244.882,0.61,49.44,0.51,50.0,0.71,12.6,0.72,17.9,0.29,12.6,0.28,17.9,0.39,49.44,0.49,50.0,0.1,0.1,614.19442,1776196743000
1776196745.512,245.512,0.61,49.44,0.51,50.0,0.71,12.6,0.72,17.9,0.29,12.6,0.28,17.9,0.39,49.44,0.49,50.0,0.1,0.1,614.204343,1776196744000
1776196746.355,246.355,0.61,49.44,0.51,50.0,0.71,12.6,0.72,17.9,0.29,12.6,0.28,17.9,0.39,49.44,0.49,50.0,0.1,0.1,614.204343,1776196745000
1776196747.541,247.541,0.61,49.44,0.51,50.0,0.71,12.6,0.72,17.9,0.29,12.6,0.28,17.9,0.39,49.44,0.49,50.0,0.1,0.1,614.197225,1776196746000
1776196748.137,248.137,0.61,49.44,0.51,50.0,0.71,12.6,0.72,17.9,0.29,12.6,0.28,17.9,0.39,49.44,0.49,50.0,0.1,0.1,614.212366,1776196747000
1776196749.341,249.341,0.61,49.44,0.51,50.0,0.71,12.6,0.72,17.9,0.29,12.6,0.28,17.9,0.39,49.44,0.49,50.0,0.1,0.1,614.26703,1776196748000
1776196749.961,249.961,0.61,49.44,0.51,50.0,0.71,12.6,0.72,17.9,0.29,12.6,0.28,17.9,0.39,49.44,0.49,50.0,0.1,0.1,614.270862,1776196749000
1776196751.252,251.252,0.61,49.44,0.51,50.0,0.71,12.6,0.72,17.9,0.29,12.6,0.28,17.9,0.39,49.44,0.49,50.0,0.1,0.1,614.279,1776196750000
1776196752.519,252.519,0.61,49.44,0.51,50.0,0.71,12.6,0.72,17.9,0.29,12.6,0.28,17.9,0.39,49.44,0.49,50.0,0.1,0.1,614.276,1776196751000
1776196753.159,253.159,0.61,49.44,0.51,50.0,0.71,12.6,0.72,17.9,0.29,12.6,0.28,17.9,0.39,49.44,0.49,50.0,0.1,0.1,614.276,1776196752000
1776196754.273,254.273,0.61,49.44,0.51,50.0,0.71,12.6,0.72,17.9,0.29,12.6,0.28,17.9,0.39,49.44,0.49,50.0,0.1,0.1,614.279,1776196753000
1776196755.505,255.505,0.61,49.44,0.51,50.0,0.71,12.6,0.72,17.9,0.29,12.6,0.28,17.9,0.39,49.44,0.49,50.0,0.1,0.1,614.291,1776196754000
1776196756.261,256.261,0.61,49.44,0.51,50.0,0.71,12.6,0.72,17.9,0.29,12.6,0.28,17.9,0.39,49.44,0.49,50.0,0.1,0.1,614.295748,1776196755000
1776196757.59,257.59,0.61,49.44,0.51,50.0,0.71,12.6,0.72,17.9,0.29,12.6,0.28,17.9,0.39,49.44,0.49,50.0,0.1,0.1,614.328295,1776196756000
1776196758.292,258.292,0.61,49.44,0.51,50.0,0.71,12.6,0.72,17.9,0.29,12.6,0.28,17.9,0.39,49.44,0.49,50.0,0.1,0.1,614.325286,1776196757000
1776196759.559,259.559,0.61,49.44,0.51,50.0,0.71,12.6,0.72,17.9,0.29,12.6,0.28,17.9,0.39,49.44,0.49,50.0,0.1,0.1,614.325216,1776196758000
1776196760.152,260.152,0.61,49.44,0.51,50.0,0.71,12.6,0.72,17.9,0.29,12.6,0.28,17.9,0.39,49.44,0.49,50.0,0.1,0.1,614.328827,1776196759000
1776196761.301,261.301,0.61,49.44,0.51,50.0,0.71,12.6,0.72,17.9,0.29,12.6,0.28,17.9,0.39,49.44,0.49,50.0,0.1,0.1,614.328829,1776196760000
1776196763.009,263.009,0.61,49.44,0.51,50.0,0.71,12.6,0.72,17.9,0.29,12.6,0.28,17.9,0.39,49.44,0.49,50.0,0.1,0.1,614.328547,1776196761000
1776196763.593,263.593,0.61,49.44,0.51,50.0,0.71,12.6,0.72,17.9,0.29,12.6,0.28,17.9,0.39,49.44,0.49,50.0,0.1,0.1,614.328547,1776196762000
1776196764.267,264.267,0.61,49.44,0.51,50.0,0.71,12.6,0.72,17.9,0.29,12.6,0.28,17.9,0.39,49.44,0.49,50.0,0.1,0.1,614.328547,1776196763000
1776196765.618,265.618,0.61,49.44,0.51,50.0,0.71,12.6,0.72,17.9,0.29,12.6,0.28,17.9,0.39,49.44,0.49,50.0,0.1,0.1,614.327983,1776196764000
1776196766.286,266.286,0.61,49.44,0.51,50.0,0.71,12.6,0.72,17.9,0.29,12.6,0.28,17.9,0.39,49.44,0.49,50.0,0.1,0.1,614.327983,1776196765000
1776196767.568,267.568,0.61,49.44,0.51,50.0,0.71,12.6,0.72,17.9,0.29,12.6,0.28,17.9,0.39,49.44,0.49,50.0,0.1,0.1,614.327747,1776196766000
1776196768.161,268.161,0.61,49.44,0.51,50.0,0.71,12.6,0.72,17.9,0.29,12.6,0.28,17.9,0.39,49.44,0.49,50.0,0.1,0.1,614.327747,1776196767000
1776196769.4,269.4,0.61,49.44,0.51,50.0,0.71,12.6,0.72,17.9,0.29,12.6,0.28,17.9,0.39,49.44,0.49,50.0,0.1,0.1,614.327099,1776196768000
1776196770.062,270.062,0.61,49.44,0.51,50.0,0.71,12.6,0.72,17.9,0.29,12.6,0.28,17.9,0.39,49.44,0.49,50.0,0.1,0.1,614.327099,1776196769000
1776196771.407,271.407,0.61,49.44,0.51,50.0,0.71,12.6,0.72,17.9,0.29,12.6,0.28,17.9,0.39,49.44,0.49,50.0,0.1,0.1,614.325236,1776196770000
1776196772.073,272.073,0.61,49.44,0.51,50.0,0.71,12.6,0.72,17.9,0.29,12.6,0.28,17.9,0.39,49.44,0.49,50.0,0.1,0.1,614.325236,1776196771000
1776196773.585,273.585,0.61,49.44,0.51,50.0,0.71,12.6,0.72,17.9,0.29,12.6,0.28,17.9,0.39,49.44,0.49,50.0,0.1,0.1,614.325289,1776196772000
1776196774.122,274.122,0.61,49.44,0.51,50.0,0.71,12.6,0.72,17.9,0.29,12.6,0.28,17.9,0.39,49.44,0.49,50.0,0.1,0.1,614.324615,1776196773000
1776196775.551,275.551,0.61,49.44,0.51,50.0,0.71,12.6,0.72,17.9,0.29,12.6,0.28,17.9,0.39,49.44,0.49,50.0,0.1,0.1,614.326252,1776196774000
1776196776.21,276.21,0.61,49.44,0.51,50.0,0.71,12.6,0.72,17.9,0.29,12.6,0.28,17.9,0.39,49.44,0.49,50.0,0.1,0.1,614.326422,1776196775000
1776196777.636,277.636,0.61,49.44,0.51,50.0,0.71,12.6,0.72,17.9,0.29,12.6,0.28,17.9,0.39,49.44,0.49,50.0,0.1,0.1,614.323227,1776196776000
1776196778.539,278.539,0.61,49.44,0.51,50.0,0.71,12.6,0.72,17.9,0.29,12.6,0.28,17.9,0.39,49.44,0.49,50.0,0.1,0.1,614.265169,1776196777000
1776196779.138,279.138,0.61,49.44,0.51,50.0,0.71,12.6,0.72,17.9,0.29,12.6,0.28,17.9,0.39,49.44,0.49,50.0,0.1,0.1,614.26646,1776196778000
1776196780.088,280.088,0.61,49.44,0.51,50.0,0.71,12.6,0.72,17.9,0.29,12.6,0.28,17.9,0.39,49.44,0.49,50.0,0.1,0.1,614.266047,1776196779000
1776196781.067,281.067,0.61,49.44,0.51,50.0,0.71,12.6,0.72,17.9,0.29,12.6,0.28,17.9,0.39,49.44,0.49,50.0,0.1,0.1,614.266023,1776196780000
1776196782.124,282.124,0.61,49.44,0.51,50.0,0.71,12.6,0.72,17.9,0.29,12.6,0.28,17.9,0.39,49.44,0.49,50.0,0.1,0.1,614.260147,1776196781000
1776196783.141,283.141,0.61,49.44,0.51,50.0,0.71,12.6,0.72,17.9,0.29,12.6,0.28,17.9,0.39,49.44,0.49,50.0,0.1,0.1,614.204748,1776196782000
1776196784.065,284.065,0.61,49.44,0.51,50.0,0.71,12.6,0.72,17.9,0.29,12.6,0.28,17.9,0.39,49.44,0.49,50.0,0.1,0.1,614.212,1776196783000
1776196785.132,285.132,0.61,49.44,0.51,50.0,0.71,12.6,0.72,17.9,0.29,12.6,0.28,17.9,0.39,49.44,0.49,50.0,0.1,0.1,614.203505,1776196784000
1776196786.146,286.146,0.61,49.44,0.51,50.0,0.71,12.6,0.72,17.9,0.29,12.6,0.28,17.9,0.39,49.44,0.49,50.0,0.1,0.1,614.204472,1776196785000
1776196787.06,287.06,0.85,11.76,0.81,50.0,0.98,843.96,0.99,6355.0,0.29,12.6,0.28,17.9,0.39,49.44,0.49,50.0,0.13,0.1,614.204472,1776196785000
1776196788.242,288.242,0.85,11.76,0.81,50.0,0.98,843.96,0.99,6355.0,0.02,843.96,0.01,6355.0,0.15,11.76,0.19,50.0,0.13,0.13,614.267,1776196787000
1776196789.261,289.261,0.85,11.76,0.81,50.0,0.98,843.96,0.99,6355.0,0.02,843.96,0.01,6355.0,0.15,11.76,0.19,50.0,0.13,0.13,614.247,1776196788000
1776196790.292,290.292,0.81,28.01,0.71,50.0,0.98,1.96,0.99,455.0,0.02,643.96,0.01,5455.0,0.19,43.65,0.29,50.0,0.17,0.17,614.247,1776196788000
1776196790.972,290.972,0.71,26.09,0.61,49.44,0.98,1.96,0.99,455.0,0.02,1.96,0.01,455.0,0.29,26.09,0.39,49.44,0.27,0.27,614.222,1776196790000
1776196791.523,291.523,0.71,50.0,0.7,10.0,0.99,353.94,,,0.02,1.96,0.01,455.0,0.29,26.09,0.39,49.44,0.28,0.27,614.222,1776196790000
1776196792.216,292.216,0.71,50.0,0.7,10.0,0.99,350.94,,,0.01,350.94,,,0.29,50.0,0.3,10.0,0.28,0.28,614.221,1776196791000
1776196793.745,293.745,0.71,50.0,0.69,10.0,0.99,345.94,,,0.01,345.94,,,0.29,50.0,0.31,10.0,0.28,0.28,614.260794,1776196792000
1776196794.399,294.399,0.71,50.0,0.69,10.0,0.99,345.94,,,0.01,345.94,,,0.29,50.0,0.31,10.0,0.28,0.28,614.260794,1776196793000
1776196795.132,295.132,0.71,50.0,0.63,10.0,0.99,260.94,,,0.01,260.94,,,0.29,50.0,0.37,10.0,0.28,0.28,614.260794,1776196794000
1776196795.8,295.8,0.71,50.0,0.61,49.44,0.99,132.94,,,0.01,157.94,,,0.29,50.0,0.39,49.44,0.28,0.28,614.260794,1776196794000
1776196796.384,296.384,0.71,50.0,0.61,49.44,0.99,132.94,,,0.01,132.94,,,0.29,50.0,0.39,49.44,0.28,0.28,614.260845,1776196795000
1776196796.704,296.704,0.61,58.34,0.51,40.0,0.9,5.0,0.91,28.02,0.1,13.89,0.09,28.02,0.39,65.96,0.49,40.0,0.29,0.29,614.260845,1776196795000
1776196797.061,297.061,0.61,58.34,0.51,40.0,0.9,5.0,0.91,28.02,0.1,5.0,0.09,28.02,0.39,58.34,0.49,40.0,0.29,0.29,614.260845,1776196796000
1776196797.264,297.264,0.61,8.34,0.51,40.0,0.81,48.77,0.9,10.0,0.1,5.0,0.09,28.02,0.39,58.34,0.49,40.0,0.2,0.29,614.260845,1776196796000
1776196797.467,297.467,0.61,58.34,0.51,40.0,0.91,40.06,0.99,107.94,0.09,43.33,0.01,107.94,0.39,58.34,0.49,40.0,0.3,0.3,614.260845,1776196796000
1776196798.277,298.277,0.61,7.5,0.51,40.0,0.81,45.0,0.91,38.71,0.09,38.71,0.01,107.94,0.39,7.5,0.49,40.0,0.2,0.3,614.260845,1776196796000
1776196798.498,298.498,0.61,2.5,0.51,40.0,0.81,45.0,0.91,38.71,0.19,45.0,0.09,38.71,0.39,7.5,0.49,40.0,0.2,0.2,614.237444,1776196797000
1776196798.72,298.72,0.61,2.5,0.51,40.0,0.81,42.42,0.91,38.71,0.19,43.65,0.09,38.71,0.39,2.5,0.49,40.0,0.2,0.2,614.237444,1776196797000
1776196798.975,298.975,0.77,5.0,0.6,6.0,0.81,12.72,0.91,38.71,0.19,17.72,0.09,38.71,0.49,35.92,0.59,50.0,0.04,0.3,614.237444,1776196797000
1776196799.237,299.237,0.5,111.38,0.43,5.0,0.99,117.94,,,0.19,12.72,0.09,38.71,0.23,5.0,0.4,6.0,0.49,0.04,614.236994,1776196798000
1776196799.546,299.546,0.5,41.44,0.43,5.0,0.99,77.53,,,0.01,117.94,,,0.5,41.44,0.57,5.0,0.49,0.49,614.236994,1776196798000
1776196800.109,300.109,0.5,41.44,0.43,5.0,0.99,23.53,,,0.01,77.53,,,0.5,41.44,0.57,5.0,0.49,0.49,614.236994,1776196798000
1776196800.434,300.434,0.99,286.47,0.77,5.0,,,,,0.01,23.53,,,0.5,41.44,0.57,5.0,,0.49,614.235923,1776196799000

# RESULT,winner=Up,slug=bnb-updown-5m-1776196500,ticks=314
