timestamp,elapsed_sec,up_bid_p1,up_bid_s1,up_bid_p2,up_bid_s2,up_ask_p1,up_ask_s1,up_ask_p2,up_ask_s2,down_bid_p1,down_bid_s1,down_bid_p2,down_bid_s2,down_ask_p1,down_ask_s1,down_ask_p2,down_ask_s2,up_spread,down_spread,bnb_price,bnb_oracle_ts
1776291605.63,5.63,0.5,5.0,0.49,10.0,0.53,5.0,0.54,5.0,0.41,37.0,0.4,33.0,0.51,5.0,0.59,37.0,0.03,0.1,624.65426,1776291604000
1776291638.211,38.211,0.67,5.0,0.66,5.0,0.7,5.0,0.71,5.0,0.47,5.0,0.46,5.0,0.5,5.0,0.51,10.0,0.03,0.03,624.813751,1776291637000
1776291640.028,40.028,0.67,5.0,0.66,5.0,0.69,5.0,0.7,5.0,0.3,5.0,0.29,5.0,0.33,5.0,0.34,5.0,0.02,0.03,624.881502,1776291639000
1776291649.699,49.699,0.73,5.0,0.72,5.0,0.74,3.43,0.75,5.0,0.31,5.0,0.3,5.0,0.33,5.0,0.34,5.0,0.01,0.02,624.898294,1776291648000
1776291679.811,79.811,0.81,5.0,0.8,5.0,0.82,6.11,0.83,10.0,0.26,3.43,0.25,5.0,0.27,5.0,0.28,5.0,0.01,0.01,625.037353,1776291678000
1776291683.153,83.153,0.81,5.0,0.8,5.0,0.85,1.72,0.86,26.6,0.18,6.11,0.17,10.0,0.19,5.0,0.2,5.0,0.04,0.01,625.05103,1776291682000
1776291706.158,106.158,0.78,5.0,0.77,5.0,0.79,4.7,0.8,16.2,0.15,1.72,0.14,26.6,0.19,5.0,0.2,5.0,0.01,0.04,625.004421,1776291698000
1776291721.427,121.427,0.82,5.0,0.81,5.0,0.85,11.66,0.86,5.0,0.21,4.7,0.2,16.2,0.22,5.0,0.23,5.0,0.03,0.01,625.019402,1776291720000
1776291764.341,164.341,0.82,5.0,0.81,5.0,0.85,4.64,0.86,5.0,0.15,11.66,0.14,5.0,0.18,5.0,0.19,5.0,0.03,0.03,625.022022,1776291763000
1776291780.856,180.856,0.71,5.0,0.7,5.0,0.73,2.0,0.74,5.0,0.15,4.64,0.14,5.0,0.18,5.0,0.19,5.0,0.02,0.03,624.882139,1776291779000
1776291783.083,183.083,0.56,5.0,0.55,5.0,0.59,5.0,0.6,5.0,0.27,2.0,0.26,5.0,0.29,5.0,0.3,5.0,0.03,0.02,624.802966,1776291782000
1776291784.43,184.43,0.69,5.0,0.68,5.0,0.71,48.18,0.72,17.9,0.41,5.0,0.4,5.0,0.44,5.0,0.45,5.0,0.02,0.03,624.83495,1776291783000
1776291794.29,194.29,0.67,5.0,0.66,5.0,0.68,6.9,0.69,12.2,0.29,48.18,0.28,17.9,0.31,5.0,0.32,5.0,0.01,0.02,624.760579,1776291793000
1776291796.211,196.211,0.66,5.0,0.65,5.0,0.69,17.2,0.7,17.4,0.32,6.9,0.31,12.2,0.33,5.0,0.34,5.0,0.03,0.01,624.758884,1776291795000
1776291803.059,203.059,0.73,5.0,0.72,5.0,0.75,5.0,0.81,50.0,0.31,17.2,0.3,17.4,0.34,5.0,0.35,5.0,0.02,0.03,624.76232,1776291802000
1776291818.47,218.47,0.84,5.0,0.83,5.0,0.86,3.83,0.87,28.0,0.25,5.0,0.19,50.0,0.27,5.0,0.28,5.0,0.02,0.02,624.8757,1776291817000
1776291840.706,240.706,0.84,0.68,0.83,5.0,0.86,5.0,0.87,28.0,0.14,3.83,0.13,28.0,0.16,5.0,0.17,5.0,0.02,0.02,624.88055,1776291838000
1776291842.358,242.358,0.79,63.0,0.72,5.0,0.8,2.5,0.81,5.0,0.14,5.0,0.13,28.0,0.16,0.68,0.17,5.0,0.01,0.02,624.86655,1776291841000
1776291844.662,244.662,0.5,8.85,0.49,5.0,0.61,50.0,0.71,55.0,0.2,2.5,0.19,5.0,0.21,63.0,0.3,12.4,0.11,0.01,624.86499,1776291843000
1776291845.158,245.158,0.5,7.51,0.49,5.0,0.51,50.19,0.6,5.0,0.39,50.0,0.29,200.0,0.5,7.51,0.51,5.0,0.01,0.11,624.841513,1776291844000
1776291845.583,245.583,0.5,2.41,0.49,5.0,0.51,50.19,0.58,5.0,0.49,50.19,0.4,5.0,0.5,7.51,0.51,5.0,0.01,0.01,624.841513,1776291844000
1776291845.971,245.971,0.49,5.0,0.29,17.6,0.51,40.38,0.58,5.0,0.49,50.19,0.42,5.0,0.51,5.0,0.71,17.6,0.02,0.02,624.841513,1776291844000
1776291848.181,248.181,0.44,5.0,0.43,5.0,0.46,5.0,0.47,5.0,0.49,40.38,0.42,5.0,0.71,17.6,0.72,17.9,0.02,0.22,624.65731,1776291847000
1776291854.998,254.998,0.43,3.24,0.42,5.0,0.48,5.0,0.49,5.0,0.53,4.68,0.52,5.0,0.55,5.0,0.56,5.0,0.05,0.02,624.65174,1776291853000
1776291860.579,260.579,0.5,5.0,0.49,5.0,0.61,50.0,0.64,5.0,0.52,5.0,0.51,5.0,0.57,3.24,0.58,5.0,0.11,0.05,624.653485,1776291859000
1776291868.473,268.473,0.6,5.0,0.59,5.0,0.61,45.0,0.66,11.6,0.39,50.0,0.36,5.0,0.5,5.0,0.51,5.0,0.01,0.11,624.654675,1776291867000
1776291872.102,272.102,0.69,5.0,0.68,5.0,0.7,9.92,0.71,62.6,0.39,45.0,0.34,11.6,0.4,5.0,0.41,5.0,0.01,0.01,624.655703,1776291870000
1776291872.863,272.863,0.7,5.0,0.69,5.0,0.71,60.48,0.72,12.9,0.3,9.92,0.29,62.6,0.31,5.0,0.32,5.0,0.01,0.01,624.657318,1776291871000
1776291877.378,277.378,0.46,5.0,0.45,5.0,0.51,2.96,0.52,5.0,0.29,60.48,0.28,12.9,0.3,5.0,0.31,5.0,0.05,0.01,624.659245,1776291876000
1776291877.869,277.869,0.44,5.0,0.43,3.24,0.48,5.0,0.49,5.0,0.49,2.96,0.48,5.0,0.54,0.53,0.55,5.0,0.04,0.05,624.659245,1776291876000
1776291878.481,278.481,0.53,5.0,0.52,5.0,0.56,5.0,0.57,5.0,0.52,5.0,0.51,5.0,0.56,5.0,0.57,3.24,0.03,0.04,624.63312,1776291877000
1776291880.628,280.628,0.61,55.0,0.6,5.0,0.91,55.0,0.92,5.0,0.44,5.0,0.43,5.0,0.47,5.0,0.48,5.0,0.3,0.03,624.63458,1776291879000
1776291880.834,280.834,0.87,5.0,0.86,5.0,0.91,51.73,0.92,5.0,0.09,55.0,0.08,5.0,0.39,55.0,0.4,5.0,0.04,0.3,624.63458,1776291879000
1776291881.075,281.075,0.9,5.0,0.89,5.0,0.93,5.0,0.94,5.0,0.09,45.19,0.08,5.0,0.13,5.0,0.14,5.0,0.03,0.04,624.652903,1776291880000
1776291881.404,281.404,0.9,5.0,0.89,5.0,0.91,2.05,0.92,5.0,0.07,5.0,0.06,5.0,0.1,5.0,0.11,5.0,0.01,0.03,624.652903,1776291880000
1776291881.916,281.916,0.93,5.75,0.91,5.0,0.94,5.0,0.95,205.0,0.08,0.56,0.07,5.0,0.11,5.0,0.12,5.0,0.01,0.03,624.652903,1776291880000
1776291884.338,284.338,0.93,4.6,0.89,5.0,0.94,5.0,0.95,105.0,0.06,5.0,0.05,205.0,0.07,5.75,0.09,5.0,0.01,0.01,624.743037,1776291883000
1776291885.633,285.633,0.95,5.0,0.94,5.0,0.96,3.43,0.98,2560.0,0.06,5.0,0.05,105.0,0.07,4.6,0.11,5.0,0.01,0.01,624.79322,1776291884000
1776291887.181,287.181,0.95,5.0,0.94,5.0,0.96,1.34,0.98,60.0,0.04,3.43,0.02,2560.0,0.05,5.0,0.06,5.0,0.01,0.01,624.796375,1776291885000
1776291892.643,292.643,0.95,10.0,0.94,5.0,0.98,10.0,0.99,240.0,0.04,1.34,0.02,60.0,0.05,5.0,0.06,5.0,0.03,0.01,624.864225,1776291890000
1776291893.172,293.172,0.97,5.0,0.96,5.0,0.98,8.97,0.99,240.0,0.02,10.0,0.01,240.0,0.05,10.0,0.06,5.0,0.01,0.03,624.864184,1776291891000
1776291893.896,293.896,0.98,5.0,0.97,10.0,0.99,226.64,,,0.01,228.67,,,0.03,10.0,0.04,5.0,0.01,0.02,624.861839,1776291892000
1776291894.384,294.384,0.98,10.0,0.97,10.0,0.99,181.64,,,0.01,226.64,,,0.02,5.0,0.03,10.0,0.01,0.01,624.861839,1776291892000
1776291896.278,296.278,0.98,10.0,0.97,10.0,0.99,177.5,,,0.01,181.64,,,0.02,10.0,0.03,10.0,0.01,0.01,624.83142,1776291895000
1776291896.49,296.49,0.98,10.0,0.97,10.0,0.99,176.39,,,0.01,177.5,,,0.02,10.0,0.03,10.0,0.01,0.01,624.83142,1776291895000
1776291896.753,296.753,0.98,10.0,0.97,10.0,0.99,171.13,,,0.01,176.39,,,0.02,10.0,0.03,10.0,0.01,0.01,624.83142,1776291895000
1776291897.316,297.316,0.98,10.0,0.97,10.0,0.99,155.97,,,0.01,171.13,,,0.02,10.0,0.03,10.0,0.01,0.01,624.83142,1776291895000
1776291899.263,299.263,0.96,2.0,0.95,10.0,,,,,,,,,0.02,10.0,0.03,10.0,,,624.81354,1776291897000
1776291899.488,299.488,0.82,3.89,0.81,5.0,,,,,,,,,0.14,2.86,0.15,5.0,,,624.817783,1776291898000
1776291900.853,300.853,0.77,5.0,0.65,30.0,,,,,,,,,0.18,3.89,0.19,5.0,,,624.813897,1776291899000

# RESULT,winner=Up,slug=bnb-updown-5m-1776291600,ticks=50
