timestamp,elapsed_sec,up_bid_p1,up_bid_s1,up_bid_p2,up_bid_s2,up_ask_p1,up_ask_s1,up_ask_p2,up_ask_s2,down_bid_p1,down_bid_s1,down_bid_p2,down_bid_s2,down_ask_p1,down_ask_s1,down_ask_p2,down_ask_s2,up_spread,down_spread,bnb_price,bnb_oracle_ts
1776234901.224,1.224,,,,,,,,,,,,,,,,,,,614.480126,1776234900000
1776234901.435,1.435,0.33,300.0,0.31,375.0,0.5,3.0,0.67,300.0,0.5,3.0,0.33,300.0,0.67,300.0,0.69,375.0,0.17,0.17,614.480126,1776234900000
1776234901.777,1.777,0.42,6.0,0.33,300.0,0.5,3.0,0.67,300.0,0.5,3.0,0.33,300.0,0.67,300.0,0.69,375.0,0.08,0.17,614.480126,1776234900000
1776234902.428,2.428,0.42,6.0,0.33,300.0,0.5,3.0,0.67,300.0,0.5,3.0,0.33,300.0,0.58,6.0,0.67,300.0,0.08,0.08,614.449052,1776234901000
1776234903.451,3.451,0.42,6.0,0.33,300.0,0.5,3.0,0.67,300.0,0.5,3.0,0.33,300.0,0.58,6.0,0.67,300.0,0.08,0.08,614.448494,1776234902000
1776234903.986,3.986,0.42,6.0,0.33,300.0,0.5,3.0,0.67,300.0,0.5,3.0,0.33,300.0,0.58,6.0,0.67,300.0,0.08,0.08,614.455,1776234903000
1776234904.77,4.77,0.36,3.08,0.35,5.0,0.5,3.0,0.6,5.0,0.5,3.0,0.33,300.0,0.58,6.0,0.67,300.0,0.14,0.08,614.455,1776234903000
1776234905.235,5.235,0.36,3.08,0.35,5.0,0.5,3.0,0.6,5.0,0.5,3.0,0.4,5.0,0.64,3.08,0.65,5.0,0.14,0.14,614.471,1776234904000
1776234906.461,6.461,0.36,3.08,0.35,5.0,0.5,3.0,0.6,5.0,0.5,3.0,0.4,5.0,0.64,3.08,0.65,5.0,0.14,0.14,614.466,1776234905000
1776234907.007,7.007,0.36,3.08,0.35,5.0,0.5,3.0,0.6,5.0,0.5,3.0,0.4,5.0,0.64,3.08,0.65,5.0,0.14,0.14,614.466,1776234906000
1776234908.238,8.238,0.36,3.08,0.35,5.0,0.5,3.0,0.6,5.0,0.5,3.0,0.4,5.0,0.64,3.08,0.65,5.0,0.14,0.14,614.505275,1776234907000
1776234909.427,9.427,0.36,3.08,0.35,5.0,0.5,3.0,0.6,5.0,0.5,3.0,0.4,5.0,0.64,3.08,0.65,5.0,0.14,0.14,614.524075,1776234908000
1776234910.534,10.534,0.45,4.18,0.44,5.0,0.5,3.0,0.53,5.0,0.5,3.0,0.47,5.0,0.55,4.18,0.56,5.0,0.05,0.05,614.5317,1776234909000
1776234911.18,11.18,0.45,4.18,0.44,5.0,0.5,3.0,0.53,5.0,0.5,3.0,0.47,5.0,0.55,4.18,0.56,5.0,0.05,0.05,614.525,1776234910000
1776234913.197,13.197,0.45,4.18,0.44,5.0,0.5,3.0,0.53,5.0,0.5,3.0,0.47,5.0,0.55,4.18,0.56,5.0,0.05,0.05,614.5209,1776234912000
1776234914.727,14.727,0.45,4.18,0.44,5.0,0.5,3.0,0.53,5.0,0.5,3.0,0.47,5.0,0.55,4.18,0.56,5.0,0.05,0.05,614.522047,1776234913000
1776234915.515,15.515,0.45,4.18,0.44,5.0,0.5,3.0,0.53,5.0,0.5,3.0,0.47,5.0,0.55,4.18,0.56,5.0,0.05,0.05,614.487538,1776234914000
1776234916.339,16.339,0.45,4.18,0.44,5.0,0.5,3.0,0.53,5.0,0.5,3.0,0.47,5.0,0.55,4.18,0.56,5.0,0.05,0.05,614.46873,1776234915000
1776234917.043,17.043,0.45,4.18,0.44,5.0,0.5,3.0,0.53,5.0,0.5,3.0,0.47,5.0,0.55,4.18,0.56,5.0,0.05,0.05,614.47066,1776234916000
1776234918.608,18.608,0.45,4.18,0.44,5.0,0.5,3.0,0.53,5.0,0.5,3.0,0.47,5.0,0.55,4.18,0.56,5.0,0.05,0.05,614.482115,1776234917000
1776234919.226,19.226,0.45,4.18,0.44,5.0,0.5,3.0,0.53,5.0,0.5,3.0,0.47,5.0,0.55,4.18,0.56,5.0,0.05,0.05,614.533873,1776234918000
1776234920.746,20.746,0.45,4.18,0.44,5.0,0.5,3.0,0.53,5.0,0.5,3.0,0.47,5.0,0.55,4.18,0.56,5.0,0.05,0.05,614.569,1776234919000
1776234921.508,21.508,0.45,4.18,0.44,5.0,0.5,3.0,0.53,5.0,0.5,3.0,0.47,5.0,0.55,4.18,0.56,5.0,0.05,0.05,614.570889,1776234920000
1776234922.247,22.247,0.45,4.18,0.44,5.0,0.5,3.0,0.53,5.0,0.5,3.0,0.47,5.0,0.55,4.18,0.56,5.0,0.05,0.05,614.5733,1776234921000
1776234922.631,22.631,0.55,2.6,0.53,5.0,0.64,5.0,0.65,5.0,0.5,3.0,0.47,5.0,0.55,4.18,0.56,5.0,0.09,0.05,614.5733,1776234921000
1776234923.859,23.859,0.55,2.6,0.53,5.0,0.64,5.0,0.65,5.0,0.36,5.0,0.35,5.0,0.45,2.6,0.47,5.0,0.09,0.09,614.571233,1776234922000
1776234924.535,24.535,0.55,2.6,0.53,5.0,0.64,5.0,0.65,5.0,0.36,5.0,0.35,5.0,0.45,2.6,0.47,5.0,0.09,0.09,614.576165,1776234923000
1776234925.413,25.413,0.55,2.6,0.53,5.0,0.64,5.0,0.65,5.0,0.36,5.0,0.35,5.0,0.45,2.6,0.47,5.0,0.09,0.09,614.577719,1776234924000
1776234926.055,26.055,0.55,2.6,0.53,5.0,0.64,5.0,0.65,5.0,0.36,5.0,0.35,5.0,0.45,2.6,0.47,5.0,0.09,0.09,614.577671,1776234925000
1776234927.467,27.467,0.55,2.6,0.53,5.0,0.64,5.0,0.65,5.0,0.36,5.0,0.35,5.0,0.45,2.6,0.47,5.0,0.09,0.09,614.577785,1776234926000
1776234928.183,28.183,0.55,2.6,0.53,5.0,0.64,5.0,0.65,5.0,0.36,5.0,0.35,5.0,0.45,2.6,0.47,5.0,0.09,0.09,614.56853,1776234927000
1776234929.607,29.607,0.55,2.6,0.53,5.0,0.64,5.0,0.65,5.0,0.36,5.0,0.35,5.0,0.45,2.6,0.47,5.0,0.09,0.09,614.572966,1776234928000
1776234930.348,30.348,0.55,2.6,0.53,5.0,0.64,5.0,0.65,5.0,0.36,5.0,0.35,5.0,0.45,2.6,0.47,5.0,0.09,0.09,614.574473,1776234929000
1776234931.037,31.037,0.55,2.6,0.53,5.0,0.64,5.0,0.65,5.0,0.36,5.0,0.35,5.0,0.45,2.6,0.47,5.0,0.09,0.09,614.58956,1776234930000
1776234932.35,32.35,0.55,2.6,0.53,5.0,0.64,5.0,0.65,5.0,0.36,5.0,0.35,5.0,0.45,2.6,0.47,5.0,0.09,0.09,614.581322,1776234931000
1776234933.022,33.022,0.55,2.6,0.53,5.0,0.64,5.0,0.65,5.0,0.36,5.0,0.35,5.0,0.45,2.6,0.47,5.0,0.09,0.09,614.579092,1776234932000
1776234934.149,34.149,0.55,2.6,0.53,5.0,0.64,5.0,0.65,5.0,0.36,5.0,0.35,5.0,0.45,2.6,0.47,5.0,0.09,0.09,614.5869,1776234933000
1776234935.191,35.191,0.55,2.6,0.53,5.0,0.64,5.0,0.65,5.0,0.36,5.0,0.35,5.0,0.45,2.6,0.47,5.0,0.09,0.09,614.580438,1776234934000
1776234936.374,36.374,0.55,2.6,0.53,5.0,0.64,5.0,0.65,5.0,0.36,5.0,0.35,5.0,0.45,2.6,0.47,5.0,0.09,0.09,614.583182,1776234935000
1776234937.432,37.432,0.55,2.6,0.53,5.0,0.64,5.0,0.65,5.0,0.36,5.0,0.35,5.0,0.45,2.6,0.47,5.0,0.09,0.09,614.590946,1776234936000
1776234937.989,37.989,0.55,2.6,0.53,5.0,0.64,5.0,0.65,5.0,0.36,5.0,0.35,5.0,0.45,2.6,0.47,5.0,0.09,0.09,614.5832,1776234937000
1776234939.038,39.038,0.55,2.6,0.53,5.0,0.64,5.0,0.65,5.0,0.36,5.0,0.35,5.0,0.45,2.6,0.47,5.0,0.09,0.09,614.59151,1776234938000
1776234940.083,40.083,0.55,2.6,0.53,5.0,0.64,5.0,0.65,5.0,0.36,5.0,0.35,5.0,0.45,2.6,0.47,5.0,0.09,0.09,614.6017,1776234939000
1776234941.211,41.211,0.55,2.6,0.53,5.0,0.64,5.0,0.65,5.0,0.36,5.0,0.35,5.0,0.45,2.6,0.47,5.0,0.09,0.09,614.60328,1776234940000
1776234942.354,42.354,0.55,2.6,0.53,5.0,0.64,5.0,0.65,5.0,0.36,5.0,0.35,5.0,0.45,2.6,0.47,5.0,0.09,0.09,614.60198,1776234941000
1776234943.523,43.523,0.55,2.6,0.53,5.0,0.64,5.0,0.65,5.0,0.36,5.0,0.35,5.0,0.45,2.6,0.47,5.0,0.09,0.09,614.60192,1776234942000
1776234944.477,44.477,0.55,2.6,0.53,5.0,0.64,5.0,0.65,5.0,0.36,5.0,0.35,5.0,0.45,2.6,0.47,5.0,0.09,0.09,614.60076,1776234943000
1776234945.042,45.042,0.55,2.6,0.53,5.0,0.64,5.0,0.65,5.0,0.36,5.0,0.35,5.0,0.45,2.6,0.47,5.0,0.09,0.09,614.60076,1776234944000
1776234946.107,46.107,0.55,2.6,0.53,5.0,0.64,5.0,0.65,5.0,0.36,5.0,0.35,5.0,0.45,2.6,0.47,5.0,0.09,0.09,614.65328,1776234945000
1776234947.051,47.051,0.55,2.6,0.53,5.0,0.64,5.0,0.65,5.0,0.36,5.0,0.35,5.0,0.45,2.6,0.47,5.0,0.09,0.09,614.65325,1776234946000
1776234947.98,47.98,0.55,2.6,0.53,5.0,0.64,5.0,0.65,5.0,0.36,5.0,0.35,5.0,0.45,2.6,0.47,5.0,0.09,0.09,614.615786,1776234947000
1776234948.976,48.976,0.55,2.6,0.53,5.0,0.64,5.0,0.65,5.0,0.36,5.0,0.35,5.0,0.45,2.6,0.47,5.0,0.09,0.09,614.618733,1776234948000
1776234949.964,49.964,0.55,2.6,0.53,5.0,0.64,5.0,0.65,5.0,0.36,5.0,0.35,5.0,0.45,2.6,0.47,5.0,0.09,0.09,614.64069,1776234949000
1776234950.942,50.942,0.55,2.6,0.53,5.0,0.64,5.0,0.65,5.0,0.36,5.0,0.35,5.0,0.45,2.6,0.47,5.0,0.09,0.09,614.64359,1776234950000
1776234952.026,52.026,0.55,2.6,0.53,5.0,0.64,5.0,0.65,5.0,0.36,5.0,0.35,5.0,0.45,2.6,0.47,5.0,0.09,0.09,614.64452,1776234951000
1776234952.964,52.964,0.55,2.6,0.53,5.0,0.64,5.0,0.65,5.0,0.36,5.0,0.35,5.0,0.45,2.6,0.47,5.0,0.09,0.09,614.63749,1776234952000
1776234953.959,53.959,0.55,2.6,0.53,5.0,0.64,5.0,0.65,5.0,0.36,5.0,0.35,5.0,0.45,2.6,0.47,5.0,0.09,0.09,614.6353,1776234953000
1776234954.907,54.907,0.55,2.6,0.53,5.0,0.64,5.0,0.65,5.0,0.36,5.0,0.35,5.0,0.45,2.6,0.47,5.0,0.09,0.09,614.63464,1776234954000
1776234955.951,55.951,0.55,2.6,0.53,5.0,0.64,5.0,0.65,5.0,0.36,5.0,0.35,5.0,0.45,2.6,0.47,5.0,0.09,0.09,614.62995,1776234955000
1776234957.977,57.977,0.55,2.6,0.53,5.0,0.64,5.0,0.65,5.0,0.36,5.0,0.35,5.0,0.45,2.6,0.47,5.0,0.09,0.09,614.62915,1776234956000
1776234958.67,58.67,0.55,2.6,0.53,5.0,0.64,5.0,0.65,5.0,0.36,5.0,0.35,5.0,0.45,2.6,0.47,5.0,0.09,0.09,614.62885,1776234957000
1776234959.379,59.379,0.55,2.6,0.53,5.0,0.64,5.0,0.65,5.0,0.36,5.0,0.35,5.0,0.45,2.6,0.47,5.0,0.09,0.09,614.6426,1776234958000
1776234960.046,60.046,0.55,2.6,0.53,5.0,0.64,5.0,0.65,5.0,0.36,5.0,0.35,5.0,0.45,2.6,0.47,5.0,0.09,0.09,614.644965,1776234959000
1776234961.531,61.531,0.55,2.6,0.53,5.0,0.64,5.0,0.65,5.0,0.36,5.0,0.35,5.0,0.45,2.6,0.47,5.0,0.09,0.09,614.644969,1776234960000
1776234962.086,62.086,0.55,2.6,0.53,5.0,0.64,5.0,0.65,5.0,0.36,5.0,0.35,5.0,0.45,2.6,0.47,5.0,0.09,0.09,614.66471,1776234961000
1776234963.442,63.442,0.55,2.6,0.53,5.0,0.64,5.0,0.65,5.0,0.36,5.0,0.35,5.0,0.45,2.6,0.47,5.0,0.09,0.09,614.650794,1776234962000
1776234963.989,63.989,0.55,2.6,0.53,5.0,0.64,5.0,0.65,5.0,0.36,5.0,0.35,5.0,0.45,2.6,0.47,5.0,0.09,0.09,614.6556,1776234963000
1776234965.329,65.329,0.55,2.6,0.53,5.0,0.64,5.0,0.65,5.0,0.36,5.0,0.35,5.0,0.45,2.6,0.47,5.0,0.09,0.09,614.66095,1776234964000
1776234966.533,66.533,0.55,2.6,0.53,5.0,0.64,5.0,0.65,5.0,0.36,5.0,0.35,5.0,0.45,2.6,0.47,5.0,0.09,0.09,614.67175,1776234965000
1776234967.304,67.304,0.55,2.6,0.53,5.0,0.64,5.0,0.65,5.0,0.36,5.0,0.35,5.0,0.45,2.6,0.47,5.0,0.09,0.09,614.666673,1776234966000
1776234968.413,68.413,0.55,2.6,0.53,5.0,0.64,5.0,0.65,5.0,0.36,5.0,0.35,5.0,0.45,2.6,0.47,5.0,0.09,0.09,614.675272,1776234967000
1776234969.005,69.005,0.55,2.6,0.53,5.0,0.64,5.0,0.65,5.0,0.36,5.0,0.35,5.0,0.45,2.6,0.47,5.0,0.09,0.09,614.673644,1776234968000
1776234970.335,70.335,0.55,2.6,0.53,5.0,0.64,5.0,0.65,5.0,0.36,5.0,0.35,5.0,0.45,2.6,0.47,5.0,0.09,0.09,614.6583,1776234969000
1776234971.701,71.701,0.55,2.6,0.53,5.0,0.64,5.0,0.65,5.0,0.36,5.0,0.35,5.0,0.45,2.6,0.47,5.0,0.09,0.09,614.660156,1776234970000
1776234972.324,72.324,0.55,2.6,0.53,5.0,0.64,5.0,0.65,5.0,0.36,5.0,0.35,5.0,0.45,2.6,0.47,5.0,0.09,0.09,614.659425,1776234971000
1776234972.927,72.927,0.55,2.6,0.53,5.0,0.64,5.0,0.65,5.0,0.36,5.0,0.35,5.0,0.45,2.6,0.47,5.0,0.09,0.09,614.654821,1776234972000
1776234974.752,74.752,0.55,2.6,0.53,5.0,0.64,5.0,0.65,5.0,0.36,5.0,0.35,5.0,0.45,2.6,0.47,5.0,0.09,0.09,614.637963,1776234973000
1776234975.407,75.407,0.55,2.6,0.53,5.0,0.64,5.0,0.65,5.0,0.36,5.0,0.35,5.0,0.45,2.6,0.47,5.0,0.09,0.09,614.630775,1776234974000
1776234975.816,75.816,0.63,10.0,0.58,15.7,0.74,16.83,0.75,18.9,0.36,5.0,0.35,5.0,0.45,2.6,0.47,5.0,0.11,0.09,614.630775,1776234974000
1776234976.337,76.337,0.64,12.0,0.63,10.0,0.74,3.5,0.75,18.9,0.26,16.83,0.25,18.9,0.37,10.0,0.42,15.7,0.1,0.11,614.630775,1776234975000
1776234977.041,77.041,0.64,12.0,0.63,10.0,0.74,3.5,0.75,18.9,0.26,3.5,0.25,18.9,0.36,12.0,0.37,10.0,0.1,0.1,614.630599,1776234976000
1776234978.191,78.191,0.64,12.0,0.63,10.0,0.74,3.5,0.75,18.9,0.26,3.5,0.25,18.9,0.36,12.0,0.37,10.0,0.1,0.1,614.630746,1776234977000
1776234979.372,79.372,0.64,12.0,0.63,10.0,0.74,3.5,0.75,18.9,0.26,3.5,0.25,18.9,0.36,12.0,0.37,10.0,0.1,0.1,614.629734,1776234978000
1776234979.953,79.953,0.64,12.0,0.63,10.0,0.74,3.5,0.75,18.9,0.26,3.5,0.25,18.9,0.36,12.0,0.37,10.0,0.1,0.1,614.62973,1776234979000
1776234981.017,81.017,0.64,12.0,0.63,10.0,0.74,3.5,0.75,18.9,0.26,3.5,0.25,18.9,0.36,12.0,0.37,10.0,0.1,0.1,614.616611,1776234980000
1776234982.127,82.127,0.64,12.0,0.63,10.0,0.74,3.5,0.75,18.9,0.26,3.5,0.25,18.9,0.36,12.0,0.37,10.0,0.1,0.1,614.614558,1776234981000
1776234983.289,83.289,0.64,12.0,0.63,10.0,0.74,3.5,0.75,18.9,0.26,3.5,0.25,18.9,0.36,12.0,0.37,10.0,0.1,0.1,614.62164,1776234982000
1776234984.378,84.378,0.64,12.0,0.63,10.0,0.74,3.5,0.75,18.9,0.26,3.5,0.25,18.9,0.36,12.0,0.37,10.0,0.1,0.1,614.632598,1776234983000
1776234984.9,84.9,0.64,12.0,0.63,10.0,0.74,3.5,0.75,18.9,0.26,3.5,0.25,18.9,0.36,12.0,0.37,10.0,0.1,0.1,614.632636,1776234984000
1776234986.015,86.015,0.64,12.0,0.63,10.0,0.74,3.5,0.75,18.9,0.26,3.5,0.25,18.9,0.36,12.0,0.37,10.0,0.1,0.1,614.634621,1776234985000
1776234987.088,87.088,0.64,12.0,0.63,10.0,0.74,3.5,0.75,18.9,0.26,3.5,0.25,18.9,0.36,12.0,0.37,10.0,0.1,0.1,614.62475,1776234986000
1776234988.144,88.144,0.64,12.0,0.63,10.0,0.74,3.5,0.75,18.9,0.26,3.5,0.25,18.9,0.36,12.0,0.37,10.0,0.1,0.1,614.648891,1776234987000
1776234989.081,89.081,0.64,12.0,0.63,10.0,0.74,3.5,0.75,18.9,0.26,3.5,0.25,18.9,0.36,12.0,0.37,10.0,0.1,0.1,614.650447,1776234988000
1776234990.197,90.197,0.64,12.0,0.63,10.0,0.74,3.5,0.75,18.9,0.26,3.5,0.25,18.9,0.36,12.0,0.37,10.0,0.1,0.1,614.65062,1776234989000
1776234991.148,91.148,0.64,12.0,0.63,10.0,0.74,3.5,0.75,18.9,0.26,3.5,0.25,18.9,0.36,12.0,0.37,10.0,0.1,0.1,614.649798,1776234990000
1776234992.182,92.182,0.64,12.0,0.63,10.0,0.74,3.5,0.75,18.9,0.26,3.5,0.25,18.9,0.36,12.0,0.37,10.0,0.1,0.1,614.650522,1776234991000
1776234993.297,93.297,0.64,12.0,0.63,10.0,0.74,3.5,0.75,18.9,0.26,3.5,0.25,18.9,0.36,12.0,0.37,10.0,0.1,0.1,614.651283,1776234992000
1776234994.379,94.379,0.64,12.0,0.63,10.0,0.74,3.5,0.75,18.9,0.26,3.5,0.25,18.9,0.36,12.0,0.37,10.0,0.1,0.1,614.6277,1776234993000
1776234994.925,94.925,0.64,12.0,0.63,10.0,0.74,3.5,0.75,18.9,0.26,3.5,0.25,18.9,0.36,12.0,0.37,10.0,0.1,0.1,614.630869,1776234994000
1776234996.031,96.031,0.64,12.0,0.63,10.0,0.74,3.5,0.75,18.9,0.26,3.5,0.25,18.9,0.36,12.0,0.37,10.0,0.1,0.1,614.639772,1776234995000
1776234997.077,97.077,0.64,12.0,0.63,10.0,0.74,3.5,0.75,18.9,0.26,3.5,0.25,18.9,0.36,12.0,0.37,10.0,0.1,0.1,614.654091,1776234996000
1776234998.138,98.138,0.64,12.0,0.63,10.0,0.74,3.5,0.75,18.9,0.26,3.5,0.25,18.9,0.36,12.0,0.37,10.0,0.1,0.1,614.654091,1776234997000
1776234999.139,99.139,0.64,12.0,0.63,10.0,0.74,3.5,0.75,18.9,0.26,3.5,0.25,18.9,0.36,12.0,0.37,10.0,0.1,0.1,614.657407,1776234998000
1776235000.158,100.158,0.64,12.0,0.63,10.0,0.74,3.5,0.75,18.9,0.26,3.5,0.25,18.9,0.36,12.0,0.37,10.0,0.1,0.1,614.64342,1776234999000
1776235001.214,101.214,0.64,12.0,0.63,10.0,0.74,3.5,0.75,18.9,0.26,3.5,0.25,18.9,0.36,12.0,0.37,10.0,0.1,0.1,614.644159,1776235000000
1776235002.653,102.653,0.64,12.0,0.63,10.0,0.74,3.5,0.75,18.9,0.26,3.5,0.25,18.9,0.36,12.0,0.37,10.0,0.1,0.1,614.644203,1776235001000
1776235003.175,103.175,0.64,12.0,0.63,10.0,0.74,3.5,0.75,18.9,0.26,3.5,0.25,18.9,0.36,12.0,0.37,10.0,0.1,0.1,614.648012,1776235002000
1776235004.282,104.282,0.64,12.0,0.63,10.0,0.74,3.5,0.75,18.9,0.26,3.5,0.25,18.9,0.36,12.0,0.37,10.0,0.1,0.1,614.646376,1776235003000
1776235005.4,105.4,0.64,12.0,0.63,10.0,0.74,3.5,0.75,18.9,0.26,3.5,0.25,18.9,0.36,12.0,0.37,10.0,0.1,0.1,614.645358,1776235004000
1776235005.932,105.932,0.64,12.0,0.63,10.0,0.74,3.5,0.75,18.9,0.26,3.5,0.25,18.9,0.36,12.0,0.37,10.0,0.1,0.1,614.645297,1776235005000
1776235006.978,106.978,0.64,12.0,0.63,10.0,0.74,3.5,0.75,18.9,0.26,3.5,0.25,18.9,0.36,12.0,0.37,10.0,0.1,0.1,614.646895,1776235006000
1776235008.103,108.103,0.64,12.0,0.63,10.0,0.74,3.5,0.75,18.9,0.26,3.5,0.25,18.9,0.36,12.0,0.37,10.0,0.1,0.1,614.654874,1776235007000
1776235009.111,109.111,0.64,12.0,0.63,10.0,0.74,3.5,0.75,18.9,0.26,3.5,0.25,18.9,0.36,12.0,0.37,10.0,0.1,0.1,614.621253,1776235008000
1776235010.267,110.267,0.64,12.0,0.63,10.0,0.74,3.5,0.75,18.9,0.26,3.5,0.25,18.9,0.36,12.0,0.37,10.0,0.1,0.1,614.621763,1776235009000
1776235011.267,111.267,0.64,12.0,0.63,10.0,0.74,3.5,0.75,18.9,0.26,3.5,0.25,18.9,0.36,12.0,0.37,10.0,0.1,0.1,614.622374,1776235010000
1776235012.447,112.447,0.64,12.0,0.63,10.0,0.74,3.5,0.75,18.9,0.26,3.5,0.25,18.9,0.36,12.0,0.37,10.0,0.1,0.1,614.640473,1776235011000
1776235013.03,113.03,0.64,12.0,0.63,10.0,0.74,3.5,0.75,18.9,0.26,3.5,0.25,18.9,0.36,12.0,0.37,10.0,0.1,0.1,614.64049,1776235012000
1776235014.069,114.069,0.64,12.0,0.63,10.0,0.74,3.5,0.75,18.9,0.26,3.5,0.25,18.9,0.36,12.0,0.37,10.0,0.1,0.1,614.630737,1776235013000
1776235015.208,115.208,0.64,12.0,0.63,10.0,0.74,3.5,0.75,18.9,0.26,3.5,0.25,18.9,0.36,12.0,0.37,10.0,0.1,0.1,614.621702,1776235014000
1776235016.867,116.867,0.64,12.0,0.63,10.0,0.74,3.5,0.75,18.9,0.26,3.5,0.25,18.9,0.36,12.0,0.37,10.0,0.1,0.1,614.642304,1776235015000
1776235017.734,117.734,0.64,12.0,0.63,10.0,0.74,3.5,0.75,18.9,0.26,3.5,0.25,18.9,0.36,12.0,0.37,10.0,0.1,0.1,614.641541,1776235016000
1776235018.368,118.368,0.64,12.0,0.63,10.0,0.74,3.5,0.75,18.9,0.26,3.5,0.25,18.9,0.36,12.0,0.37,10.0,0.1,0.1,614.642376,1776235017000
1776235019.015,119.015,0.64,12.0,0.63,10.0,0.74,3.5,0.75,18.9,0.26,3.5,0.25,18.9,0.36,12.0,0.37,10.0,0.1,0.1,614.643327,1776235018000
1776235020.449,120.449,0.39,5.0,0.38,11.0,0.66,47.0,0.67,6.0,0.26,3.5,0.25,18.9,0.36,12.0,0.37,10.0,0.27,0.1,614.643327,1776235018000
1776235020.857,120.857,0.37,7.28,0.32,16.9,0.45,5.0,0.46,5.0,0.34,47.0,0.33,6.0,0.61,5.0,0.62,11.0,0.08,0.27,614.644174,1776235019000
1776235021.294,121.294,0.37,7.28,0.32,16.9,0.45,5.0,0.46,5.0,0.55,5.0,0.54,5.0,0.63,7.28,0.68,16.9,0.08,0.08,614.644173,1776235020000
1776235022.567,122.567,0.37,7.28,0.32,16.9,0.45,5.0,0.46,5.0,0.55,5.0,0.54,5.0,0.63,7.28,0.68,16.9,0.08,0.08,614.45646,1776235021000
1776235023.26,123.26,0.37,7.28,0.32,16.9,0.45,5.0,0.46,5.0,0.55,5.0,0.54,5.0,0.63,7.28,0.68,16.9,0.08,0.08,614.421252,1776235022000
1776235024.415,124.415,0.37,7.28,0.32,16.9,0.45,5.0,0.46,5.0,0.55,5.0,0.54,5.0,0.63,7.28,0.68,16.9,0.08,0.08,614.40428,1776235023000
1776235025.016,125.016,0.37,7.28,0.32,16.9,0.45,5.0,0.46,5.0,0.55,5.0,0.54,5.0,0.63,7.28,0.68,16.9,0.08,0.08,614.403946,1776235024000
1776235026.445,126.445,0.37,7.28,0.32,16.9,0.45,5.0,0.46,5.0,0.55,5.0,0.54,5.0,0.63,7.28,0.68,16.9,0.08,0.08,614.361,1776235025000
1776235026.974,126.974,0.37,7.28,0.32,16.9,0.45,5.0,0.46,5.0,0.55,5.0,0.54,5.0,0.63,7.28,0.68,16.9,0.08,0.08,614.371766,1776235026000
1776235028.203,128.203,0.37,7.28,0.32,16.9,0.45,5.0,0.46,5.0,0.55,5.0,0.54,5.0,0.63,7.28,0.68,16.9,0.08,0.08,614.372373,1776235027000
1776235029.437,129.437,0.37,7.28,0.32,16.9,0.45,5.0,0.46,5.0,0.55,5.0,0.54,5.0,0.63,7.28,0.68,16.9,0.08,0.08,614.424374,1776235028000
1776235030.082,130.082,0.37,7.28,0.32,16.9,0.45,5.0,0.46,5.0,0.55,5.0,0.54,5.0,0.63,7.28,0.68,16.9,0.08,0.08,614.41391,1776235029000
1776235031.312,131.312,0.37,7.28,0.32,16.9,0.45,5.0,0.46,5.0,0.55,5.0,0.54,5.0,0.63,7.28,0.68,16.9,0.08,0.08,614.405049,1776235030000
1776235032.503,132.503,0.41,50.0,0.33,5.0,0.45,5.0,0.59,10.7,0.55,5.0,0.41,10.7,0.59,50.0,0.67,5.0,0.04,0.04,614.379616,1776235031000
1776235033.657,133.657,0.41,50.0,0.33,5.0,0.45,5.0,0.59,10.7,0.55,5.0,0.41,10.7,0.59,50.0,0.67,5.0,0.04,0.04,614.454222,1776235032000
1776235034.077,134.077,0.41,50.0,0.33,5.0,0.45,5.0,0.59,10.7,0.55,5.0,0.41,10.7,0.59,50.0,0.67,5.0,0.04,0.04,614.487508,1776235033000
1776235035.186,135.186,0.41,50.0,0.33,5.0,0.45,5.0,0.59,10.7,0.55,5.0,0.41,10.7,0.59,50.0,0.67,5.0,0.04,0.04,614.481444,1776235034000
1776235035.997,135.997,0.58,29.0,0.56,5.0,0.6,1.0,0.61,10.0,0.55,5.0,0.41,10.7,0.59,50.0,0.67,5.0,0.02,0.04,614.481444,1776235034000
1776235036.437,136.437,0.58,29.0,0.56,5.0,0.6,1.0,0.61,10.0,0.4,1.0,0.39,10.0,0.42,29.0,0.44,5.0,0.02,0.02,614.560174,1776235035000
1776235036.893,136.893,0.58,29.0,0.56,5.0,0.6,1.0,0.61,10.0,0.4,1.0,0.39,10.0,0.42,29.0,0.44,5.0,0.02,0.02,614.560703,1776235036000
1776235037.96,137.96,0.58,29.0,0.56,5.0,0.6,1.0,0.61,10.0,0.4,1.0,0.39,10.0,0.42,29.0,0.44,5.0,0.02,0.02,614.563344,1776235037000
1776235039.198,139.198,0.58,29.0,0.56,5.0,0.6,1.0,0.61,10.0,0.4,1.0,0.39,10.0,0.42,29.0,0.44,5.0,0.02,0.02,614.566035,1776235038000
1776235040.174,140.174,0.58,29.0,0.56,5.0,0.6,1.0,0.61,10.0,0.4,1.0,0.39,10.0,0.42,29.0,0.44,5.0,0.02,0.02,614.568265,1776235039000
1776235041.378,141.378,0.58,29.0,0.56,5.0,0.6,1.0,0.61,10.0,0.4,1.0,0.39,10.0,0.42,29.0,0.44,5.0,0.02,0.02,614.565034,1776235040000
1776235041.959,141.959,0.58,29.0,0.56,5.0,0.6,1.0,0.61,10.0,0.4,1.0,0.39,10.0,0.42,29.0,0.44,5.0,0.02,0.02,614.562623,1776235041000
1776235043.104,143.104,0.58,29.0,0.56,5.0,0.6,1.0,0.61,10.0,0.4,1.0,0.39,10.0,0.42,29.0,0.44,5.0,0.02,0.02,614.606024,1776235042000
1776235043.501,143.501,0.59,25.0,0.56,5.0,0.66,15.0,0.71,5.0,0.4,1.0,0.39,10.0,0.42,29.0,0.44,5.0,0.07,0.02,614.606024,1776235042000
1776235044.134,144.134,0.59,25.0,0.56,5.0,0.66,15.0,0.71,5.0,0.34,15.0,0.29,5.0,0.41,25.0,0.44,5.0,0.07,0.07,614.606446,1776235043000
1776235045.308,145.308,0.59,25.0,0.56,5.0,0.66,15.0,0.71,5.0,0.34,15.0,0.29,5.0,0.41,25.0,0.44,5.0,0.07,0.07,614.617324,1776235044000
1776235046.355,146.355,0.59,25.0,0.56,5.0,0.66,15.0,0.71,5.0,0.34,15.0,0.29,5.0,0.41,25.0,0.44,5.0,0.07,0.07,614.60245,1776235045000
1776235046.909,146.909,0.59,25.0,0.56,5.0,0.66,15.0,0.71,5.0,0.34,15.0,0.29,5.0,0.41,25.0,0.44,5.0,0.07,0.07,614.60239,1776235046000
1776235048.061,148.061,0.59,25.0,0.56,5.0,0.66,15.0,0.71,5.0,0.34,15.0,0.29,5.0,0.41,25.0,0.44,5.0,0.07,0.07,614.60305,1776235047000
1776235049.063,149.063,0.59,25.0,0.56,5.0,0.66,15.0,0.71,5.0,0.34,15.0,0.29,5.0,0.41,25.0,0.44,5.0,0.07,0.07,614.62015,1776235048000
1776235049.992,149.992,0.59,25.0,0.56,5.0,0.66,15.0,0.71,5.0,0.34,15.0,0.29,5.0,0.41,25.0,0.44,5.0,0.07,0.07,614.62932,1776235049000
1776235050.984,150.984,0.59,25.0,0.56,5.0,0.66,15.0,0.71,5.0,0.34,15.0,0.29,5.0,0.41,25.0,0.44,5.0,0.07,0.07,614.60072,1776235050000
1776235052.019,152.019,0.59,25.0,0.56,5.0,0.66,15.0,0.71,5.0,0.34,15.0,0.29,5.0,0.41,25.0,0.44,5.0,0.07,0.07,614.58467,1776235051000
1776235052.561,152.561,0.31,62.2,0.3,12.4,0.43,5.0,0.61,50.0,0.34,15.0,0.29,5.0,0.41,25.0,0.44,5.0,0.12,0.07,614.58467,1776235051000
1776235052.922,152.922,0.31,62.2,0.3,12.4,0.43,5.0,0.61,50.0,0.57,5.0,0.39,50.0,0.69,62.2,0.7,12.4,0.12,0.12,614.518066,1776235052000
1776235053.907,153.907,0.31,62.2,0.3,12.4,0.43,5.0,0.61,50.0,0.57,5.0,0.39,50.0,0.69,62.2,0.7,12.4,0.12,0.12,614.42922,1776235053000
1776235054.905,154.905,0.31,62.2,0.3,12.4,0.43,5.0,0.61,50.0,0.57,5.0,0.39,50.0,0.69,62.2,0.7,12.4,0.12,0.12,614.46129,1776235054000
1776235055.827,155.827,0.31,62.2,0.3,12.4,0.43,5.0,0.61,50.0,0.57,5.0,0.39,50.0,0.69,62.2,0.7,12.4,0.12,0.12,614.45892,1776235055000
1776235057.359,157.359,0.31,62.2,0.3,12.4,0.43,5.0,0.61,50.0,0.57,5.0,0.39,50.0,0.69,62.2,0.7,12.4,0.12,0.12,614.45916,1776235056000
1776235058.353,158.353,0.31,62.2,0.3,12.4,0.43,5.0,0.61,50.0,0.57,5.0,0.39,50.0,0.69,62.2,0.7,12.4,0.12,0.12,614.45849,1776235057000
1776235059.215,159.215,0.31,62.2,0.3,12.4,0.43,5.0,0.61,50.0,0.57,5.0,0.39,50.0,0.69,62.2,0.7,12.4,0.12,0.12,614.45843,1776235058000
1776235060.825,160.825,0.31,62.2,0.3,12.4,0.43,5.0,0.61,50.0,0.57,5.0,0.39,50.0,0.69,62.2,0.7,12.4,0.12,0.12,614.454268,1776235059000
1776235061.663,161.663,0.31,62.2,0.3,12.4,0.43,5.0,0.61,50.0,0.57,5.0,0.39,50.0,0.69,62.2,0.7,12.4,0.12,0.12,614.44927,1776235060000
1776235062.368,162.368,0.31,62.2,0.3,12.4,0.43,5.0,0.61,50.0,0.57,5.0,0.39,50.0,0.69,62.2,0.7,12.4,0.12,0.12,614.44927,1776235061000
1776235063.783,163.783,0.31,62.2,0.3,12.4,0.43,5.0,0.61,50.0,0.57,5.0,0.39,50.0,0.69,62.2,0.7,12.4,0.12,0.12,614.42459,1776235062000
1776235064.263,164.263,0.31,62.2,0.3,12.4,0.43,5.0,0.61,50.0,0.57,5.0,0.39,50.0,0.69,62.2,0.7,12.4,0.12,0.12,614.42106,1776235063000
1776235064.996,164.996,0.31,62.2,0.3,12.4,0.43,5.0,0.61,50.0,0.57,5.0,0.39,50.0,0.69,62.2,0.7,12.4,0.12,0.12,614.42657,1776235064000
1776235066.224,166.224,0.31,62.2,0.3,12.4,0.43,5.0,0.61,50.0,0.57,5.0,0.39,50.0,0.69,62.2,0.7,12.4,0.12,0.12,614.42634,1776235065000
1776235067.773,167.773,0.31,62.2,0.3,12.4,0.43,5.0,0.61,50.0,0.57,5.0,0.39,50.0,0.69,62.2,0.7,12.4,0.12,0.12,614.411376,1776235066000
1776235068.213,168.213,0.31,62.2,0.3,12.4,0.43,5.0,0.61,50.0,0.57,5.0,0.39,50.0,0.69,62.2,0.7,12.4,0.12,0.12,614.412651,1776235067000
1776235069.738,169.738,0.31,62.2,0.3,12.4,0.43,5.0,0.61,50.0,0.57,5.0,0.39,50.0,0.69,62.2,0.7,12.4,0.12,0.12,614.413615,1776235068000
1776235070.443,170.443,0.31,62.2,0.3,12.4,0.43,5.0,0.61,50.0,0.57,5.0,0.39,50.0,0.69,62.2,0.7,12.4,0.12,0.12,614.438979,1776235069000
1776235071.401,171.401,0.31,62.2,0.3,12.4,0.43,5.0,0.61,50.0,0.57,5.0,0.39,50.0,0.69,62.2,0.7,12.4,0.12,0.12,614.43952,1776235070000
1776235072.041,172.041,0.31,62.2,0.3,12.4,0.43,5.0,0.61,50.0,0.57,5.0,0.39,50.0,0.69,62.2,0.7,12.4,0.12,0.12,614.43954,1776235071000
1776235073.532,173.532,0.31,62.2,0.3,12.4,0.43,5.0,0.61,50.0,0.57,5.0,0.39,50.0,0.69,62.2,0.7,12.4,0.12,0.12,614.422831,1776235072000
1776235074.143,174.143,0.31,62.2,0.3,12.4,0.43,5.0,0.61,50.0,0.57,5.0,0.39,50.0,0.69,62.2,0.7,12.4,0.12,0.12,614.425923,1776235073000
1776235075.441,175.441,0.31,62.2,0.3,12.4,0.43,5.0,0.61,50.0,0.57,5.0,0.39,50.0,0.69,62.2,0.7,12.4,0.12,0.12,614.427514,1776235074000
1776235076.136,176.136,0.31,62.2,0.3,12.4,0.43,5.0,0.61,50.0,0.57,5.0,0.39,50.0,0.69,62.2,0.7,12.4,0.12,0.12,614.42687,1776235075000
1776235077.432,177.432,0.31,62.2,0.3,12.4,0.43,5.0,0.61,50.0,0.57,5.0,0.39,50.0,0.69,62.2,0.7,12.4,0.12,0.12,614.400241,1776235076000
1776235078.438,178.438,0.31,62.2,0.3,12.4,0.43,5.0,0.61,50.0,0.57,5.0,0.39,50.0,0.69,62.2,0.7,12.4,0.12,0.12,614.400234,1776235077000
1776235079.06,179.06,0.31,62.2,0.3,12.4,0.43,5.0,0.61,50.0,0.57,5.0,0.39,50.0,0.69,62.2,0.7,12.4,0.12,0.12,614.400234,1776235078000
1776235080.415,180.415,0.31,62.2,0.3,12.4,0.43,5.0,0.61,50.0,0.57,5.0,0.39,50.0,0.69,62.2,0.7,12.4,0.12,0.12,614.399212,1776235079000
1776235080.982,180.982,0.31,62.2,0.3,12.4,0.43,5.0,0.61,50.0,0.57,5.0,0.39,50.0,0.69,62.2,0.7,12.4,0.12,0.12,614.398373,1776235080000
1776235082.173,182.173,0.31,62.2,0.3,12.4,0.43,5.0,0.61,50.0,0.57,5.0,0.39,50.0,0.69,62.2,0.7,12.4,0.12,0.12,614.42834,1776235081000
1776235083.594,183.594,0.31,62.2,0.3,12.4,0.43,5.0,0.61,50.0,0.57,5.0,0.39,50.0,0.69,62.2,0.7,12.4,0.12,0.12,614.42846,1776235082000
1776235084.234,184.234,0.31,62.2,0.3,12.4,0.43,5.0,0.61,50.0,0.57,5.0,0.39,50.0,0.69,62.2,0.7,12.4,0.12,0.12,614.4284,1776235083000
1776235085.575,185.575,0.31,62.2,0.3,12.4,0.43,5.0,0.61,50.0,0.57,5.0,0.39,50.0,0.69,62.2,0.7,12.4,0.12,0.12,614.396414,1776235084000
1776235086.275,186.275,0.31,62.2,0.3,12.4,0.43,5.0,0.61,50.0,0.57,5.0,0.39,50.0,0.69,62.2,0.7,12.4,0.12,0.12,614.397746,1776235085000
1776235087.456,187.456,0.31,62.2,0.3,12.4,0.43,5.0,0.61,50.0,0.57,5.0,0.39,50.0,0.69,62.2,0.7,12.4,0.12,0.12,614.41973,1776235086000
1776235088.106,188.106,0.31,62.2,0.3,12.4,0.43,5.0,0.61,50.0,0.57,5.0,0.39,50.0,0.69,62.2,0.7,12.4,0.12,0.12,614.42302,1776235087000
1776235089.335,189.335,0.31,62.2,0.3,12.4,0.43,5.0,0.61,50.0,0.57,5.0,0.39,50.0,0.69,62.2,0.7,12.4,0.12,0.12,614.510001,1776235088000
1776235089.932,189.932,0.31,62.2,0.3,12.4,0.43,5.0,0.61,50.0,0.57,5.0,0.39,50.0,0.69,62.2,0.7,12.4,0.12,0.12,614.537415,1776235089000
1776235091.112,191.112,0.31,62.2,0.3,12.4,0.43,5.0,0.61,50.0,0.57,5.0,0.39,50.0,0.69,62.2,0.7,12.4,0.12,0.12,614.542374,1776235090000
1776235092.24,192.24,0.31,62.2,0.3,12.4,0.43,5.0,0.61,50.0,0.57,5.0,0.39,50.0,0.69,62.2,0.7,12.4,0.12,0.12,614.545264,1776235091000
1776235093.374,193.374,0.31,62.2,0.3,12.4,0.43,5.0,0.61,50.0,0.57,5.0,0.39,50.0,0.69,62.2,0.7,12.4,0.12,0.12,614.616919,1776235092000
1776235094.381,194.381,0.31,62.2,0.3,12.4,0.43,5.0,0.61,50.0,0.57,5.0,0.39,50.0,0.69,62.2,0.7,12.4,0.12,0.12,614.60803,1776235093000
1776235094.98,194.98,0.31,62.2,0.3,12.4,0.43,5.0,0.61,50.0,0.57,5.0,0.39,50.0,0.69,62.2,0.7,12.4,0.12,0.12,614.604932,1776235094000
1776235095.867,195.867,0.31,62.2,0.3,12.4,0.43,5.0,0.61,50.0,0.57,5.0,0.39,50.0,0.69,62.2,0.7,12.4,0.12,0.12,614.60444,1776235095000
1776235096.935,196.935,0.31,62.2,0.3,12.4,0.43,5.0,0.61,50.0,0.57,5.0,0.39,50.0,0.69,62.2,0.7,12.4,0.12,0.12,614.618678,1776235096000
1776235098.034,198.034,0.31,62.2,0.3,12.4,0.43,5.0,0.61,50.0,0.57,5.0,0.39,50.0,0.69,62.2,0.7,12.4,0.12,0.12,614.619035,1776235097000
1776235099.048,199.048,0.31,62.2,0.3,12.4,0.43,5.0,0.61,50.0,0.57,5.0,0.39,50.0,0.69,62.2,0.7,12.4,0.12,0.12,614.630971,1776235098000
1776235100.089,200.089,0.31,62.2,0.3,12.4,0.43,5.0,0.61,50.0,0.57,5.0,0.39,50.0,0.69,62.2,0.7,12.4,0.12,0.12,614.616273,1776235099000
1776235101.171,201.171,0.31,62.2,0.3,12.4,0.43,5.0,0.61,50.0,0.57,5.0,0.39,50.0,0.69,62.2,0.7,12.4,0.12,0.12,614.606791,1776235100000
1776235102.319,202.319,0.31,62.2,0.3,12.4,0.43,5.0,0.61,50.0,0.57,5.0,0.39,50.0,0.69,62.2,0.7,12.4,0.12,0.12,614.606791,1776235101000
1776235103.379,203.379,0.31,62.2,0.3,12.4,0.43,5.0,0.61,50.0,0.57,5.0,0.39,50.0,0.69,62.2,0.7,12.4,0.12,0.12,614.606263,1776235102000
1776235103.614,203.614,0.75,5.0,0.69,10.0,0.85,12.0,0.86,14.28,0.57,5.0,0.39,50.0,0.69,62.2,0.7,12.4,0.1,0.12,614.606263,1776235102000
1776235103.98,203.98,0.75,5.0,0.69,10.0,0.85,12.0,0.86,14.28,0.15,12.0,0.14,14.28,0.25,5.0,0.31,10.0,0.1,0.1,614.606263,1776235103000
1776235105.139,205.139,0.75,5.0,0.69,10.0,0.85,12.0,0.86,14.28,0.15,12.0,0.14,14.28,0.25,5.0,0.31,10.0,0.1,0.1,614.653989,1776235104000
1776235106.155,206.155,0.75,5.0,0.69,10.0,0.85,12.0,0.86,14.28,0.15,12.0,0.14,14.28,0.25,5.0,0.31,10.0,0.1,0.1,614.653989,1776235105000
1776235107.221,207.221,0.75,5.0,0.69,10.0,0.85,12.0,0.86,14.28,0.15,12.0,0.14,14.28,0.25,5.0,0.31,10.0,0.1,0.1,614.653989,1776235106000
1776235108.455,208.455,0.75,5.0,0.69,10.0,0.85,12.0,0.86,14.28,0.15,12.0,0.14,14.28,0.25,5.0,0.31,10.0,0.1,0.1,614.676161,1776235107000
1776235109.031,209.031,0.75,5.0,0.69,10.0,0.85,12.0,0.86,14.28,0.15,12.0,0.14,14.28,0.25,5.0,0.31,10.0,0.1,0.1,614.676161,1776235108000
1776235110.273,210.273,0.75,5.0,0.69,10.0,0.85,12.0,0.86,14.28,0.15,12.0,0.14,14.28,0.25,5.0,0.31,10.0,0.1,0.1,614.705119,1776235109000
1776235110.934,210.934,0.75,13.9,0.74,23.5,0.91,46.7,0.92,35.29,0.09,46.7,0.08,35.29,0.25,13.9,0.26,23.5,0.16,0.16,614.723355,1776235110000
1776235111.597,211.597,0.77,14.7,0.76,14.3,0.91,43.7,0.92,35.29,0.09,46.7,0.08,35.29,0.25,13.9,0.26,23.5,0.14,0.16,614.723355,1776235110000
1776235111.971,211.971,0.77,14.7,0.76,14.3,0.91,43.7,0.92,35.29,0.09,43.7,0.08,35.29,0.23,14.7,0.24,14.3,0.14,0.14,614.740637,1776235111000
1776235115.26,215.26,0.77,14.7,0.76,14.3,0.91,43.7,0.92,35.29,0.09,43.7,0.08,35.29,0.23,14.7,0.24,14.3,0.14,0.14,614.731858,1776235113000
1776235115.894,215.894,0.77,14.7,0.76,14.3,0.91,43.7,0.92,35.29,0.09,43.7,0.08,35.29,0.23,14.7,0.24,14.3,0.14,0.14,614.752387,1776235114000
1776235116.84,216.84,0.77,14.7,0.76,14.3,0.91,43.7,0.92,35.29,0.09,43.7,0.08,35.29,0.23,14.7,0.24,14.3,0.14,0.14,614.729607,1776235115000
1776235117.505,217.505,0.77,14.7,0.76,14.3,0.91,43.7,0.92,35.29,0.09,43.7,0.08,35.29,0.23,14.7,0.24,14.3,0.14,0.14,614.753842,1776235116000
1776235118.193,218.193,0.77,14.7,0.76,14.3,0.91,43.7,0.92,35.29,0.09,43.7,0.08,35.29,0.23,14.7,0.24,14.3,0.14,0.14,614.75,1776235117000
1776235119.499,219.499,0.77,14.7,0.76,14.3,0.91,43.7,0.92,35.29,0.09,43.7,0.08,35.29,0.23,14.7,0.24,14.3,0.14,0.14,614.755,1776235118000
1776235120.023,220.023,0.77,14.7,0.76,14.3,0.91,43.7,0.92,35.29,0.09,43.7,0.08,35.29,0.23,14.7,0.24,14.3,0.14,0.14,614.754751,1776235119000
1776235121.279,221.279,0.77,14.7,0.76,14.3,0.91,43.7,0.92,35.29,0.09,43.7,0.08,35.29,0.23,14.7,0.24,14.3,0.14,0.14,614.755,1776235120000
1776235122.473,222.473,0.77,14.7,0.76,14.3,0.91,43.7,0.92,35.29,0.09,43.7,0.08,35.29,0.23,14.7,0.24,14.3,0.14,0.14,614.750829,1776235121000
1776235123.092,223.092,0.77,14.7,0.76,14.3,0.91,43.7,0.92,35.29,0.09,43.7,0.08,35.29,0.23,14.7,0.24,14.3,0.14,0.14,614.74941,1776235122000
1776235124.285,224.285,0.77,14.7,0.76,14.3,0.91,43.7,0.92,35.29,0.09,43.7,0.08,35.29,0.23,14.7,0.24,14.3,0.14,0.14,614.736,1776235123000
1776235125.472,225.472,0.77,14.7,0.76,14.3,0.91,43.7,0.92,35.29,0.09,43.7,0.08,35.29,0.23,14.7,0.24,14.3,0.14,0.14,614.74,1776235124000
1776235126.019,226.019,0.77,14.7,0.76,14.3,0.91,43.7,0.92,35.29,0.09,43.7,0.08,35.29,0.23,14.7,0.24,14.3,0.14,0.14,614.736574,1776235125000
1776235127.179,227.179,0.77,14.7,0.76,14.3,0.91,43.7,0.92,35.29,0.09,43.7,0.08,35.29,0.23,14.7,0.24,14.3,0.14,0.14,614.72696,1776235126000
1776235128.285,228.285,0.77,14.7,0.76,14.3,0.91,43.7,0.92,35.29,0.09,43.7,0.08,35.29,0.23,14.7,0.24,14.3,0.14,0.14,614.71579,1776235127000
1776235129.36,229.36,0.77,14.7,0.76,14.3,0.91,43.7,0.92,35.29,0.09,43.7,0.08,35.29,0.23,14.7,0.24,14.3,0.14,0.14,614.705404,1776235128000
1776235130.047,230.047,0.77,14.7,0.76,14.3,0.91,43.7,0.92,35.29,0.09,43.7,0.08,35.29,0.23,14.7,0.24,14.3,0.14,0.14,614.705337,1776235129000
1776235131.549,231.549,0.77,14.7,0.76,14.3,0.91,43.7,0.92,35.29,0.09,43.7,0.08,35.29,0.23,14.7,0.24,14.3,0.14,0.14,614.703578,1776235130000
1776235132.116,232.116,0.77,14.7,0.76,14.3,0.91,43.7,0.92,35.29,0.09,43.7,0.08,35.29,0.23,14.7,0.24,14.3,0.14,0.14,614.703556,1776235131000
1776235133.042,233.042,0.77,14.7,0.76,14.3,0.91,43.7,0.92,35.29,0.09,43.7,0.08,35.29,0.23,14.7,0.24,14.3,0.14,0.14,614.698787,1776235132000
1776235134.053,234.053,0.77,14.7,0.76,14.3,0.91,43.7,0.92,35.29,0.09,43.7,0.08,35.29,0.23,14.7,0.24,14.3,0.14,0.14,614.687095,1776235133000
1776235135.047,235.047,0.77,14.7,0.76,14.3,0.91,43.7,0.92,35.29,0.09,43.7,0.08,35.29,0.23,14.7,0.24,14.3,0.14,0.14,614.686957,1776235134000
1776235136.01,236.01,0.77,14.7,0.76,14.3,0.91,43.7,0.92,35.29,0.09,43.7,0.08,35.29,0.23,14.7,0.24,14.3,0.14,0.14,614.671033,1776235135000
1776235137.09,237.09,0.77,14.7,0.76,14.3,0.91,43.7,0.92,35.29,0.09,43.7,0.08,35.29,0.23,14.7,0.24,14.3,0.14,0.14,614.648096,1776235136000
1776235137.983,237.983,0.77,14.7,0.76,14.3,0.91,43.7,0.92,35.29,0.09,43.7,0.08,35.29,0.23,14.7,0.24,14.3,0.14,0.14,614.65181,1776235137000
1776235138.892,238.892,0.77,14.7,0.76,14.3,0.91,43.7,0.92,35.29,0.09,43.7,0.08,35.29,0.23,14.7,0.24,14.3,0.14,0.14,614.651904,1776235138000
1776235139.909,239.909,0.77,14.7,0.76,14.3,0.91,43.7,0.92,35.29,0.09,43.7,0.08,35.29,0.23,14.7,0.24,14.3,0.14,0.14,614.653161,1776235139000
1776235140.865,240.865,0.77,14.7,0.76,14.3,0.91,43.7,0.92,35.29,0.09,43.7,0.08,35.29,0.23,14.7,0.24,14.3,0.14,0.14,614.662,1776235140000
1776235141.909,241.909,0.77,14.7,0.76,14.3,0.91,43.7,0.92,35.29,0.09,43.7,0.08,35.29,0.23,14.7,0.24,14.3,0.14,0.14,614.669,1776235141000
1776235142.22,242.22,0.86,21.6,0.85,20.39,0.9,6.88,0.91,5.0,0.09,43.7,0.08,35.29,0.23,14.7,0.24,14.3,0.04,0.14,614.669,1776235141000
1776235142.818,242.818,0.86,21.6,0.85,20.39,0.9,6.88,0.91,5.0,0.1,6.88,0.09,5.0,0.14,21.6,0.15,20.39,0.04,0.04,614.6928,1776235142000
1776235143.701,243.701,0.89,46.6,0.88,24.6,0.96,5.0,0.98,142.69,0.1,6.88,0.09,5.0,0.14,21.6,0.15,20.39,0.07,0.04,614.6928,1776235142000
1776235144.427,244.427,0.89,46.6,0.88,24.6,0.96,5.0,0.98,142.69,0.04,5.0,0.02,142.69,0.11,46.6,0.12,24.6,0.07,0.07,614.719233,1776235143000
1776235145.033,245.033,0.89,46.6,0.88,24.6,0.96,5.0,0.98,142.69,0.04,5.0,0.02,142.69,0.11,46.6,0.12,24.6,0.07,0.07,614.706278,1776235144000
1776235145.584,245.584,0.93,39.9,0.92,35.29,0.98,142.69,0.99,5677.6,0.04,5.0,0.02,142.69,0.11,46.6,0.12,24.6,0.05,0.07,614.706278,1776235144000
1776235146.353,246.353,0.94,46.1,0.93,39.9,0.98,138.75,0.99,5677.6,0.02,142.69,0.01,5677.6,0.07,39.9,0.08,35.29,0.04,0.05,614.706278,1776235144000
1776235146.963,246.963,0.94,46.1,0.93,39.9,0.98,138.75,0.99,5677.6,0.02,138.75,0.01,5677.6,0.06,46.1,0.07,39.9,0.04,0.04,614.760857,1776235146000
1776235148.215,248.215,0.94,46.1,0.93,39.9,0.98,138.75,0.99,5677.6,0.02,138.75,0.01,5677.6,0.06,46.1,0.07,39.9,0.04,0.04,614.77462,1776235147000
1776235149.484,249.484,0.94,46.1,0.93,39.9,0.98,138.75,0.99,5677.6,0.02,138.75,0.01,5677.6,0.06,46.1,0.07,39.9,0.04,0.04,614.77456,1776235148000
1776235149.949,249.949,0.97,89.3,0.96,67.7,0.99,5401.06,,,0.02,138.75,0.01,5677.6,0.06,46.1,0.07,39.9,0.02,0.04,614.77456,1776235148000
1776235151.127,251.127,0.97,89.3,0.96,67.7,0.99,5401.06,,,0.01,5401.06,,,0.03,89.3,0.04,67.7,0.02,0.02,614.830495,1776235150000
1776235152.294,252.294,0.97,89.3,0.96,67.7,0.99,5401.06,,,0.01,5401.06,,,0.03,89.3,0.04,67.7,0.02,0.02,614.808954,1776235151000
1776235153.316,253.316,0.97,89.3,0.96,67.7,0.99,5401.06,,,0.01,5401.06,,,0.03,89.3,0.04,67.7,0.02,0.02,614.80957,1776235152000
1776235153.892,253.892,0.97,89.3,0.96,67.7,0.99,5401.06,,,0.01,5401.06,,,0.03,89.3,0.04,67.7,0.02,0.02,614.810736,1776235153000
1776235155.255,255.255,0.97,89.3,0.96,67.7,0.99,5401.06,,,0.01,5401.06,,,0.03,89.3,0.04,67.7,0.02,0.02,614.816049,1776235154000
1776235156.509,256.509,0.97,89.3,0.96,67.7,0.99,5401.06,,,0.01,5401.06,,,0.03,89.3,0.04,67.7,0.02,0.02,614.821879,1776235155000
1776235157.146,257.146,0.97,89.3,0.96,67.7,0.99,5401.06,,,0.01,5401.06,,,0.03,89.3,0.04,67.7,0.02,0.02,614.818448,1776235156000
1776235158.351,258.351,0.97,89.3,0.96,67.7,0.99,5401.06,,,0.01,5401.06,,,0.03,89.3,0.04,67.7,0.02,0.02,614.812424,1776235157000
1776235158.592,258.592,0.98,132.69,0.97,89.3,0.99,298.02,,,0.01,5401.06,,,0.03,89.3,0.04,67.7,0.01,0.02,614.812424,1776235157000
1776235159.768,259.768,0.98,132.69,0.97,89.3,0.99,298.02,,,0.01,298.02,,,0.02,132.69,0.03,89.3,0.01,0.01,614.829209,1776235158000
1776235160.319,260.319,0.98,132.69,0.97,89.3,0.99,298.02,,,0.01,298.02,,,0.02,132.69,0.03,89.3,0.01,0.01,614.829209,1776235159000
1776235160.864,260.864,0.98,132.69,0.97,89.3,0.99,298.02,,,0.01,298.02,,,0.02,132.69,0.03,89.3,0.01,0.01,614.827666,1776235160000
1776235161.916,261.916,0.98,137.69,0.97,89.3,0.99,197.0,,,0.01,197.0,,,0.02,137.69,0.03,89.3,0.01,0.01,614.829081,1776235161000
1776235162.938,262.938,0.98,137.69,0.97,89.3,0.99,197.0,,,0.01,197.0,,,0.02,137.69,0.03,89.3,0.01,0.01,614.830219,1776235162000
1776235164.038,264.038,0.98,137.69,0.97,89.3,0.99,197.0,,,0.01,197.0,,,0.02,137.69,0.03,89.3,0.01,0.01,614.830242,1776235163000
1776235164.724,264.724,0.98,137.69,0.97,89.3,0.99,75.98,,,0.01,197.0,,,0.02,137.69,0.03,89.3,0.01,0.01,614.830242,1776235163000
1776235165.09,265.09,0.98,137.69,0.97,89.3,0.99,75.98,,,0.01,75.98,,,0.02,137.69,0.03,89.3,0.01,0.01,614.913216,1776235164000
1776235166.153,266.153,0.98,137.69,0.97,89.3,0.99,75.98,,,0.01,75.98,,,0.02,137.69,0.03,89.3,0.01,0.01,614.91059,1776235165000
1776235167.253,267.253,0.98,137.69,0.97,89.3,0.99,75.98,,,0.01,75.98,,,0.02,137.69,0.03,89.3,0.01,0.01,614.906198,1776235166000
1776235167.873,267.873,0.98,137.69,0.97,89.3,0.99,70.91,,,0.01,73.95,,,0.02,137.69,0.03,89.3,0.01,0.01,614.906198,1776235166000
1776235168.309,268.309,0.98,137.69,0.97,89.3,0.99,70.91,,,0.01,70.91,,,0.02,137.69,0.03,89.3,0.01,0.01,614.906132,1776235167000
1776235168.943,268.943,0.98,137.69,0.97,89.3,0.99,70.91,,,0.01,70.91,,,0.02,137.69,0.03,89.3,0.01,0.01,614.906249,1776235168000
1776235170.0,270.0,0.98,137.69,0.97,89.3,0.99,70.91,,,0.01,70.91,,,0.02,137.69,0.03,89.3,0.01,0.01,614.909982,1776235169000
1776235171.135,271.135,0.98,137.69,0.97,89.3,0.99,70.91,,,0.01,70.91,,,0.02,137.69,0.03,89.3,0.01,0.01,614.904899,1776235170000
1776235172.181,272.181,0.98,137.69,0.97,89.3,0.99,70.91,,,0.01,70.91,,,0.02,137.69,0.03,89.3,0.01,0.01,614.93147,1776235171000
1776235173.885,273.885,0.98,137.69,0.97,89.3,0.99,70.91,,,0.01,70.91,,,0.02,137.69,0.03,89.3,0.01,0.01,614.90974,1776235172000
1776235175.194,275.194,0.98,137.69,0.97,89.3,0.99,70.91,,,0.01,70.91,,,0.02,137.69,0.03,89.3,0.01,0.01,614.89013,1776235173000
1776235175.772,275.772,0.98,137.69,0.97,89.3,0.99,70.91,,,0.01,70.91,,,0.02,137.69,0.03,89.3,0.01,0.01,614.822178,1776235174000
1776235176.484,276.484,0.98,137.69,0.97,89.3,0.99,70.91,,,0.01,70.91,,,0.02,137.69,0.03,89.3,0.01,0.01,614.78883,1776235175000
1776235177.345,277.345,0.98,5.0,0.85,5.1,0.99,74.19,,,0.01,74.19,,,0.02,5.0,0.15,5.1,0.01,0.01,614.78391,1776235176000
1776235178.793,278.793,0.98,5.0,0.85,5.1,0.99,74.19,,,0.01,74.19,,,0.02,5.0,0.15,5.1,0.01,0.01,614.751651,1776235177000
1776235179.53,279.53,0.98,5.0,0.85,5.1,0.99,74.19,,,0.01,74.19,,,0.02,5.0,0.15,5.1,0.01,0.01,614.76053,1776235178000
1776235180.359,280.359,0.98,5.0,0.85,5.1,0.99,74.19,,,0.01,74.19,,,0.02,5.0,0.15,5.1,0.01,0.01,614.78671,1776235179000
1776235181.696,281.696,0.98,5.0,0.85,5.1,0.99,74.19,,,0.01,74.19,,,0.02,5.0,0.15,5.1,0.01,0.01,614.77079,1776235180000
1776235181.91,281.91,0.82,62.0,0.81,50.0,0.99,66.19,,,0.01,74.19,,,0.02,5.0,0.15,5.1,0.17,0.01,614.77079,1776235180000
1776235182.148,282.148,0.82,62.0,0.81,50.0,0.99,60.19,,,0.01,66.19,,,0.18,62.0,0.19,50.0,0.17,0.17,614.77079,1776235180000
1776235182.471,282.471,0.82,62.0,0.81,50.0,0.99,60.19,,,0.01,60.19,,,0.18,62.0,0.19,50.0,0.17,0.17,614.77073,1776235181000
1776235183.177,283.177,0.82,62.0,0.81,50.0,0.99,60.19,,,0.01,60.19,,,0.18,62.0,0.19,50.0,0.17,0.17,614.74774,1776235182000
1776235184.67,284.67,0.82,62.0,0.81,50.0,0.99,60.19,,,0.01,60.19,,,0.18,62.0,0.19,50.0,0.17,0.17,614.74334,1776235183000
1776235185.313,285.313,0.82,62.0,0.81,50.0,0.99,60.19,,,0.01,60.19,,,0.18,62.0,0.19,50.0,0.17,0.17,614.7441,1776235184000
1776235186.28,286.28,0.82,62.0,0.81,50.0,0.99,60.19,,,0.01,60.19,,,0.18,62.0,0.19,50.0,0.17,0.17,614.759212,1776235185000
1776235187.838,287.838,0.82,62.0,0.81,50.0,0.99,60.19,,,0.01,60.19,,,0.18,62.0,0.19,50.0,0.17,0.17,614.73987,1776235186000
1776235188.768,288.768,0.82,62.0,0.81,50.0,0.99,60.19,,,0.01,60.19,,,0.18,62.0,0.19,50.0,0.17,0.17,614.737,1776235187000
1776235189.55,289.55,0.82,62.0,0.81,50.0,0.99,60.19,,,0.01,60.19,,,0.18,62.0,0.19,50.0,0.17,0.17,614.678112,1776235188000
1776235190.428,290.428,0.82,62.0,0.81,50.0,0.99,60.19,,,0.01,60.19,,,0.18,62.0,0.19,50.0,0.17,0.17,614.64419,1776235189000
1776235191.048,291.048,0.82,10.9,0.81,50.0,0.99,60.19,,,0.01,60.19,,,0.18,10.9,0.19,50.0,0.17,0.17,614.64318,1776235190000
1776235192.338,292.338,0.82,10.9,0.81,50.0,0.99,60.19,,,0.01,60.19,,,0.18,10.9,0.19,50.0,0.17,0.17,614.640594,1776235191000
1776235193.613,293.613,0.82,10.9,0.81,50.0,0.99,60.19,,,0.01,60.19,,,0.18,10.9,0.19,50.0,0.17,0.17,614.6451,1776235192000
1776235194.044,294.044,0.82,10.9,0.81,50.0,0.99,60.19,,,0.01,60.19,,,0.18,10.9,0.19,50.0,0.17,0.17,614.64484,1776235193000
1776235194.355,294.355,0.82,10.9,0.81,50.0,0.99,55.19,,,0.01,60.19,,,0.18,10.9,0.19,50.0,0.17,0.17,614.64484,1776235193000
1776235195.331,295.331,0.82,10.9,0.81,50.0,0.99,55.19,,,0.01,55.19,,,0.18,10.9,0.19,50.0,0.17,0.17,614.64463,1776235194000
1776235196.393,296.393,0.82,10.9,0.81,50.0,0.99,55.19,,,0.01,55.19,,,0.18,10.9,0.19,50.0,0.17,0.17,614.64386,1776235195000
1776235196.942,296.942,0.82,10.9,0.81,50.0,0.99,54.08,,,0.01,54.08,,,0.18,10.9,0.19,50.0,0.17,0.17,614.64323,1776235196000
1776235197.433,297.433,0.82,10.9,0.81,50.0,0.99,31.85,,,0.01,54.08,,,0.18,10.9,0.19,50.0,0.17,0.17,614.64323,1776235196000
1776235197.948,297.948,0.82,10.9,0.81,50.0,0.99,21.85,,,0.01,31.85,,,0.18,10.9,0.19,50.0,0.17,0.17,614.64323,1776235196000
1776235198.173,298.173,0.82,10.9,0.81,50.0,0.99,18.89,,,0.01,21.85,,,0.18,10.9,0.19,50.0,0.17,0.17,614.64318,1776235197000
1776235199.166,299.166,0.99,131.11,0.82,10.9,,,,,,,,,0.01,131.11,0.18,10.9,,,614.64026,1776235198000
1776235200.262,300.262,0.99,131.11,0.82,10.9,,,,,,,,,0.01,131.11,0.18,10.9,,,614.64022,1776235199000
1776235201.4,301.4,0.99,131.11,0.82,10.9,,,,,,,,,0.01,131.11,0.18,10.9,,,614.64144,1776235200000
1776235201.994,301.994,0.99,131.11,0.82,10.9,,,,,,,,,0.01,131.11,0.18,10.9,,,614.64151,1776235201000

# RESULT,winner=Up,slug=bnb-updown-5m-1776234900,ticks=322
