timestamp,elapsed_sec,up_bid_p1,up_bid_s1,up_bid_p2,up_bid_s2,up_ask_p1,up_ask_s1,up_ask_p2,up_ask_s2,down_bid_p1,down_bid_s1,down_bid_p2,down_bid_s2,down_ask_p1,down_ask_s1,down_ask_p2,down_ask_s2,up_spread,down_spread,bnb_price,bnb_oracle_ts
1776243911.311,11.311,0.38,5.0,0.37,5.0,0.4,5.0,0.41,5.0,0.6,5.0,0.59,5.0,0.61,5.0,0.62,5.0,0.02,0.01,614.44897,1776243910000
1776243911.629,11.629,0.38,5.0,0.37,5.0,0.4,5.0,0.41,5.0,0.6,5.0,0.59,5.0,0.61,5.0,0.62,5.0,0.02,0.01,614.44897,1776243910000
1776243912.222,12.222,0.39,5.0,0.38,5.0,0.4,5.0,0.41,5.0,0.6,5.0,0.59,5.0,0.61,5.0,0.62,5.0,0.01,0.01,614.4441,1776243911000
1776243913.516,13.516,0.39,5.0,0.38,5.0,0.4,5.0,0.41,5.0,0.6,5.0,0.59,5.0,0.61,5.0,0.62,5.0,0.01,0.01,614.44252,1776243912000
1776243913.927,13.927,0.28,10.0,0.27,10.0,0.3,5.0,0.31,5.0,0.6,5.0,0.59,5.0,0.61,5.0,0.62,5.0,0.02,0.01,614.44252,1776243912000
1776243914.173,14.173,0.28,10.0,0.27,10.0,0.3,5.0,0.31,5.0,0.7,5.0,0.69,5.0,0.72,10.0,0.73,10.0,0.02,0.02,614.44086,1776243913000
1776243915.466,15.466,0.29,16.0,0.28,5.0,0.31,5.0,0.32,5.0,0.69,5.0,0.68,5.0,0.71,16.0,0.72,5.0,0.02,0.02,614.41544,1776243914000
1776243916.12,16.12,0.29,16.0,0.28,5.0,0.31,5.0,0.32,5.0,0.69,5.0,0.68,5.0,0.71,16.0,0.72,5.0,0.02,0.02,614.3888,1776243915000
1776243916.484,16.484,0.3,5.0,0.29,5.0,0.32,5.0,0.33,5.0,0.67,5.0,0.66,5.0,0.71,5.0,0.72,5.0,0.02,0.04,614.3888,1776243915000
1776243917.41,17.41,0.3,5.0,0.29,5.0,0.32,5.0,0.33,5.0,0.68,5.0,0.67,5.0,0.7,5.0,0.71,5.0,0.02,0.02,614.40196,1776243916000
1776243917.981,17.981,0.3,5.0,0.29,5.0,0.32,5.0,0.33,5.0,0.68,5.0,0.67,5.0,0.7,5.0,0.71,5.0,0.02,0.02,614.40727,1776243917000
1776243918.958,18.958,0.3,5.0,0.29,5.0,0.32,5.0,0.33,5.0,0.68,5.0,0.67,5.0,0.7,5.0,0.71,5.0,0.02,0.02,614.395,1776243918000
1776243920.034,20.034,0.3,5.0,0.29,5.0,0.32,5.0,0.33,5.0,0.68,5.0,0.67,5.0,0.7,5.0,0.71,5.0,0.02,0.02,614.35871,1776243919000
1776243920.963,20.963,0.3,5.0,0.29,5.0,0.32,5.0,0.33,5.0,0.68,5.0,0.67,5.0,0.7,5.0,0.71,5.0,0.02,0.02,614.35378,1776243920000
1776243921.915,21.915,0.3,5.0,0.29,5.0,0.32,5.0,0.33,5.0,0.68,5.0,0.67,5.0,0.7,5.0,0.71,5.0,0.02,0.02,614.35476,1776243921000
1776243922.934,22.934,0.3,5.0,0.29,5.0,0.32,5.0,0.33,5.0,0.68,5.0,0.67,5.0,0.7,5.0,0.71,5.0,0.02,0.02,614.35206,1776243922000
1776243923.899,23.899,0.3,5.0,0.29,5.0,0.32,5.0,0.33,5.0,0.68,5.0,0.67,5.0,0.7,5.0,0.71,5.0,0.02,0.02,614.35169,1776243923000
1776243924.988,24.988,0.3,5.0,0.29,5.0,0.32,5.0,0.33,5.0,0.68,5.0,0.67,5.0,0.7,5.0,0.71,5.0,0.02,0.02,614.35178,1776243924000
1776243925.199,25.199,0.34,5.0,0.33,5.0,0.37,5.0,0.38,10.0,0.68,5.0,0.67,5.0,0.7,5.0,0.71,5.0,0.03,0.02,614.35178,1776243924000
1776243926.106,26.106,0.34,5.0,0.33,5.0,0.37,5.0,0.38,10.0,0.63,5.0,0.62,10.0,0.66,5.0,0.67,5.0,0.03,0.03,614.3579,1776243925000
1776243927.142,27.142,0.34,5.0,0.33,5.0,0.37,5.0,0.38,10.0,0.63,5.0,0.62,10.0,0.66,5.0,0.67,5.0,0.03,0.03,614.35799,1776243926000
1776243928.116,28.116,0.35,5.0,0.34,5.0,0.38,5.0,0.39,5.0,0.63,5.0,0.62,10.0,0.66,5.0,0.67,5.0,0.03,0.03,614.35799,1776243926000
1776243929.247,29.247,0.35,5.0,0.34,5.0,0.38,5.0,0.39,5.0,0.62,5.0,0.61,5.0,0.65,5.0,0.66,5.0,0.03,0.03,614.39716,1776243928000
1776243930.231,30.231,0.35,5.0,0.34,5.0,0.38,5.0,0.39,5.0,0.62,5.0,0.61,5.0,0.65,5.0,0.66,5.0,0.03,0.03,614.417169,1776243929000
1776243931.321,31.321,0.35,5.0,0.34,5.0,0.38,5.0,0.39,5.0,0.62,5.0,0.61,5.0,0.65,5.0,0.66,5.0,0.03,0.03,614.405457,1776243930000
1776243931.637,31.637,0.44,5.0,0.43,5.0,0.46,5.0,0.47,10.0,0.62,5.0,0.61,5.0,0.65,5.0,0.66,5.0,0.02,0.03,614.405457,1776243930000
1776243932.433,32.433,0.44,5.0,0.43,5.0,0.46,5.0,0.47,10.0,0.54,5.0,0.53,10.0,0.56,5.0,0.57,5.0,0.02,0.02,614.445181,1776243931000
1776243933.23,33.23,0.44,5.0,0.43,5.0,0.46,5.0,0.47,10.0,0.54,5.0,0.53,10.0,0.56,5.0,0.57,5.0,0.02,0.02,614.419995,1776243932000
1776243934.494,34.494,0.44,5.0,0.43,5.0,0.46,5.0,0.47,10.0,0.54,5.0,0.53,10.0,0.56,5.0,0.57,5.0,0.02,0.02,614.45879,1776243933000
1776243935.161,35.161,0.44,5.0,0.43,5.0,0.46,5.0,0.47,10.0,0.54,5.0,0.53,10.0,0.56,5.0,0.57,5.0,0.02,0.02,614.45633,1776243934000
1776243935.74,35.74,0.43,5.0,0.42,5.0,0.46,10.0,0.47,10.0,0.54,5.0,0.53,10.0,0.56,5.0,0.57,5.0,0.03,0.02,614.45633,1776243934000
1776243937.049,37.049,0.43,5.0,0.42,5.0,0.46,10.0,0.47,10.0,0.54,10.0,0.53,10.0,0.57,5.0,0.58,5.0,0.03,0.03,614.46654,1776243936000
1776243938.657,38.657,0.43,5.0,0.42,5.0,0.46,10.0,0.47,10.0,0.54,10.0,0.53,10.0,0.57,5.0,0.58,5.0,0.03,0.03,614.50465,1776243937000
1776243938.914,38.914,0.48,5.0,0.47,5.0,0.5,5.0,0.51,5.0,0.54,10.0,0.53,10.0,0.57,5.0,0.58,5.0,0.02,0.03,614.50465,1776243937000
1776243939.435,39.435,0.48,5.0,0.47,5.0,0.5,5.0,0.51,5.0,0.5,5.0,0.49,5.0,0.52,5.0,0.53,5.0,0.02,0.02,614.488635,1776243938000
1776243940.168,40.168,0.48,5.0,0.47,5.0,0.5,5.0,0.51,5.0,0.5,5.0,0.49,5.0,0.52,5.0,0.53,5.0,0.02,0.02,614.502944,1776243939000
1776243941.322,41.322,0.41,5.0,0.39,5.0,0.44,5.0,0.45,5.0,0.5,5.0,0.49,5.0,0.52,5.0,0.53,5.0,0.03,0.02,614.502944,1776243939000
1776243941.606,41.606,0.41,5.0,0.39,5.0,0.44,5.0,0.45,5.0,0.56,5.0,0.55,5.0,0.59,5.0,0.61,5.0,0.03,0.03,614.52826,1776243940000
1776243942.273,42.273,0.41,5.0,0.39,5.0,0.44,5.0,0.45,5.0,0.56,5.0,0.55,5.0,0.59,5.0,0.61,5.0,0.03,0.03,614.520346,1776243941000
1776243942.993,42.993,0.41,5.0,0.39,5.0,0.44,5.0,0.45,5.0,0.56,5.0,0.55,5.0,0.59,5.0,0.61,5.0,0.03,0.03,614.49601,1776243942000
1776243944.441,44.441,0.41,5.0,0.39,5.0,0.44,5.0,0.45,5.0,0.56,5.0,0.55,5.0,0.59,5.0,0.61,5.0,0.03,0.03,614.49659,1776243943000
1776243945.122,45.122,0.41,5.0,0.39,5.0,0.44,5.0,0.45,5.0,0.56,5.0,0.55,5.0,0.59,5.0,0.61,5.0,0.03,0.03,614.49797,1776243944000
1776243946.655,46.655,0.41,5.0,0.39,5.0,0.44,5.0,0.45,5.0,0.56,5.0,0.55,5.0,0.59,5.0,0.61,5.0,0.03,0.03,614.50137,1776243945000
1776243947.428,47.428,0.41,5.0,0.39,5.0,0.44,5.0,0.45,5.0,0.56,5.0,0.55,5.0,0.59,5.0,0.61,5.0,0.03,0.03,614.49951,1776243946000
1776243948.137,48.137,0.41,5.0,0.39,5.0,0.44,5.0,0.45,5.0,0.56,5.0,0.55,5.0,0.59,5.0,0.61,5.0,0.03,0.03,614.49951,1776243947000
1776243948.626,48.626,0.51,5.0,0.5,5.0,0.52,5.0,0.53,10.0,0.56,5.0,0.55,5.0,0.59,5.0,0.61,5.0,0.01,0.03,614.49951,1776243947000
1776243949.524,49.524,0.51,5.0,0.5,5.0,0.52,5.0,0.53,10.0,0.48,5.0,0.47,10.0,0.49,5.0,0.5,5.0,0.01,0.01,614.524009,1776243948000
1776243950.252,50.252,0.51,5.0,0.5,5.0,0.52,5.0,0.53,10.0,0.48,5.0,0.47,10.0,0.49,5.0,0.5,5.0,0.01,0.01,614.5364,1776243949000
1776243950.753,50.753,0.5,5.0,0.49,5.0,0.51,3.0,0.52,10.0,0.48,5.0,0.47,10.0,0.49,5.0,0.5,5.0,0.01,0.01,614.5364,1776243949000
1776243951.593,51.593,0.5,5.0,0.49,5.0,0.51,3.0,0.52,10.0,0.49,3.0,0.48,10.0,0.5,5.0,0.51,5.0,0.01,0.01,614.522992,1776243950000
1776243952.205,52.205,0.5,5.0,0.49,5.0,0.51,3.0,0.52,10.0,0.49,3.0,0.48,10.0,0.5,5.0,0.51,5.0,0.01,0.01,614.52272,1776243951000
1776243953.113,53.113,0.5,5.0,0.49,5.0,0.51,3.0,0.52,10.0,0.49,3.0,0.48,10.0,0.5,5.0,0.51,5.0,0.01,0.01,614.587,1776243952000
1776243954.223,54.223,0.5,5.0,0.49,5.0,0.51,3.0,0.52,10.0,0.49,3.0,0.48,10.0,0.5,5.0,0.51,5.0,0.01,0.01,614.586,1776243953000
1776243955.208,55.208,0.5,5.0,0.49,5.0,0.51,3.0,0.52,10.0,0.49,3.0,0.48,10.0,0.5,5.0,0.51,5.0,0.01,0.01,614.54904,1776243954000
1776243956.176,56.176,0.5,5.0,0.49,5.0,0.51,3.0,0.52,10.0,0.49,3.0,0.48,10.0,0.5,5.0,0.51,5.0,0.01,0.01,614.54231,1776243955000
1776243957.113,57.113,0.5,5.0,0.49,5.0,0.51,3.0,0.52,10.0,0.49,3.0,0.48,10.0,0.5,5.0,0.51,5.0,0.01,0.01,614.55597,1776243956000
1776243958.287,58.287,0.5,5.0,0.49,5.0,0.51,3.0,0.52,10.0,0.49,3.0,0.48,10.0,0.5,5.0,0.51,5.0,0.01,0.01,614.54949,1776243957000
1776243959.338,59.338,0.5,5.0,0.49,5.0,0.51,3.0,0.52,10.0,0.49,3.0,0.48,10.0,0.5,5.0,0.51,5.0,0.01,0.01,614.53734,1776243958000
1776243960.355,60.355,0.5,5.0,0.49,5.0,0.51,3.0,0.52,10.0,0.49,3.0,0.48,10.0,0.5,5.0,0.51,5.0,0.01,0.01,614.54001,1776243959000
1776243961.232,61.232,0.5,5.0,0.49,5.0,0.51,3.0,0.52,10.0,0.49,3.0,0.48,10.0,0.5,5.0,0.51,5.0,0.01,0.01,614.53999,1776243960000
1776243962.418,62.418,0.5,5.0,0.49,5.0,0.51,3.0,0.52,10.0,0.49,3.0,0.48,10.0,0.5,5.0,0.51,5.0,0.01,0.01,614.53849,1776243961000
1776243962.942,62.942,0.5,5.0,0.49,5.0,0.51,3.0,0.52,10.0,0.49,3.0,0.48,10.0,0.5,5.0,0.51,5.0,0.01,0.01,614.509711,1776243962000
1776243963.817,63.817,0.51,5.0,0.5,5.0,0.52,6.0,0.53,5.0,0.49,3.0,0.48,10.0,0.5,5.0,0.51,5.0,0.01,0.01,614.509711,1776243962000
1776243965.145,65.145,0.51,5.0,0.5,5.0,0.52,6.0,0.53,5.0,0.48,6.0,0.47,5.0,0.49,5.0,0.5,5.0,0.01,0.01,614.521725,1776243964000
1776243966.269,66.269,0.51,5.0,0.5,5.0,0.52,6.0,0.53,5.0,0.48,6.0,0.47,5.0,0.49,5.0,0.5,5.0,0.01,0.01,614.52978,1776243965000
1776243967.521,67.521,0.51,5.0,0.5,5.0,0.52,6.0,0.53,5.0,0.48,6.0,0.47,5.0,0.49,5.0,0.5,5.0,0.01,0.01,614.531562,1776243966000
1776243968.147,68.147,0.51,5.0,0.5,5.0,0.52,6.0,0.53,5.0,0.48,6.0,0.47,5.0,0.49,5.0,0.5,5.0,0.01,0.01,614.54818,1776243967000
1776243969.401,69.401,0.51,5.0,0.5,5.0,0.52,6.0,0.53,5.0,0.48,6.0,0.47,5.0,0.49,5.0,0.5,5.0,0.01,0.01,614.578964,1776243968000
1776243970.037,70.037,0.51,5.0,0.5,5.0,0.52,6.0,0.53,5.0,0.48,6.0,0.47,5.0,0.49,5.0,0.5,5.0,0.01,0.01,614.576181,1776243969000
1776243971.206,71.206,0.51,5.0,0.5,5.0,0.52,6.0,0.53,5.0,0.48,6.0,0.47,5.0,0.49,5.0,0.5,5.0,0.01,0.01,614.55997,1776243970000
1776243972.368,72.368,0.51,5.0,0.5,5.0,0.52,6.0,0.53,5.0,0.48,6.0,0.47,5.0,0.49,5.0,0.5,5.0,0.01,0.01,614.56434,1776243971000
1776243972.972,72.972,0.51,5.0,0.5,5.0,0.52,6.0,0.53,5.0,0.48,6.0,0.47,5.0,0.49,5.0,0.5,5.0,0.01,0.01,614.56434,1776243972000
1776243974.159,74.159,0.51,5.0,0.5,5.0,0.52,6.0,0.53,5.0,0.48,6.0,0.47,5.0,0.49,5.0,0.5,5.0,0.01,0.01,614.56348,1776243973000
1776243975.304,75.304,0.51,5.0,0.5,5.0,0.52,6.0,0.53,5.0,0.48,6.0,0.47,5.0,0.49,5.0,0.5,5.0,0.01,0.01,614.55662,1776243974000
1776243975.816,75.816,0.51,5.0,0.5,5.0,0.52,6.0,0.53,5.0,0.48,6.0,0.47,5.0,0.49,5.0,0.5,5.0,0.01,0.01,614.55662,1776243975000
1776243976.983,76.983,0.51,5.0,0.5,5.0,0.52,6.0,0.53,5.0,0.48,6.0,0.47,5.0,0.49,5.0,0.5,5.0,0.01,0.01,614.536,1776243976000
1776243978.261,78.261,0.51,5.0,0.5,5.0,0.52,6.0,0.53,5.0,0.48,6.0,0.47,5.0,0.49,5.0,0.5,5.0,0.01,0.01,614.53573,1776243977000
1776243979.325,79.325,0.51,5.0,0.5,5.0,0.52,6.0,0.53,5.0,0.48,6.0,0.47,5.0,0.49,5.0,0.5,5.0,0.01,0.01,614.53984,1776243978000
1776243980.631,80.631,0.51,5.0,0.5,5.0,0.52,6.0,0.53,5.0,0.48,6.0,0.47,5.0,0.49,5.0,0.5,5.0,0.01,0.01,614.54008,1776243979000
1776243981.35,81.35,0.51,5.0,0.5,5.0,0.52,6.0,0.53,5.0,0.48,6.0,0.47,5.0,0.49,5.0,0.5,5.0,0.01,0.01,614.53985,1776243980000
1776243982.487,82.487,0.51,5.0,0.5,5.0,0.52,6.0,0.53,5.0,0.48,6.0,0.47,5.0,0.49,5.0,0.5,5.0,0.01,0.01,614.59432,1776243981000
1776243983.072,83.072,0.51,5.0,0.5,5.0,0.52,6.0,0.53,5.0,0.48,6.0,0.47,5.0,0.49,5.0,0.5,5.0,0.01,0.01,614.584754,1776243982000
1776243984.182,84.182,0.56,5.0,0.55,5.0,0.58,5.0,0.59,5.0,0.42,5.0,0.41,5.0,0.44,5.0,0.45,5.0,0.02,0.02,614.585048,1776243983000
1776243985.365,85.365,0.56,5.0,0.55,5.0,0.58,5.0,0.59,5.0,0.42,5.0,0.41,5.0,0.44,5.0,0.45,5.0,0.02,0.02,614.589802,1776243984000
1776243986.043,86.043,0.56,5.0,0.55,5.0,0.58,5.0,0.59,5.0,0.42,5.0,0.41,5.0,0.44,5.0,0.45,5.0,0.02,0.02,614.589802,1776243985000
1776243987.268,87.268,0.56,5.0,0.55,5.0,0.58,5.0,0.59,5.0,0.42,5.0,0.41,5.0,0.44,5.0,0.45,5.0,0.02,0.02,614.590558,1776243986000
1776243988.373,88.373,0.56,5.0,0.55,5.0,0.58,5.0,0.59,5.0,0.42,5.0,0.41,5.0,0.44,5.0,0.45,5.0,0.02,0.02,614.565076,1776243987000
1776243988.926,88.926,0.56,5.0,0.55,5.0,0.58,5.0,0.59,5.0,0.42,5.0,0.41,5.0,0.44,5.0,0.45,5.0,0.02,0.02,614.565243,1776243988000
1776243990.163,90.163,0.56,5.0,0.55,5.0,0.58,5.0,0.59,5.0,0.42,5.0,0.41,5.0,0.44,5.0,0.45,5.0,0.02,0.02,614.586184,1776243989000
1776243991.258,91.258,0.56,5.0,0.55,5.0,0.58,5.0,0.59,5.0,0.42,5.0,0.41,5.0,0.44,5.0,0.45,5.0,0.02,0.02,614.589,1776243990000
1776243992.331,92.331,0.56,5.0,0.55,5.0,0.58,5.0,0.59,5.0,0.42,5.0,0.41,5.0,0.44,5.0,0.45,5.0,0.02,0.02,614.57295,1776243991000
1776243992.955,92.955,0.56,5.0,0.55,5.0,0.58,5.0,0.59,5.0,0.42,5.0,0.41,5.0,0.44,5.0,0.45,5.0,0.02,0.02,614.573063,1776243992000
1776243994.119,94.119,0.56,5.0,0.55,5.0,0.58,5.0,0.59,5.0,0.42,5.0,0.41,5.0,0.44,5.0,0.45,5.0,0.02,0.02,614.576435,1776243993000
1776243995.723,95.723,0.56,5.0,0.55,5.0,0.58,5.0,0.59,5.0,0.42,5.0,0.41,5.0,0.44,5.0,0.45,5.0,0.02,0.02,614.581786,1776243994000
1776243996.213,96.213,0.56,5.0,0.55,5.0,0.58,5.0,0.59,5.0,0.42,5.0,0.41,5.0,0.44,5.0,0.45,5.0,0.02,0.02,614.583,1776243995000
1776243997.321,97.321,0.56,5.0,0.55,5.0,0.58,5.0,0.59,5.0,0.42,5.0,0.41,5.0,0.44,5.0,0.45,5.0,0.02,0.02,614.586,1776243996000
1776243998.009,98.009,0.56,5.0,0.55,5.0,0.58,5.0,0.59,5.0,0.42,5.0,0.41,5.0,0.44,5.0,0.45,5.0,0.02,0.02,614.586,1776243997000
1776243999.035,99.035,0.57,5.0,0.56,5.0,0.59,5.0,0.6,5.0,0.41,5.0,0.4,5.0,0.43,5.0,0.44,5.0,0.02,0.02,614.584887,1776243998000
1776244000.12,100.12,0.57,5.0,0.56,5.0,0.59,5.0,0.6,5.0,0.41,5.0,0.4,5.0,0.43,5.0,0.44,5.0,0.02,0.02,614.582608,1776243999000
1776244001.244,101.244,0.57,5.0,0.56,5.0,0.59,5.0,0.6,5.0,0.41,5.0,0.4,5.0,0.43,5.0,0.44,5.0,0.02,0.02,614.590764,1776244000000
1776244002.319,102.319,0.57,5.0,0.56,5.0,0.59,5.0,0.6,5.0,0.41,5.0,0.4,5.0,0.43,5.0,0.44,5.0,0.02,0.02,614.586177,1776244001000
1776244003.477,103.477,0.57,5.0,0.56,5.0,0.59,5.0,0.6,5.0,0.41,5.0,0.4,5.0,0.43,5.0,0.44,5.0,0.02,0.02,614.585896,1776244002000
1776244004.079,104.079,0.57,5.0,0.56,5.0,0.59,5.0,0.6,5.0,0.41,5.0,0.4,5.0,0.43,5.0,0.44,5.0,0.02,0.02,614.58593,1776244003000
1776244005.097,105.097,0.57,5.0,0.56,5.0,0.59,5.0,0.6,5.0,0.41,5.0,0.4,5.0,0.43,5.0,0.44,5.0,0.02,0.02,614.596005,1776244004000
1776244005.461,105.461,0.6,0.42,0.59,5.0,0.62,11.0,0.64,5.0,0.41,5.0,0.4,5.0,0.43,5.0,0.44,5.0,0.02,0.02,614.596005,1776244004000
1776244005.846,105.846,0.69,5.0,0.68,5.0,0.71,66.0,0.72,17.9,0.38,11.0,0.36,5.0,0.4,0.42,0.41,5.0,0.02,0.02,614.596005,1776244004000
1776244006.184,106.184,0.69,5.0,0.68,5.0,0.71,66.0,0.72,17.9,0.29,66.0,0.28,17.9,0.31,5.0,0.32,5.0,0.02,0.02,614.598,1776244005000
1776244007.251,107.251,0.69,5.0,0.68,5.0,0.71,66.0,0.72,17.9,0.29,66.0,0.28,17.9,0.31,5.0,0.32,5.0,0.02,0.02,614.6198,1776244006000
1776244007.469,107.469,0.7,7.09,0.69,5.0,0.71,61.0,0.72,12.9,0.29,66.0,0.28,17.9,0.31,5.0,0.32,5.0,0.01,0.02,614.6198,1776244006000
1776244008.457,108.457,0.7,7.09,0.69,5.0,0.71,61.0,0.72,12.9,0.29,61.0,0.28,12.9,0.3,7.09,0.31,5.0,0.01,0.01,614.64995,1776244007000
1776244008.71,108.71,0.7,12.09,0.69,5.0,0.71,2.0,0.75,13.9,0.29,61.0,0.28,12.9,0.3,7.09,0.31,5.0,0.01,0.01,614.64995,1776244007000
1776244008.982,108.982,0.7,12.09,0.69,5.0,0.71,2.0,0.75,13.9,0.29,2.0,0.25,13.9,0.3,12.09,0.31,5.0,0.01,0.01,614.63202,1776244008000
1776244010.063,110.063,0.7,12.09,0.69,5.0,0.71,2.0,0.75,13.9,0.29,2.0,0.25,13.9,0.3,12.09,0.31,5.0,0.01,0.01,614.65603,1776244009000
1776244011.294,111.294,0.7,12.09,0.69,5.0,0.71,2.0,0.75,13.9,0.29,2.0,0.25,13.9,0.3,12.09,0.31,5.0,0.01,0.01,614.715,1776244010000
1776244012.384,112.384,0.7,12.09,0.69,5.0,0.71,2.0,0.75,13.9,0.29,2.0,0.25,13.9,0.3,12.09,0.31,5.0,0.01,0.01,614.73377,1776244011000
1776244013.024,113.024,0.7,12.09,0.69,5.0,0.71,2.0,0.75,13.9,0.29,2.0,0.25,13.9,0.3,12.09,0.31,5.0,0.01,0.01,614.73621,1776244012000
1776244013.975,113.975,0.7,12.09,0.69,5.0,0.71,2.0,0.75,13.9,0.29,2.0,0.25,13.9,0.3,12.09,0.31,5.0,0.01,0.01,614.75177,1776244013000
1776244015.029,115.029,0.7,12.09,0.69,5.0,0.71,2.0,0.75,13.9,0.29,2.0,0.25,13.9,0.3,12.09,0.31,5.0,0.01,0.01,614.75192,1776244014000
1776244016.112,116.112,0.7,12.09,0.69,5.0,0.71,2.0,0.75,13.9,0.29,2.0,0.25,13.9,0.3,12.09,0.31,5.0,0.01,0.01,614.76336,1776244015000
1776244017.148,117.148,0.7,12.09,0.69,5.0,0.71,2.0,0.75,13.9,0.29,2.0,0.25,13.9,0.3,12.09,0.31,5.0,0.01,0.01,614.76739,1776244016000
1776244018.273,118.273,0.7,12.09,0.69,5.0,0.71,2.0,0.75,13.9,0.29,2.0,0.25,13.9,0.3,12.09,0.31,5.0,0.01,0.01,614.79068,1776244017000
1776244019.277,119.277,0.7,12.09,0.69,5.0,0.71,2.0,0.75,13.9,0.29,2.0,0.25,13.9,0.3,12.09,0.31,5.0,0.01,0.01,614.78059,1776244018000
1776244020.332,120.332,0.7,12.09,0.69,5.0,0.71,2.0,0.75,13.9,0.29,2.0,0.25,13.9,0.3,12.09,0.31,5.0,0.01,0.01,614.798,1776244019000
1776244021.387,121.387,0.7,12.09,0.69,5.0,0.71,2.0,0.75,13.9,0.29,2.0,0.25,13.9,0.3,12.09,0.31,5.0,0.01,0.01,614.806,1776244020000
1776244022.049,122.049,0.7,12.09,0.69,5.0,0.71,2.0,0.75,13.9,0.29,2.0,0.25,13.9,0.3,12.09,0.31,5.0,0.01,0.01,614.806,1776244021000
1776244023.152,123.152,0.7,12.09,0.69,5.0,0.71,2.0,0.75,13.9,0.29,2.0,0.25,13.9,0.3,12.09,0.31,5.0,0.01,0.01,614.805,1776244022000
1776244024.196,124.196,0.7,12.09,0.69,5.0,0.71,2.0,0.75,13.9,0.29,2.0,0.25,13.9,0.3,12.09,0.31,5.0,0.01,0.01,614.805,1776244023000
1776244025.593,125.593,0.7,12.09,0.69,5.0,0.71,2.0,0.75,13.9,0.29,2.0,0.25,13.9,0.3,12.09,0.31,5.0,0.01,0.01,614.795,1776244024000
1776244026.434,126.434,0.7,12.09,0.69,5.0,0.71,2.0,0.75,13.9,0.29,2.0,0.25,13.9,0.3,12.09,0.31,5.0,0.01,0.01,614.795,1776244025000
1776244027.068,127.068,0.7,12.09,0.69,5.0,0.71,2.0,0.75,13.9,0.29,2.0,0.25,13.9,0.3,12.09,0.31,5.0,0.01,0.01,614.787,1776244026000
1776244028.52,128.52,0.7,12.09,0.69,5.0,0.71,2.0,0.75,13.9,0.29,2.0,0.25,13.9,0.3,12.09,0.31,5.0,0.01,0.01,614.745679,1776244027000
1776244029.202,129.202,0.7,12.09,0.69,5.0,0.71,2.0,0.75,13.9,0.29,2.0,0.25,13.9,0.3,12.09,0.31,5.0,0.01,0.01,614.74863,1776244028000
1776244030.435,130.435,0.7,12.09,0.69,5.0,0.71,2.0,0.75,13.9,0.29,2.0,0.25,13.9,0.3,12.09,0.31,5.0,0.01,0.01,614.74555,1776244029000
1776244031.026,131.026,0.7,12.09,0.69,5.0,0.71,2.0,0.75,13.9,0.29,2.0,0.25,13.9,0.3,12.09,0.31,5.0,0.01,0.01,614.74895,1776244030000
1776244032.21,132.21,0.7,12.09,0.69,5.0,0.71,2.0,0.75,13.9,0.29,2.0,0.25,13.9,0.3,12.09,0.31,5.0,0.01,0.01,614.74964,1776244031000
1776244033.455,133.455,0.7,12.09,0.69,5.0,0.71,2.0,0.75,13.9,0.29,2.0,0.25,13.9,0.3,12.09,0.31,5.0,0.01,0.01,614.7934,1776244032000
1776244034.304,134.304,0.7,12.09,0.69,5.0,0.71,2.0,0.75,13.9,0.29,2.0,0.25,13.9,0.3,12.09,0.31,5.0,0.01,0.01,614.79319,1776244033000
1776244035.527,135.527,0.7,12.09,0.69,5.0,0.71,2.0,0.75,13.9,0.29,2.0,0.25,13.9,0.3,12.09,0.31,5.0,0.01,0.01,614.77697,1776244034000
1776244036.336,136.336,0.7,12.09,0.69,5.0,0.71,2.0,0.75,13.9,0.29,2.0,0.25,13.9,0.3,12.09,0.31,5.0,0.01,0.01,614.79334,1776244035000
1776244037.721,137.721,0.7,12.09,0.69,5.0,0.71,2.0,0.75,13.9,0.29,2.0,0.25,13.9,0.3,12.09,0.31,5.0,0.01,0.01,614.79379,1776244036000
1776244038.38,138.38,0.7,12.09,0.69,5.0,0.71,2.0,0.75,13.9,0.29,2.0,0.25,13.9,0.3,12.09,0.31,5.0,0.01,0.01,614.81081,1776244037000
1776244039.232,139.232,0.7,12.09,0.69,5.0,0.71,2.0,0.75,13.9,0.29,2.0,0.25,13.9,0.3,12.09,0.31,5.0,0.01,0.01,614.81081,1776244038000
1776244040.598,140.598,0.7,12.09,0.69,5.0,0.71,2.0,0.75,13.9,0.29,2.0,0.25,13.9,0.3,12.09,0.31,5.0,0.01,0.01,614.81445,1776244039000
1776244041.708,141.708,0.7,12.09,0.69,5.0,0.71,2.0,0.75,13.9,0.29,2.0,0.25,13.9,0.3,12.09,0.31,5.0,0.01,0.01,614.81696,1776244040000
1776244042.516,142.516,0.7,12.09,0.69,5.0,0.71,2.0,0.75,13.9,0.29,2.0,0.25,13.9,0.3,12.09,0.31,5.0,0.01,0.01,614.78551,1776244041000
1776244043.123,143.123,0.7,12.09,0.69,5.0,0.71,2.0,0.75,13.9,0.29,2.0,0.25,13.9,0.3,12.09,0.31,5.0,0.01,0.01,614.82576,1776244042000
1776244044.783,144.783,0.7,12.09,0.69,5.0,0.71,2.0,0.75,13.9,0.29,2.0,0.25,13.9,0.3,12.09,0.31,5.0,0.01,0.01,614.81553,1776244043000
1776244045.406,145.406,0.7,12.09,0.69,5.0,0.71,2.0,0.75,13.9,0.29,2.0,0.25,13.9,0.3,12.09,0.31,5.0,0.01,0.01,614.81928,1776244044000
1776244045.976,145.976,0.7,12.09,0.69,5.0,0.71,2.0,0.75,13.9,0.29,2.0,0.25,13.9,0.3,12.09,0.31,5.0,0.01,0.01,614.81849,1776244045000
1776244046.53,146.53,0.82,5.0,0.81,5.0,0.83,2.98,0.84,5.0,0.29,2.0,0.25,13.9,0.3,12.09,0.31,5.0,0.01,0.01,614.81849,1776244045000
1776244047.522,147.522,0.82,5.0,0.81,5.0,0.83,2.98,0.84,5.0,0.17,2.98,0.16,5.0,0.18,5.0,0.19,5.0,0.01,0.01,614.8147,1776244046000
1776244048.299,148.299,0.65,5.0,0.61,5.0,0.71,5.0,0.72,5.0,0.29,5.0,0.28,5.0,0.35,5.0,0.39,5.0,0.06,0.06,614.79702,1776244047000
1776244049.434,149.434,0.65,5.0,0.61,5.0,0.71,5.0,0.72,5.0,0.29,5.0,0.28,5.0,0.35,5.0,0.39,5.0,0.06,0.06,614.73142,1776244048000
1776244050.077,150.077,0.65,5.0,0.61,5.0,0.71,5.0,0.72,5.0,0.29,5.0,0.28,5.0,0.35,5.0,0.39,5.0,0.06,0.06,614.73142,1776244049000
1776244051.415,151.415,0.65,5.0,0.61,5.0,0.71,5.0,0.72,5.0,0.29,5.0,0.28,5.0,0.35,5.0,0.39,5.0,0.06,0.06,614.76,1776244050000
1776244052.021,152.021,0.65,5.0,0.61,5.0,0.71,5.0,0.72,5.0,0.29,5.0,0.28,5.0,0.35,5.0,0.39,5.0,0.06,0.06,614.76,1776244051000
1776244053.268,153.268,0.65,5.0,0.61,5.0,0.71,5.0,0.72,5.0,0.29,5.0,0.28,5.0,0.35,5.0,0.39,5.0,0.06,0.06,614.75229,1776244052000
1776244054.491,154.491,0.65,5.0,0.61,5.0,0.71,5.0,0.72,5.0,0.29,5.0,0.28,5.0,0.35,5.0,0.39,5.0,0.06,0.06,614.74621,1776244053000
1776244055.108,155.108,0.65,5.0,0.61,5.0,0.71,5.0,0.72,5.0,0.29,5.0,0.28,5.0,0.35,5.0,0.39,5.0,0.06,0.06,614.74713,1776244054000
1776244056.245,156.245,0.65,5.0,0.61,5.0,0.71,5.0,0.72,5.0,0.29,5.0,0.28,5.0,0.35,5.0,0.39,5.0,0.06,0.06,614.76729,1776244055000
1776244057.637,157.637,0.65,5.0,0.61,5.0,0.71,5.0,0.72,5.0,0.29,5.0,0.28,5.0,0.35,5.0,0.39,5.0,0.06,0.06,614.792,1776244056000
1776244058.908,158.908,0.65,5.0,0.61,5.0,0.71,5.0,0.72,5.0,0.29,5.0,0.28,5.0,0.35,5.0,0.39,5.0,0.06,0.06,614.794,1776244057000
1776244059.802,159.802,0.65,5.0,0.61,5.0,0.71,5.0,0.72,5.0,0.29,5.0,0.28,5.0,0.35,5.0,0.39,5.0,0.06,0.06,614.794,1776244058000
1776244060.583,160.583,0.65,5.0,0.61,5.0,0.71,5.0,0.72,5.0,0.29,5.0,0.28,5.0,0.35,5.0,0.39,5.0,0.06,0.06,614.793,1776244059000
1776244061.48,161.48,0.65,5.0,0.61,5.0,0.71,5.0,0.72,5.0,0.29,5.0,0.28,5.0,0.35,5.0,0.39,5.0,0.06,0.06,614.789,1776244060000
1776244062.074,162.074,0.65,5.0,0.61,5.0,0.71,5.0,0.72,5.0,0.29,5.0,0.28,5.0,0.35,5.0,0.39,5.0,0.06,0.06,614.789,1776244061000
1776244063.637,163.637,0.65,5.0,0.61,5.0,0.71,5.0,0.72,5.0,0.29,5.0,0.28,5.0,0.35,5.0,0.39,5.0,0.06,0.06,614.787,1776244062000
1776244064.162,164.162,0.65,5.0,0.61,5.0,0.71,5.0,0.72,5.0,0.29,5.0,0.28,5.0,0.35,5.0,0.39,5.0,0.06,0.06,614.787,1776244063000
1776244065.585,165.585,0.65,5.0,0.61,5.0,0.71,5.0,0.72,5.0,0.29,5.0,0.28,5.0,0.35,5.0,0.39,5.0,0.06,0.06,614.74007,1776244064000
1776244066.417,166.417,0.65,5.0,0.61,5.0,0.71,5.0,0.72,5.0,0.29,5.0,0.28,5.0,0.35,5.0,0.39,5.0,0.06,0.06,614.74026,1776244065000
1776244067.631,167.631,0.65,5.0,0.61,5.0,0.71,5.0,0.72,5.0,0.29,5.0,0.28,5.0,0.35,5.0,0.39,5.0,0.06,0.06,614.74015,1776244066000
1776244068.478,168.478,0.65,5.0,0.61,5.0,0.71,5.0,0.72,5.0,0.29,5.0,0.28,5.0,0.35,5.0,0.39,5.0,0.06,0.06,614.74376,1776244067000
1776244069.087,169.087,0.65,5.0,0.61,5.0,0.71,5.0,0.72,5.0,0.29,5.0,0.28,5.0,0.35,5.0,0.39,5.0,0.06,0.06,614.7276,1776244068000
1776244069.553,169.553,0.64,5.0,0.63,5.0,0.67,5.0,0.68,5.0,0.29,5.0,0.28,5.0,0.35,5.0,0.39,5.0,0.03,0.06,614.7276,1776244068000
1776244070.674,170.674,0.64,5.0,0.63,5.0,0.67,5.0,0.68,5.0,0.33,5.0,0.32,5.0,0.36,5.0,0.37,5.0,0.03,0.03,614.72614,1776244069000
1776244071.357,171.357,0.64,5.0,0.63,5.0,0.67,5.0,0.68,5.0,0.33,5.0,0.32,5.0,0.36,5.0,0.37,5.0,0.03,0.03,614.72421,1776244070000
1776244072.792,172.792,0.64,5.0,0.63,5.0,0.67,5.0,0.68,5.0,0.33,5.0,0.32,5.0,0.36,5.0,0.37,5.0,0.03,0.03,614.696,1776244071000
1776244073.461,173.461,0.64,5.0,0.63,5.0,0.67,5.0,0.68,5.0,0.33,5.0,0.32,5.0,0.36,5.0,0.37,5.0,0.03,0.03,614.67,1776244072000
1776244074.173,174.173,0.64,5.0,0.63,5.0,0.67,5.0,0.68,5.0,0.33,5.0,0.32,5.0,0.36,5.0,0.37,5.0,0.03,0.03,614.673,1776244073000
1776244074.496,174.496,0.69,5.0,0.68,5.0,0.71,50.0,0.72,17.9,0.33,5.0,0.32,5.0,0.36,5.0,0.37,5.0,0.02,0.03,614.673,1776244073000
1776244075.074,175.074,0.69,5.0,0.68,5.0,0.71,50.0,0.72,17.9,0.29,50.0,0.28,17.9,0.31,5.0,0.32,5.0,0.02,0.02,614.672,1776244074000
1776244076.345,176.345,0.69,5.0,0.68,5.0,0.71,50.0,0.72,17.9,0.29,50.0,0.28,17.9,0.31,5.0,0.32,5.0,0.02,0.02,614.673,1776244075000
1776244077.42,177.42,0.69,5.0,0.68,5.0,0.71,50.0,0.72,17.9,0.29,50.0,0.28,17.9,0.31,5.0,0.32,5.0,0.02,0.02,614.671,1776244076000
1776244077.948,177.948,0.69,5.0,0.68,5.0,0.71,50.0,0.72,17.9,0.29,50.0,0.28,17.9,0.31,5.0,0.32,5.0,0.02,0.02,614.671,1776244077000
1776244079.05,179.05,0.69,5.0,0.68,5.0,0.71,50.0,0.72,17.9,0.29,50.0,0.28,17.9,0.31,5.0,0.32,5.0,0.02,0.02,614.67,1776244078000
1776244080.163,180.163,0.69,5.0,0.68,5.0,0.71,50.0,0.72,17.9,0.29,50.0,0.28,17.9,0.31,5.0,0.32,5.0,0.02,0.02,614.662,1776244079000
1776244081.089,181.089,0.69,5.0,0.68,5.0,0.71,50.0,0.72,17.9,0.29,50.0,0.28,17.9,0.31,5.0,0.32,5.0,0.02,0.02,614.661,1776244080000
1776244082.255,182.255,0.69,5.0,0.68,5.0,0.71,50.0,0.72,17.9,0.29,50.0,0.28,17.9,0.31,5.0,0.32,5.0,0.02,0.02,614.661,1776244081000
1776244083.237,183.237,0.69,5.0,0.68,5.0,0.71,50.0,0.72,17.9,0.29,50.0,0.28,17.9,0.31,5.0,0.32,5.0,0.02,0.02,614.662,1776244082000
1776244084.31,184.31,0.69,5.0,0.68,5.0,0.71,50.0,0.72,17.9,0.29,50.0,0.28,17.9,0.31,5.0,0.32,5.0,0.02,0.02,614.659,1776244083000
1776244084.822,184.822,0.69,5.0,0.68,5.0,0.71,50.0,0.72,17.9,0.29,50.0,0.28,17.9,0.31,5.0,0.32,5.0,0.02,0.02,614.647577,1776244084000
1776244085.863,185.863,0.69,5.0,0.68,5.0,0.71,50.0,0.72,17.9,0.29,50.0,0.28,17.9,0.31,5.0,0.32,5.0,0.02,0.02,614.612,1776244085000
1776244086.917,186.917,0.69,5.0,0.68,5.0,0.71,50.0,0.72,17.9,0.29,50.0,0.28,17.9,0.31,5.0,0.32,5.0,0.02,0.02,614.599678,1776244086000
1776244087.923,187.923,0.69,5.0,0.68,5.0,0.71,50.0,0.72,17.9,0.29,50.0,0.28,17.9,0.31,5.0,0.32,5.0,0.02,0.02,614.602,1776244087000
1776244088.968,188.968,0.69,5.0,0.68,5.0,0.71,50.0,0.72,17.9,0.29,50.0,0.28,17.9,0.31,5.0,0.32,5.0,0.02,0.02,614.603,1776244088000
1776244090.016,190.016,0.69,5.0,0.68,5.0,0.71,50.0,0.72,17.9,0.29,50.0,0.28,17.9,0.31,5.0,0.32,5.0,0.02,0.02,614.603,1776244089000
1776244090.961,190.961,0.69,5.0,0.68,5.0,0.71,50.0,0.72,17.9,0.29,50.0,0.28,17.9,0.31,5.0,0.32,5.0,0.02,0.02,614.602,1776244090000
1776244092.25,192.25,0.69,5.0,0.68,5.0,0.71,50.0,0.72,17.9,0.29,50.0,0.28,17.9,0.31,5.0,0.32,5.0,0.02,0.02,614.56654,1776244091000
1776244092.513,192.513,0.6,5.0,0.59,5.0,0.62,16.0,0.63,16.2,0.29,50.0,0.28,17.9,0.31,5.0,0.32,5.0,0.02,0.02,614.56654,1776244091000
1776244093.365,193.365,0.6,5.0,0.59,5.0,0.62,16.0,0.63,16.2,0.38,16.0,0.37,16.2,0.4,5.0,0.41,5.0,0.02,0.02,614.56086,1776244092000
1776244093.903,193.903,0.6,5.0,0.59,5.0,0.62,16.0,0.63,16.2,0.38,16.0,0.37,16.2,0.4,5.0,0.41,5.0,0.02,0.02,614.56197,1776244093000
1776244094.344,194.344,0.6,0.85,0.59,5.0,0.62,21.0,0.63,16.2,0.38,16.0,0.37,16.2,0.4,5.0,0.41,5.0,0.02,0.02,614.56197,1776244093000
1776244095.116,195.116,0.6,0.85,0.59,5.0,0.62,21.0,0.63,16.2,0.38,21.0,0.37,16.2,0.4,0.85,0.41,5.0,0.02,0.02,614.56684,1776244094000
1776244096.225,196.225,0.6,0.85,0.59,5.0,0.62,21.0,0.63,16.2,0.38,21.0,0.37,16.2,0.4,0.85,0.41,5.0,0.02,0.02,614.568,1776244095000
1776244097.413,197.413,0.6,0.85,0.59,5.0,0.62,21.0,0.63,16.2,0.38,21.0,0.37,16.2,0.4,0.85,0.41,5.0,0.02,0.02,614.56689,1776244096000
1776244097.992,197.992,0.6,0.85,0.59,5.0,0.62,21.0,0.63,16.2,0.38,21.0,0.37,16.2,0.4,0.85,0.41,5.0,0.02,0.02,614.56701,1776244097000
1776244099.053,199.053,0.6,0.85,0.59,5.0,0.62,21.0,0.63,16.2,0.38,21.0,0.37,16.2,0.4,0.85,0.41,5.0,0.02,0.02,614.57074,1776244098000
1776244100.391,200.391,0.6,0.85,0.59,5.0,0.62,21.0,0.63,16.2,0.38,21.0,0.37,16.2,0.4,0.85,0.41,5.0,0.02,0.02,614.57758,1776244099000
1776244100.927,200.927,0.6,0.85,0.59,5.0,0.62,21.0,0.63,16.2,0.38,21.0,0.37,16.2,0.4,0.85,0.41,5.0,0.02,0.02,614.583,1776244100000
1776244102.052,202.052,0.6,0.85,0.59,5.0,0.62,21.0,0.63,16.2,0.38,21.0,0.37,16.2,0.4,0.85,0.41,5.0,0.02,0.02,614.604122,1776244101000
1776244103.295,203.295,0.6,0.85,0.59,5.0,0.62,21.0,0.63,16.2,0.38,21.0,0.37,16.2,0.4,0.85,0.41,5.0,0.02,0.02,614.616,1776244102000
1776244103.54,203.54,0.58,5.0,0.57,5.0,0.61,5.0,0.62,12.09,0.38,21.0,0.37,16.2,0.4,0.85,0.41,5.0,0.03,0.02,614.616,1776244102000
1776244104.473,204.473,0.58,5.0,0.57,5.0,0.61,5.0,0.62,12.09,0.39,5.0,0.38,12.09,0.42,5.0,0.43,5.0,0.03,0.03,614.621,1776244103000
1776244105.076,205.076,0.58,5.0,0.57,5.0,0.61,5.0,0.62,12.09,0.39,5.0,0.38,12.09,0.42,5.0,0.43,5.0,0.03,0.03,614.621,1776244104000
1776244106.064,206.064,0.61,5.0,0.6,5.0,0.62,7.25,0.63,16.2,0.38,7.25,0.37,16.2,0.39,5.0,0.4,5.0,0.01,0.01,614.621,1776244105000
1776244107.049,207.049,0.61,5.0,0.6,5.0,0.62,7.25,0.63,16.2,0.38,7.25,0.37,16.2,0.39,5.0,0.4,5.0,0.01,0.01,614.621,1776244106000
1776244108.111,208.111,0.61,5.0,0.6,5.0,0.62,7.25,0.63,16.2,0.38,7.25,0.37,16.2,0.39,5.0,0.4,5.0,0.01,0.01,614.622,1776244107000
1776244109.082,209.082,0.61,5.0,0.6,5.0,0.62,7.25,0.63,16.2,0.38,7.25,0.37,16.2,0.39,5.0,0.4,5.0,0.01,0.01,614.62142,1776244108000
1776244110.212,210.212,0.61,5.0,0.6,5.0,0.62,7.25,0.63,16.2,0.38,7.25,0.37,16.2,0.39,5.0,0.4,5.0,0.01,0.01,614.62,1776244109000
1776244111.241,211.241,0.61,5.0,0.6,5.0,0.62,7.25,0.63,16.2,0.38,7.25,0.37,16.2,0.39,5.0,0.4,5.0,0.01,0.01,614.623,1776244110000
1776244112.361,212.361,0.61,5.0,0.6,5.0,0.62,7.25,0.63,16.2,0.38,7.25,0.37,16.2,0.39,5.0,0.4,5.0,0.01,0.01,614.621,1776244111000
1776244112.828,212.828,0.61,5.0,0.6,5.0,0.62,7.25,0.63,16.2,0.38,7.25,0.37,16.2,0.39,5.0,0.4,5.0,0.01,0.01,614.621,1776244112000
1776244114.301,214.301,0.61,5.0,0.6,5.0,0.62,7.25,0.63,16.2,0.38,7.25,0.37,16.2,0.39,5.0,0.4,5.0,0.01,0.01,614.59107,1776244113000
1776244115.866,215.866,0.61,5.0,0.6,5.0,0.62,7.25,0.63,16.2,0.38,7.25,0.37,16.2,0.39,5.0,0.4,5.0,0.01,0.01,614.59153,1776244114000
1776244116.416,216.416,0.61,5.0,0.6,5.0,0.62,7.25,0.63,16.2,0.38,7.25,0.37,16.2,0.39,5.0,0.4,5.0,0.01,0.01,614.59192,1776244115000
1776244116.977,216.977,0.61,5.0,0.6,5.0,0.62,7.25,0.63,16.2,0.38,7.25,0.37,16.2,0.39,5.0,0.4,5.0,0.01,0.01,614.59831,1776244116000
1776244118.256,218.256,0.61,5.0,0.6,5.0,0.62,7.25,0.63,16.2,0.38,7.25,0.37,16.2,0.39,5.0,0.4,5.0,0.01,0.01,614.59246,1776244117000
1776244119.382,219.382,0.61,5.0,0.6,5.0,0.62,7.25,0.63,16.2,0.38,7.25,0.37,16.2,0.39,5.0,0.4,5.0,0.01,0.01,614.59238,1776244118000
1776244120.412,220.412,0.61,5.0,0.6,5.0,0.62,7.25,0.63,16.2,0.38,7.25,0.37,16.2,0.39,5.0,0.4,5.0,0.01,0.01,614.59037,1776244119000
1776244120.907,220.907,0.61,5.0,0.6,5.0,0.62,7.25,0.63,16.2,0.38,7.25,0.37,16.2,0.39,5.0,0.4,5.0,0.01,0.01,614.5904,1776244120000
1776244121.982,221.982,0.61,5.0,0.6,5.0,0.62,7.25,0.63,16.2,0.38,7.25,0.37,16.2,0.39,5.0,0.4,5.0,0.01,0.01,614.59021,1776244121000
1776244123.112,223.112,0.61,5.0,0.6,5.0,0.62,7.25,0.63,16.2,0.38,7.25,0.37,16.2,0.39,5.0,0.4,5.0,0.01,0.01,614.59237,1776244122000
1776244124.359,224.359,0.61,5.0,0.6,5.0,0.62,7.25,0.63,16.2,0.38,7.25,0.37,16.2,0.39,5.0,0.4,5.0,0.01,0.01,614.59868,1776244123000
1776244125.425,225.425,0.61,5.0,0.6,5.0,0.62,7.25,0.63,16.2,0.38,7.25,0.37,16.2,0.39,5.0,0.4,5.0,0.01,0.01,614.619,1776244124000
1776244125.896,225.896,0.61,5.0,0.6,5.0,0.62,7.25,0.63,16.2,0.38,7.25,0.37,16.2,0.39,5.0,0.4,5.0,0.01,0.01,614.619,1776244125000
1776244126.187,226.187,0.61,5.0,0.6,5.0,0.63,5.0,0.64,5.0,0.38,7.25,0.37,16.2,0.39,5.0,0.4,5.0,0.02,0.01,614.619,1776244125000
1776244126.877,226.877,0.61,5.0,0.6,5.0,0.63,5.0,0.64,5.0,0.37,5.0,0.36,5.0,0.39,5.0,0.4,5.0,0.02,0.02,614.618,1776244126000
1776244127.524,227.524,0.64,5.0,0.63,5.0,0.66,5.0,0.67,5.0,0.37,5.0,0.36,5.0,0.39,5.0,0.4,5.0,0.02,0.02,614.618,1776244126000
1776244128.007,228.007,0.64,5.0,0.63,5.0,0.66,5.0,0.67,5.0,0.34,5.0,0.33,5.0,0.36,5.0,0.37,5.0,0.02,0.02,614.62,1776244127000
1776244129.105,229.105,0.64,5.0,0.63,5.0,0.66,5.0,0.67,5.0,0.34,5.0,0.33,5.0,0.36,5.0,0.37,5.0,0.02,0.02,614.61036,1776244128000
1776244130.297,230.297,0.64,5.0,0.63,5.0,0.66,5.0,0.67,5.0,0.34,5.0,0.33,5.0,0.36,5.0,0.37,5.0,0.02,0.02,614.60546,1776244129000
1776244131.333,231.333,0.64,5.0,0.63,5.0,0.66,5.0,0.67,5.0,0.34,5.0,0.33,5.0,0.36,5.0,0.37,5.0,0.02,0.02,614.60743,1776244130000
1776244132.009,232.009,0.64,5.0,0.63,5.0,0.66,5.0,0.67,5.0,0.34,5.0,0.33,5.0,0.36,5.0,0.37,5.0,0.02,0.02,614.60761,1776244131000
1776244133.073,233.073,0.64,5.0,0.63,5.0,0.66,5.0,0.67,5.0,0.34,5.0,0.33,5.0,0.36,5.0,0.37,5.0,0.02,0.02,614.60162,1776244132000
1776244134.669,234.669,0.64,5.0,0.63,5.0,0.66,5.0,0.67,5.0,0.34,5.0,0.33,5.0,0.36,5.0,0.37,5.0,0.02,0.02,614.60135,1776244133000
1776244135.217,235.217,0.64,5.0,0.63,5.0,0.66,5.0,0.67,5.0,0.34,5.0,0.33,5.0,0.36,5.0,0.37,5.0,0.02,0.02,614.59926,1776244134000
1776244135.9,235.9,0.64,5.0,0.63,5.0,0.66,5.0,0.67,5.0,0.34,5.0,0.33,5.0,0.36,5.0,0.37,5.0,0.02,0.02,614.59926,1776244135000
1776244136.888,236.888,0.64,5.0,0.63,5.0,0.66,5.0,0.67,5.0,0.34,5.0,0.33,5.0,0.36,5.0,0.37,5.0,0.02,0.02,614.59932,1776244136000
1776244137.821,237.821,0.64,5.0,0.63,5.0,0.66,5.0,0.67,5.0,0.34,5.0,0.33,5.0,0.36,5.0,0.37,5.0,0.02,0.02,614.59995,1776244137000
1776244139.331,239.331,0.64,5.0,0.63,5.0,0.66,5.0,0.67,5.0,0.34,5.0,0.33,5.0,0.36,5.0,0.37,5.0,0.02,0.02,614.60025,1776244138000
1776244140.411,240.411,0.64,5.0,0.63,5.0,0.66,5.0,0.67,5.0,0.34,5.0,0.33,5.0,0.36,5.0,0.37,5.0,0.02,0.02,614.60052,1776244139000
1776244140.997,240.997,0.64,5.0,0.63,5.0,0.66,5.0,0.67,5.0,0.34,5.0,0.33,5.0,0.36,5.0,0.37,5.0,0.02,0.02,614.60052,1776244140000
1776244142.138,242.138,0.64,5.0,0.63,5.0,0.66,5.0,0.67,5.0,0.34,5.0,0.33,5.0,0.36,5.0,0.37,5.0,0.02,0.02,614.60665,1776244141000
1776244143.264,243.264,0.63,5.0,0.62,5.0,0.65,5.0,0.66,5.0,0.35,5.0,0.34,5.0,0.37,5.0,0.38,5.0,0.02,0.02,614.597185,1776244142000
1776244144.356,244.356,0.63,5.0,0.62,5.0,0.65,5.0,0.66,5.0,0.35,5.0,0.34,5.0,0.37,5.0,0.38,5.0,0.02,0.02,614.605,1776244143000
1776244144.924,244.924,0.63,5.0,0.62,5.0,0.65,5.0,0.66,5.0,0.35,5.0,0.34,5.0,0.37,5.0,0.38,5.0,0.02,0.02,614.605,1776244144000
1776244145.824,245.824,0.64,5.0,0.63,5.0,0.67,5.0,0.68,5.0,0.33,5.0,0.32,5.0,0.36,5.0,0.37,5.0,0.03,0.03,614.605,1776244145000
1776244146.456,246.456,0.64,5.0,0.63,5.0,0.67,5.0,0.68,5.0,0.33,5.0,0.32,5.0,0.36,5.0,0.37,5.0,0.03,0.03,614.605,1776244145000
1776244146.803,246.803,0.64,5.0,0.63,5.0,0.67,5.0,0.68,5.0,0.33,5.0,0.32,5.0,0.36,5.0,0.37,5.0,0.03,0.03,614.604,1776244146000
1776244148.426,248.426,0.64,5.0,0.63,5.0,0.67,5.0,0.68,5.0,0.33,5.0,0.32,5.0,0.36,5.0,0.37,5.0,0.03,0.03,614.60138,1776244147000
1776244149.263,249.263,0.64,5.0,0.63,5.0,0.67,5.0,0.68,5.0,0.33,5.0,0.32,5.0,0.36,5.0,0.37,5.0,0.03,0.03,614.59976,1776244148000
1776244150.637,250.637,0.64,5.0,0.63,5.0,0.67,5.0,0.68,5.0,0.33,5.0,0.32,5.0,0.36,5.0,0.37,5.0,0.03,0.03,614.597,1776244149000
1776244151.066,251.066,0.64,5.0,0.63,5.0,0.67,5.0,0.68,5.0,0.33,5.0,0.32,5.0,0.36,5.0,0.37,5.0,0.03,0.03,614.597,1776244150000
1776244151.279,251.279,0.67,5.0,0.66,5.0,0.68,5.97,0.69,5.0,0.33,5.0,0.32,5.0,0.36,5.0,0.37,5.0,0.01,0.03,614.597,1776244150000
1776244152.56,252.56,0.67,5.0,0.66,5.0,0.68,5.97,0.69,5.0,0.32,5.97,0.31,5.0,0.33,5.0,0.34,5.0,0.01,0.01,614.602,1776244151000
1776244153.145,253.145,0.67,5.0,0.66,5.0,0.68,5.97,0.69,5.0,0.32,5.97,0.31,5.0,0.33,5.0,0.34,5.0,0.01,0.01,614.602,1776244152000
1776244153.518,253.518,0.67,5.0,0.66,5.0,0.68,5.0,0.69,5.0,0.32,5.97,0.31,5.0,0.33,5.0,0.34,5.0,0.01,0.01,614.602,1776244152000
1776244153.969,253.969,0.67,5.0,0.66,5.0,0.68,5.0,0.69,5.0,0.32,5.0,0.31,5.0,0.33,5.0,0.34,5.0,0.01,0.01,614.599,1776244153000
1776244155.417,255.417,0.67,5.0,0.66,5.0,0.68,5.0,0.69,5.0,0.32,5.0,0.31,5.0,0.33,5.0,0.34,5.0,0.01,0.01,614.598,1776244154000
1776244156.334,256.334,0.67,5.0,0.66,5.0,0.68,5.0,0.69,5.0,0.32,5.0,0.31,5.0,0.33,5.0,0.34,5.0,0.01,0.01,614.598,1776244155000
1776244157.342,257.342,0.67,5.0,0.66,5.0,0.68,5.0,0.69,5.0,0.32,5.0,0.31,5.0,0.33,5.0,0.34,5.0,0.01,0.01,614.597,1776244156000
1776244159.148,259.148,0.46,4.4,0.45,5.0,0.48,5.0,0.49,5.0,0.32,5.0,0.31,5.0,0.33,5.0,0.34,5.0,0.02,0.01,614.597,1776244156000
1776244159.357,259.357,0.44,3.54,0.43,5.0,0.48,5.0,0.49,5.0,0.52,5.0,0.51,5.0,0.56,3.54,0.57,5.0,0.04,0.04,614.584,1776244158000
1776244160.29,260.29,0.55,3.28,0.54,5.0,0.57,5.0,0.61,50.0,0.55,5.0,0.54,5.0,0.58,2.5,0.59,5.0,0.02,0.03,614.584,1776244158000
1776244160.603,260.603,0.56,11.0,0.55,3.28,0.57,5.26,0.61,50.0,0.43,5.0,0.39,50.0,0.45,3.28,0.46,5.0,0.01,0.02,614.584,1776244159000
1776244161.007,261.007,0.59,5.0,0.58,5.0,0.61,50.0,0.65,5.0,0.43,5.26,0.39,50.0,0.44,11.0,0.45,3.28,0.02,0.01,614.584,1776244159000
1776244161.401,261.401,0.59,5.0,0.58,5.0,0.61,50.0,0.65,5.0,0.39,50.0,0.35,5.0,0.41,5.0,0.42,5.0,0.02,0.02,614.51253,1776244160000
1776244162.324,262.324,0.59,5.0,0.58,5.0,0.61,50.0,0.65,5.0,0.39,50.0,0.35,5.0,0.41,5.0,0.42,5.0,0.02,0.02,614.49087,1776244161000
1776244163.797,263.797,0.59,5.0,0.58,5.0,0.61,50.0,0.65,5.0,0.39,50.0,0.35,5.0,0.41,5.0,0.42,5.0,0.02,0.02,614.5302,1776244162000
1776244164.601,264.601,0.59,5.0,0.58,5.0,0.61,50.0,0.65,5.0,0.39,50.0,0.35,5.0,0.41,5.0,0.42,5.0,0.02,0.02,614.53059,1776244163000
1776244165.539,265.539,0.59,5.0,0.58,5.0,0.61,50.0,0.65,5.0,0.39,50.0,0.35,5.0,0.41,5.0,0.42,5.0,0.02,0.02,614.55014,1776244164000
1776244166.605,266.605,0.59,5.0,0.58,5.0,0.61,50.0,0.65,5.0,0.39,50.0,0.35,5.0,0.41,5.0,0.42,5.0,0.02,0.02,614.54661,1776244165000
1776244167.442,267.442,0.59,5.0,0.58,5.0,0.61,50.0,0.65,5.0,0.39,50.0,0.35,5.0,0.41,5.0,0.42,5.0,0.02,0.02,614.54667,1776244166000
1776244168.166,268.166,0.59,5.0,0.58,5.0,0.61,50.0,0.65,5.0,0.39,50.0,0.35,5.0,0.41,5.0,0.42,5.0,0.02,0.02,614.53977,1776244167000
1776244169.285,269.285,0.59,5.0,0.58,5.0,0.61,50.0,0.65,5.0,0.39,50.0,0.35,5.0,0.41,5.0,0.42,5.0,0.02,0.02,614.54053,1776244168000
1776244169.866,269.866,0.59,5.0,0.58,5.0,0.61,50.0,0.65,5.0,0.39,50.0,0.35,5.0,0.41,5.0,0.42,5.0,0.02,0.02,614.54296,1776244169000
1776244170.962,270.962,0.59,5.0,0.58,5.0,0.61,50.0,0.65,5.0,0.39,50.0,0.35,5.0,0.41,5.0,0.42,5.0,0.02,0.02,614.54915,1776244170000
1776244171.256,271.256,0.57,5.0,0.56,5.0,0.59,5.0,0.6,20.0,0.39,50.0,0.35,5.0,0.41,5.0,0.42,5.0,0.02,0.02,614.54915,1776244170000
1776244172.028,272.028,0.57,5.0,0.56,5.0,0.59,5.0,0.6,20.0,0.41,5.0,0.4,20.0,0.43,5.0,0.44,5.0,0.02,0.02,614.579481,1776244171000
1776244173.161,273.161,0.57,5.0,0.56,5.0,0.59,5.0,0.6,20.0,0.41,5.0,0.4,20.0,0.43,5.0,0.44,5.0,0.02,0.02,614.57957,1776244172000
1776244174.158,274.158,0.57,5.0,0.56,5.0,0.59,5.0,0.6,20.0,0.41,5.0,0.4,20.0,0.43,5.0,0.44,5.0,0.02,0.02,614.55711,1776244173000
1776244174.515,274.515,0.52,5.0,0.51,5.0,0.55,5.0,0.56,5.0,0.41,5.0,0.4,20.0,0.43,5.0,0.44,5.0,0.03,0.02,614.55711,1776244173000
1776244175.271,275.271,0.52,5.0,0.51,5.0,0.55,5.0,0.56,5.0,0.45,5.0,0.44,5.0,0.48,5.0,0.49,5.0,0.03,0.03,614.51169,1776244174000
1776244175.545,275.545,0.56,5.0,0.55,5.0,0.59,4.88,0.6,20.0,0.45,5.0,0.44,5.0,0.48,5.0,0.49,5.0,0.03,0.03,614.51169,1776244174000
1776244176.416,276.416,0.56,5.0,0.55,5.0,0.6,19.84,0.61,55.0,0.4,19.84,0.39,55.0,0.44,5.0,0.45,5.0,0.04,0.04,614.52467,1776244175000
1776244176.877,276.877,0.57,5.0,0.56,5.0,0.59,5.0,0.6,19.84,0.41,5.0,0.4,19.84,0.43,5.0,0.44,5.0,0.02,0.02,614.52482,1776244176000
1776244177.926,277.926,0.57,5.0,0.56,5.0,0.59,5.0,0.6,19.84,0.41,5.0,0.4,19.84,0.43,5.0,0.44,5.0,0.02,0.02,614.57323,1776244177000
1776244178.173,278.173,0.55,5.0,0.54,5.0,0.58,10.12,0.59,5.0,0.41,5.0,0.4,19.84,0.43,5.0,0.44,5.0,0.03,0.02,614.57323,1776244177000
1776244178.885,278.885,0.53,5.0,0.52,5.0,0.54,2.88,0.55,5.0,0.42,10.12,0.41,5.0,0.45,5.0,0.46,5.0,0.01,0.03,614.57323,1776244177000
1776244180.035,280.035,0.53,5.0,0.52,5.0,0.54,2.88,0.55,5.0,0.46,2.88,0.45,5.0,0.47,5.0,0.48,5.0,0.01,0.01,614.57402,1776244179000
1776244181.165,281.165,0.53,5.0,0.52,5.0,0.54,2.88,0.55,5.0,0.46,2.88,0.45,5.0,0.47,5.0,0.48,5.0,0.01,0.01,614.56372,1776244180000
1776244182.185,282.185,0.53,5.0,0.52,5.0,0.54,2.88,0.55,5.0,0.46,2.88,0.45,5.0,0.47,5.0,0.48,5.0,0.01,0.01,614.57041,1776244181000
1776244183.192,283.192,0.53,5.0,0.52,5.0,0.54,2.88,0.55,5.0,0.46,2.88,0.45,5.0,0.47,5.0,0.48,5.0,0.01,0.01,614.56935,1776244182000
1776244183.63,283.63,0.57,67.0,0.54,5.0,0.59,5.0,0.6,19.84,0.46,2.88,0.45,5.0,0.47,5.0,0.48,5.0,0.02,0.01,614.56935,1776244182000
1776244183.886,283.886,0.45,5.0,0.44,5.0,0.62,5.0,0.63,5.0,0.38,5.0,0.37,5.0,0.39,20.28,0.43,67.0,0.17,0.01,614.56935,1776244182000
1776244184.333,284.333,0.45,5.0,0.44,5.0,0.62,5.0,0.63,5.0,0.38,5.0,0.37,5.0,0.55,5.0,0.56,5.0,0.17,0.17,614.55717,1776244183000
1776244184.992,284.992,0.45,5.0,0.44,5.0,0.62,5.0,0.63,5.0,0.38,5.0,0.37,5.0,0.55,5.0,0.56,5.0,0.17,0.17,614.55698,1776244184000
1776244186.266,286.266,0.45,5.0,0.44,5.0,0.62,5.0,0.63,5.0,0.38,5.0,0.37,5.0,0.55,5.0,0.56,5.0,0.17,0.17,614.5577,1776244185000
1776244186.514,286.514,0.5,5.0,0.49,5.0,0.51,42.86,0.54,5.0,0.38,5.0,0.37,5.0,0.55,5.0,0.56,5.0,0.01,0.17,614.5577,1776244185000
1776244187.494,287.494,0.5,5.0,0.49,5.0,0.51,42.86,0.54,5.0,0.49,42.86,0.46,5.0,0.5,5.0,0.51,5.0,0.01,0.01,614.55808,1776244186000
1776244188.162,288.162,0.5,5.0,0.49,5.0,0.51,42.86,0.54,5.0,0.49,42.86,0.46,5.0,0.5,5.0,0.51,5.0,0.01,0.01,614.55219,1776244187000
1776244189.354,289.354,0.5,5.0,0.49,5.0,0.51,42.86,0.54,5.0,0.49,42.86,0.46,5.0,0.5,5.0,0.51,5.0,0.01,0.01,614.548941,1776244188000
1776244189.996,289.996,0.5,5.0,0.49,5.0,0.51,42.86,0.54,5.0,0.49,42.86,0.46,5.0,0.5,5.0,0.51,5.0,0.01,0.01,614.54323,1776244189000
1776244191.382,291.382,0.5,5.0,0.49,5.0,0.51,42.86,0.54,5.0,0.49,42.86,0.46,5.0,0.5,5.0,0.51,5.0,0.01,0.01,614.533642,1776244190000
1776244192.516,292.516,0.5,5.0,0.49,5.0,0.51,42.86,0.54,5.0,0.49,42.86,0.46,5.0,0.5,5.0,0.51,5.0,0.01,0.01,614.55494,1776244191000
1776244193.131,293.131,0.5,5.0,0.49,5.0,0.51,42.86,0.54,5.0,0.49,42.86,0.46,5.0,0.5,5.0,0.51,5.0,0.01,0.01,614.55493,1776244192000
1776244194.358,294.358,0.5,5.0,0.49,5.0,0.51,42.86,0.54,5.0,0.49,42.86,0.46,5.0,0.5,5.0,0.51,5.0,0.01,0.01,614.5551,1776244193000
1776244194.913,294.913,0.5,5.0,0.49,5.0,0.51,42.86,0.54,5.0,0.49,42.86,0.46,5.0,0.5,5.0,0.51,5.0,0.01,0.01,614.55506,1776244194000
1776244196.238,296.238,0.5,5.0,0.49,5.0,0.51,42.86,0.54,5.0,0.49,42.86,0.46,5.0,0.5,5.0,0.51,5.0,0.01,0.01,614.55482,1776244195000
1776244197.431,297.431,0.57,5.0,0.56,5.0,0.58,3.11,0.59,5.0,0.42,3.11,0.41,5.0,0.43,5.0,0.44,5.0,0.01,0.01,614.55638,1776244196000
1776244197.698,297.698,0.62,43.38,0.6,5.0,0.63,5.0,0.64,5.0,0.39,3.92,0.38,5.0,0.41,5.0,0.42,5.0,0.01,0.02,614.55638,1776244196000
1776244197.928,297.928,0.62,43.38,0.6,5.0,0.63,5.0,0.64,5.0,0.37,5.0,0.36,5.0,0.38,43.38,0.4,5.0,0.01,0.01,614.55589,1776244197000
1776244198.212,298.212,0.68,5.0,0.67,5.0,0.69,0.69,0.7,5.0,0.37,5.0,0.36,5.0,0.38,43.38,0.4,5.0,0.01,0.01,614.55589,1776244197000
1776244198.457,298.457,0.7,5.0,0.69,5.0,0.71,48.23,0.73,5.0,0.3,1.43,0.29,55.0,0.32,5.0,0.33,5.0,0.01,0.02,614.55589,1776244197000
1776244199.424,299.424,0.7,5.0,0.69,5.0,0.71,48.23,0.73,5.0,0.29,48.23,0.27,5.0,0.3,5.0,0.31,5.0,0.01,0.01,614.58284,1776244198000
1776244199.716,299.716,0.7,5.0,0.69,5.0,0.78,3.71,0.79,5.0,0.22,5.0,0.21,5.0,0.3,5.0,0.31,5.0,0.08,0.08,614.58284,1776244198000
1776244200.041,300.041,0.59,5.0,0.58,5.0,0.83,0.16,0.84,5.0,0.17,0.16,0.16,5.0,0.3,5.0,0.31,5.0,0.24,0.13,614.58592,1776244199000
1776244200.247,300.247,0.82,13.0,0.8,5.0,0.95,61.0,0.98,5.0,0.05,61.0,0.02,5.0,0.18,19.0,0.2,5.0,0.13,0.13,614.58592,1776244199000
1776244200.509,300.509,0.5,5.0,0.45,50.0,0.61,2.5,0.71,5.0,0.07,720.0,0.05,61.0,0.5,5.0,0.55,50.0,0.11,0.43,614.58592,1776244199000
1776244200.723,300.723,0.45,50.0,0.4,50.0,0.61,2.5,0.71,5.0,0.39,2.5,0.29,5.0,0.5,5.0,0.55,50.0,0.16,0.11,614.58592,1776244199000
1776244201.065,301.065,0.45,12.71,0.4,50.0,0.5,5.0,0.61,2.5,0.5,5.0,0.39,2.5,0.55,12.71,0.6,50.0,0.05,0.05,614.587341,1776244200000
