timestamp,elapsed_sec,up_bid_p1,up_bid_s1,up_bid_p2,up_bid_s2,up_ask_p1,up_ask_s1,up_ask_p2,up_ask_s2,down_bid_p1,down_bid_s1,down_bid_p2,down_bid_s2,down_ask_p1,down_ask_s1,down_ask_p2,down_ask_s2,up_spread,down_spread,bnb_price,bnb_oracle_ts
1776210011.169,11.169,,,,,,,,,,,,,,,,,,,614.227858,1776210010000
1776210011.715,11.715,0.5,5.0,0.48,5.0,0.6,10.0,0.62,6.78,0.4,10.0,0.38,6.78,0.5,5.0,0.52,5.0,0.1,0.1,614.227858,1776210010000
1776210012.058,12.058,0.5,5.0,0.48,5.0,0.6,10.0,0.62,6.78,0.4,10.0,0.38,6.78,0.5,5.0,0.52,5.0,0.1,0.1,614.227875,1776210011000
1776210013.099,13.099,0.5,5.0,0.48,5.0,0.6,10.0,0.62,6.78,0.4,10.0,0.38,6.78,0.5,5.0,0.52,5.0,0.1,0.1,614.227858,1776210012000
1776210013.539,13.539,0.5,5.0,0.41,50.0,0.6,5.0,0.62,6.78,0.4,10.0,0.38,6.78,0.5,5.0,0.52,5.0,0.1,0.1,614.227858,1776210012000
1776210014.094,14.094,0.57,8.0,0.51,5.0,0.62,1.78,0.64,5.0,0.4,5.0,0.38,6.78,0.5,5.0,0.59,50.0,0.05,0.1,614.227858,1776210012000
1776210014.55,14.55,0.57,8.0,0.51,5.0,0.62,1.78,0.64,5.0,0.38,1.78,0.36,5.0,0.43,8.0,0.49,5.0,0.05,0.05,614.219405,1776210013000
1776210015.164,15.164,0.57,8.0,0.51,5.0,0.62,1.78,0.64,5.0,0.38,1.78,0.36,5.0,0.43,8.0,0.49,5.0,0.05,0.05,614.218183,1776210014000
1776210016.125,16.125,0.57,8.0,0.51,5.0,0.62,1.78,0.64,5.0,0.38,1.78,0.36,5.0,0.43,8.0,0.49,5.0,0.05,0.05,614.257772,1776210015000
1776210017.132,17.132,0.57,8.0,0.51,5.0,0.62,1.78,0.64,5.0,0.38,1.78,0.36,5.0,0.43,8.0,0.49,5.0,0.05,0.05,614.261745,1776210016000
1776210018.104,18.104,0.57,8.0,0.51,5.0,0.62,1.78,0.64,5.0,0.38,1.78,0.36,5.0,0.43,8.0,0.49,5.0,0.05,0.05,614.272733,1776210017000
1776210019.105,19.105,0.57,8.0,0.51,5.0,0.62,1.78,0.64,5.0,0.38,1.78,0.36,5.0,0.43,8.0,0.49,5.0,0.05,0.05,614.272805,1776210018000
1776210020.032,20.032,0.57,8.0,0.51,5.0,0.62,1.78,0.64,5.0,0.38,1.78,0.36,5.0,0.43,8.0,0.49,5.0,0.05,0.05,614.272729,1776210019000
1776210021.143,21.143,0.57,8.0,0.51,5.0,0.62,1.78,0.64,5.0,0.38,1.78,0.36,5.0,0.43,8.0,0.49,5.0,0.05,0.05,614.265098,1776210020000
1776210022.221,22.221,0.57,8.0,0.51,5.0,0.62,1.78,0.64,5.0,0.38,1.78,0.36,5.0,0.43,8.0,0.49,5.0,0.05,0.05,614.271043,1776210021000
1776210023.202,23.202,0.57,8.0,0.51,5.0,0.62,1.78,0.64,5.0,0.38,1.78,0.36,5.0,0.43,8.0,0.49,5.0,0.05,0.05,614.27685,1776210022000
1776210024.151,24.151,0.57,8.0,0.51,5.0,0.62,1.78,0.64,5.0,0.38,1.78,0.36,5.0,0.43,8.0,0.49,5.0,0.05,0.05,614.280007,1776210023000
1776210025.146,25.146,0.57,8.0,0.51,5.0,0.62,1.78,0.64,5.0,0.38,1.78,0.36,5.0,0.43,8.0,0.49,5.0,0.05,0.05,614.28003,1776210024000
1776210026.337,26.337,0.57,8.0,0.51,5.0,0.62,1.78,0.64,5.0,0.38,1.78,0.36,5.0,0.43,8.0,0.49,5.0,0.05,0.05,614.288814,1776210025000
1776210026.876,26.876,0.57,8.0,0.51,5.0,0.62,1.78,0.64,5.0,0.38,1.78,0.36,5.0,0.43,8.0,0.49,5.0,0.05,0.05,614.288814,1776210026000
1776210028.309,28.309,0.57,8.0,0.51,5.0,0.62,1.78,0.64,5.0,0.38,1.78,0.36,5.0,0.43,8.0,0.49,5.0,0.05,0.05,614.288105,1776210027000
1776210029.527,29.527,0.57,8.0,0.51,5.0,0.62,1.78,0.64,5.0,0.38,1.78,0.36,5.0,0.43,8.0,0.49,5.0,0.05,0.05,614.286599,1776210028000
1776210030.009,30.009,0.57,8.0,0.51,5.0,0.62,1.78,0.64,5.0,0.38,1.78,0.36,5.0,0.43,8.0,0.49,5.0,0.05,0.05,614.285309,1776210029000
1776210031.065,31.065,0.57,8.0,0.51,5.0,0.62,1.78,0.64,5.0,0.38,1.78,0.36,5.0,0.43,8.0,0.49,5.0,0.05,0.05,614.282567,1776210030000
1776210032.163,32.163,0.57,8.0,0.51,5.0,0.62,1.78,0.64,5.0,0.38,1.78,0.36,5.0,0.43,8.0,0.49,5.0,0.05,0.05,614.282567,1776210031000
1776210033.262,33.262,0.57,8.0,0.51,5.0,0.62,1.78,0.64,5.0,0.38,1.78,0.36,5.0,0.43,8.0,0.49,5.0,0.05,0.05,614.283957,1776210032000
1776210034.406,34.406,0.57,8.0,0.51,5.0,0.62,1.78,0.64,5.0,0.38,1.78,0.36,5.0,0.43,8.0,0.49,5.0,0.05,0.05,614.283811,1776210033000
1776210034.948,34.948,0.57,8.0,0.51,5.0,0.62,1.78,0.64,5.0,0.38,1.78,0.36,5.0,0.43,8.0,0.49,5.0,0.05,0.05,614.283202,1776210034000
1776210035.512,35.512,0.61,5.0,0.57,43.0,0.75,5.0,0.77,5.0,0.38,1.78,0.36,5.0,0.43,8.0,0.49,5.0,0.14,0.05,614.283202,1776210034000
1776210036.138,36.138,0.66,15.0,0.64,5.0,0.74,6.01,0.75,5.0,0.25,5.0,0.23,5.0,0.39,5.0,0.43,43.0,0.08,0.14,614.283202,1776210034000
1776210036.805,36.805,0.66,13.38,0.62,10.0,0.73,5.0,0.76,5.0,0.26,6.01,0.25,5.0,0.34,15.0,0.36,5.0,0.07,0.08,614.283056,1776210035000
1776210037.167,37.167,0.66,13.38,0.62,10.0,0.73,5.0,0.76,5.0,0.27,5.0,0.24,5.0,0.34,13.38,0.38,10.0,0.07,0.07,614.366781,1776210036000
1776210038.196,38.196,0.66,13.38,0.62,10.0,0.73,5.0,0.76,5.0,0.27,5.0,0.24,5.0,0.34,13.38,0.38,10.0,0.07,0.07,614.408464,1776210037000
1776210039.405,39.405,0.66,13.38,0.62,10.0,0.73,5.0,0.76,5.0,0.27,5.0,0.24,5.0,0.34,13.38,0.38,10.0,0.07,0.07,614.38065,1776210038000
1776210039.62,39.62,0.57,8.0,0.52,5.0,0.65,5.0,0.71,50.0,0.27,5.0,0.24,5.0,0.34,13.38,0.38,10.0,0.08,0.07,614.38065,1776210038000
1776210039.961,39.961,0.57,8.0,0.52,5.0,0.65,5.0,0.71,50.0,0.35,5.0,0.29,50.0,0.43,8.0,0.48,5.0,0.08,0.08,614.38065,1776210039000
1776210040.963,40.963,0.57,8.0,0.52,5.0,0.65,5.0,0.71,50.0,0.35,5.0,0.29,50.0,0.43,8.0,0.48,5.0,0.08,0.08,614.290482,1776210040000
1776210041.685,41.685,0.57,3.0,0.47,5.0,0.59,5.0,0.61,5.0,0.35,5.0,0.29,50.0,0.43,8.0,0.48,5.0,0.02,0.08,614.290482,1776210040000
1776210042.004,42.004,0.57,3.0,0.47,5.0,0.59,5.0,0.61,5.0,0.41,5.0,0.39,5.0,0.43,3.0,0.53,5.0,0.02,0.02,614.26737,1776210041000
1776210043.088,43.088,0.57,3.0,0.47,5.0,0.59,5.0,0.61,5.0,0.41,5.0,0.39,5.0,0.43,3.0,0.53,5.0,0.02,0.02,614.19721,1776210042000
1776210044.172,44.172,0.57,3.0,0.47,5.0,0.59,5.0,0.61,5.0,0.41,5.0,0.39,5.0,0.43,3.0,0.53,5.0,0.02,0.02,614.188776,1776210043000
1776210045.406,45.406,0.41,5.0,0.32,12.49,0.58,5.0,0.61,50.0,0.41,5.0,0.39,5.0,0.43,3.0,0.53,5.0,0.17,0.02,614.188776,1776210043000
1776210046.085,46.085,0.41,5.0,0.32,12.49,0.58,5.0,0.61,50.0,0.42,5.0,0.39,50.0,0.59,5.0,0.68,12.49,0.17,0.17,614.19511,1776210045000
1776210047.111,47.111,0.41,5.0,0.32,12.49,0.58,5.0,0.61,50.0,0.42,5.0,0.39,50.0,0.59,5.0,0.68,12.49,0.17,0.17,614.18632,1776210046000
1776210048.308,48.308,0.41,5.0,0.32,12.49,0.58,5.0,0.61,50.0,0.42,5.0,0.39,50.0,0.59,5.0,0.68,12.49,0.17,0.17,614.152327,1776210047000
1776210048.851,48.851,0.41,5.0,0.32,12.49,0.58,5.0,0.61,50.0,0.42,5.0,0.39,50.0,0.59,5.0,0.68,12.49,0.17,0.17,614.148274,1776210048000
1776210051.568,51.568,0.41,5.0,0.32,12.49,0.58,5.0,0.61,50.0,0.42,5.0,0.39,50.0,0.59,5.0,0.68,12.49,0.17,0.17,614.143378,1776210049000
1776210052.314,52.314,0.41,5.0,0.32,12.49,0.58,5.0,0.61,50.0,0.42,5.0,0.39,50.0,0.59,5.0,0.68,12.49,0.17,0.17,614.16376,1776210051000
1776210054.068,54.068,0.41,5.0,0.32,12.49,0.58,5.0,0.61,50.0,0.42,5.0,0.39,50.0,0.59,5.0,0.68,12.49,0.17,0.17,614.16606,1776210053000
1776210055.476,55.476,0.41,5.0,0.32,12.49,0.58,5.0,0.61,50.0,0.42,5.0,0.39,50.0,0.59,5.0,0.68,12.49,0.17,0.17,614.167,1776210054000
1776210055.97,55.97,0.41,5.0,0.32,12.49,0.58,5.0,0.61,50.0,0.42,5.0,0.39,50.0,0.59,5.0,0.68,12.49,0.17,0.17,614.204354,1776210055000
1776210057.456,57.456,0.41,5.0,0.32,12.49,0.58,5.0,0.61,50.0,0.42,5.0,0.39,50.0,0.59,5.0,0.68,12.49,0.17,0.17,614.204225,1776210056000
1776210058.166,58.166,0.41,5.0,0.32,12.49,0.58,5.0,0.61,50.0,0.42,5.0,0.39,50.0,0.59,5.0,0.68,12.49,0.17,0.17,614.204322,1776210057000
1776210059.692,59.692,0.41,5.0,0.32,12.49,0.58,5.0,0.61,50.0,0.42,5.0,0.39,50.0,0.59,5.0,0.68,12.49,0.17,0.17,614.2027,1776210058000
1776210060.225,60.225,0.41,5.0,0.32,12.49,0.58,5.0,0.61,50.0,0.42,5.0,0.39,50.0,0.59,5.0,0.68,12.49,0.17,0.17,614.201207,1776210059000
1776210061.56,61.56,0.41,5.0,0.32,12.49,0.58,5.0,0.61,50.0,0.42,5.0,0.39,50.0,0.59,5.0,0.68,12.49,0.17,0.17,614.171845,1776210060000
1776210062.378,62.378,0.41,5.0,0.32,12.49,0.58,5.0,0.61,50.0,0.42,5.0,0.39,50.0,0.59,5.0,0.68,12.49,0.17,0.17,614.170209,1776210061000
1776210063.052,63.052,0.41,5.0,0.32,12.49,0.58,5.0,0.61,50.0,0.42,5.0,0.39,50.0,0.59,5.0,0.68,12.49,0.17,0.17,614.134082,1776210062000
1776210064.395,64.395,0.41,5.0,0.32,12.49,0.58,5.0,0.61,50.0,0.42,5.0,0.39,50.0,0.59,5.0,0.68,12.49,0.17,0.17,614.10895,1776210063000
1776210065.029,65.029,0.41,5.0,0.32,12.49,0.58,5.0,0.61,50.0,0.42,5.0,0.39,50.0,0.59,5.0,0.68,12.49,0.17,0.17,614.10184,1776210064000
1776210066.283,66.283,0.41,5.0,0.32,12.49,0.58,5.0,0.61,50.0,0.42,5.0,0.39,50.0,0.59,5.0,0.68,12.49,0.17,0.17,614.129038,1776210065000
1776210067.677,67.677,0.41,5.0,0.32,12.49,0.58,5.0,0.61,50.0,0.42,5.0,0.39,50.0,0.59,5.0,0.68,12.49,0.17,0.17,614.132607,1776210066000
1776210068.33,68.33,0.41,5.0,0.32,12.49,0.58,5.0,0.61,50.0,0.42,5.0,0.39,50.0,0.59,5.0,0.68,12.49,0.17,0.17,614.12587,1776210067000
1776210068.967,68.967,0.41,5.0,0.32,12.49,0.58,5.0,0.61,50.0,0.42,5.0,0.39,50.0,0.59,5.0,0.68,12.49,0.17,0.17,614.12116,1776210068000
1776210070.178,70.178,0.41,5.0,0.32,12.49,0.58,5.0,0.61,50.0,0.42,5.0,0.39,50.0,0.59,5.0,0.68,12.49,0.17,0.17,614.12143,1776210069000
1776210071.464,71.464,0.41,5.0,0.32,12.49,0.58,5.0,0.61,50.0,0.42,5.0,0.39,50.0,0.59,5.0,0.68,12.49,0.17,0.17,614.127371,1776210070000
1776210072.089,72.089,0.41,5.0,0.32,12.49,0.58,5.0,0.61,50.0,0.42,5.0,0.39,50.0,0.59,5.0,0.68,12.49,0.17,0.17,614.127371,1776210071000
1776210073.255,73.255,0.41,5.0,0.32,12.49,0.58,5.0,0.61,50.0,0.42,5.0,0.39,50.0,0.59,5.0,0.68,12.49,0.17,0.17,614.125302,1776210072000
1776210074.662,74.662,0.41,5.0,0.32,12.49,0.58,5.0,0.61,50.0,0.42,5.0,0.39,50.0,0.59,5.0,0.68,12.49,0.17,0.17,614.141881,1776210073000
1776210075.282,75.282,0.41,5.0,0.32,12.49,0.58,5.0,0.61,50.0,0.42,5.0,0.39,50.0,0.59,5.0,0.68,12.49,0.17,0.17,614.14219,1776210074000
1776210076.432,76.432,0.41,5.0,0.32,12.49,0.58,5.0,0.61,50.0,0.42,5.0,0.39,50.0,0.59,5.0,0.68,12.49,0.17,0.17,614.14219,1776210075000
1776210076.989,76.989,0.41,5.0,0.32,12.49,0.58,5.0,0.61,50.0,0.42,5.0,0.39,50.0,0.59,5.0,0.68,12.49,0.17,0.17,614.14551,1776210076000
1776210078.045,78.045,0.41,5.0,0.32,12.49,0.58,5.0,0.61,50.0,0.42,5.0,0.39,50.0,0.59,5.0,0.68,12.49,0.17,0.17,614.148523,1776210077000
1776210079.189,79.189,0.41,5.0,0.32,12.49,0.58,5.0,0.61,50.0,0.42,5.0,0.39,50.0,0.59,5.0,0.68,12.49,0.17,0.17,614.149766,1776210078000
1776210080.347,80.347,0.41,5.0,0.32,12.49,0.58,5.0,0.61,50.0,0.42,5.0,0.39,50.0,0.59,5.0,0.68,12.49,0.17,0.17,614.13712,1776210079000
1776210080.929,80.929,0.41,5.0,0.32,12.49,0.58,5.0,0.61,50.0,0.42,5.0,0.39,50.0,0.59,5.0,0.68,12.49,0.17,0.17,614.135672,1776210080000
1776210082.103,82.103,0.41,5.0,0.32,12.49,0.58,5.0,0.61,50.0,0.42,5.0,0.39,50.0,0.59,5.0,0.68,12.49,0.17,0.17,614.135224,1776210081000
1776210083.113,83.113,0.41,5.0,0.32,12.49,0.58,5.0,0.61,50.0,0.42,5.0,0.39,50.0,0.59,5.0,0.68,12.49,0.17,0.17,614.135182,1776210082000
1776210084.24,84.24,0.41,5.0,0.32,12.49,0.58,5.0,0.61,50.0,0.42,5.0,0.39,50.0,0.59,5.0,0.68,12.49,0.17,0.17,614.1189,1776210083000
1776210085.289,85.289,0.41,5.0,0.32,12.49,0.58,5.0,0.61,50.0,0.42,5.0,0.39,50.0,0.59,5.0,0.68,12.49,0.17,0.17,614.11878,1776210084000
1776210086.279,86.279,0.41,5.0,0.32,12.49,0.58,5.0,0.61,50.0,0.42,5.0,0.39,50.0,0.59,5.0,0.68,12.49,0.17,0.17,614.133909,1776210085000
1776210087.338,87.338,0.41,5.0,0.32,12.49,0.58,5.0,0.61,50.0,0.42,5.0,0.39,50.0,0.59,5.0,0.68,12.49,0.17,0.17,614.132531,1776210086000
1776210088.386,88.386,0.41,5.0,0.32,12.49,0.58,5.0,0.61,50.0,0.42,5.0,0.39,50.0,0.59,5.0,0.68,12.49,0.17,0.17,614.11518,1776210087000
1776210088.862,88.862,0.41,5.0,0.32,12.49,0.58,5.0,0.61,50.0,0.42,5.0,0.39,50.0,0.59,5.0,0.68,12.49,0.17,0.17,614.103721,1776210088000
1776210089.795,89.795,0.41,5.0,0.32,12.49,0.58,5.0,0.61,50.0,0.42,5.0,0.39,50.0,0.59,5.0,0.68,12.49,0.17,0.17,614.103657,1776210089000
1776210090.851,90.851,0.41,5.0,0.32,12.49,0.58,5.0,0.61,50.0,0.42,5.0,0.39,50.0,0.59,5.0,0.68,12.49,0.17,0.17,614.113463,1776210090000
1776210092.34,92.34,0.41,5.0,0.32,12.49,0.58,5.0,0.61,50.0,0.42,5.0,0.39,50.0,0.59,5.0,0.68,12.49,0.17,0.17,614.095989,1776210091000
1776210092.897,92.897,0.41,5.0,0.32,12.49,0.58,5.0,0.61,50.0,0.42,5.0,0.39,50.0,0.59,5.0,0.68,12.49,0.17,0.17,614.095989,1776210092000
1776210093.904,93.904,0.41,5.0,0.32,12.49,0.58,5.0,0.61,50.0,0.42,5.0,0.39,50.0,0.59,5.0,0.68,12.49,0.17,0.17,614.095247,1776210093000
1776210094.915,94.915,0.41,5.0,0.32,12.49,0.58,5.0,0.61,50.0,0.42,5.0,0.39,50.0,0.59,5.0,0.68,12.49,0.17,0.17,614.090441,1776210094000
1776210095.852,95.852,0.41,5.0,0.32,12.49,0.58,5.0,0.61,50.0,0.42,5.0,0.39,50.0,0.59,5.0,0.68,12.49,0.17,0.17,614.090299,1776210095000
1776210096.971,96.971,0.41,5.0,0.32,12.49,0.58,5.0,0.61,50.0,0.42,5.0,0.39,50.0,0.59,5.0,0.68,12.49,0.17,0.17,614.090284,1776210096000
1776210098.377,98.377,0.41,5.0,0.32,12.49,0.58,5.0,0.61,50.0,0.42,5.0,0.39,50.0,0.59,5.0,0.68,12.49,0.17,0.17,614.095403,1776210097000
1776210098.849,98.849,0.41,5.0,0.32,12.49,0.58,5.0,0.61,50.0,0.42,5.0,0.39,50.0,0.59,5.0,0.68,12.49,0.17,0.17,614.09527,1776210098000
1776210099.885,99.885,0.41,5.0,0.32,12.49,0.58,5.0,0.61,50.0,0.42,5.0,0.39,50.0,0.59,5.0,0.68,12.49,0.17,0.17,614.094214,1776210099000
1776210100.948,100.948,0.41,5.0,0.32,12.49,0.58,5.0,0.61,50.0,0.42,5.0,0.39,50.0,0.59,5.0,0.68,12.49,0.17,0.17,614.094191,1776210100000
1776210101.999,101.999,0.41,5.0,0.32,12.49,0.58,5.0,0.61,50.0,0.42,5.0,0.39,50.0,0.59,5.0,0.68,12.49,0.17,0.17,614.09488,1776210101000
1776210103.058,103.058,0.41,5.0,0.32,12.49,0.58,5.0,0.61,50.0,0.42,5.0,0.39,50.0,0.59,5.0,0.68,12.49,0.17,0.17,614.104335,1776210102000
1776210104.111,104.111,0.41,5.0,0.32,12.49,0.58,5.0,0.61,50.0,0.42,5.0,0.39,50.0,0.59,5.0,0.68,12.49,0.17,0.17,614.131,1776210103000
1776210105.177,105.177,0.41,5.0,0.32,12.49,0.58,5.0,0.61,50.0,0.42,5.0,0.39,50.0,0.59,5.0,0.68,12.49,0.17,0.17,614.172545,1776210104000
1776210106.199,106.199,0.41,5.0,0.32,12.49,0.58,5.0,0.61,50.0,0.42,5.0,0.39,50.0,0.59,5.0,0.68,12.49,0.17,0.17,614.165268,1776210105000
1776210107.134,107.134,0.41,5.0,0.32,12.49,0.58,5.0,0.61,50.0,0.42,5.0,0.39,50.0,0.59,5.0,0.68,12.49,0.17,0.17,614.165268,1776210106000
1776210108.161,108.161,0.41,5.0,0.32,12.49,0.58,5.0,0.61,50.0,0.42,5.0,0.39,50.0,0.59,5.0,0.68,12.49,0.17,0.17,614.165124,1776210107000
1776210109.21,109.21,0.41,5.0,0.32,12.49,0.58,5.0,0.61,50.0,0.42,5.0,0.39,50.0,0.59,5.0,0.68,12.49,0.17,0.17,614.165193,1776210108000
1776210110.286,110.286,0.41,5.0,0.32,12.49,0.58,5.0,0.61,50.0,0.42,5.0,0.39,50.0,0.59,5.0,0.68,12.49,0.17,0.17,614.201876,1776210109000
1776210111.848,111.848,0.41,5.0,0.32,12.49,0.58,5.0,0.61,50.0,0.42,5.0,0.39,50.0,0.59,5.0,0.68,12.49,0.17,0.17,614.241991,1776210110000
1776210112.29,112.29,0.41,5.0,0.32,12.49,0.58,5.0,0.61,50.0,0.42,5.0,0.39,50.0,0.59,5.0,0.68,12.49,0.17,0.17,614.241922,1776210111000
1776210113.401,113.401,0.41,5.0,0.32,12.49,0.58,5.0,0.61,50.0,0.42,5.0,0.39,50.0,0.59,5.0,0.68,12.49,0.17,0.17,614.243533,1776210112000
1776210114.107,114.107,0.41,5.0,0.32,12.49,0.58,5.0,0.61,50.0,0.42,5.0,0.39,50.0,0.59,5.0,0.68,12.49,0.17,0.17,614.243533,1776210113000
1776210114.364,114.364,0.59,10.7,0.58,10.7,0.67,5.0,0.71,50.0,0.42,5.0,0.39,50.0,0.59,5.0,0.68,12.49,0.08,0.17,614.243533,1776210113000
1776210115.258,115.258,0.59,10.7,0.58,10.7,0.67,5.0,0.71,50.0,0.33,5.0,0.29,50.0,0.41,10.7,0.42,10.7,0.08,0.08,614.240537,1776210114000
1776210116.628,116.628,0.59,10.7,0.58,10.7,0.67,5.0,0.71,50.0,0.33,5.0,0.29,50.0,0.41,10.7,0.42,10.7,0.08,0.08,614.240248,1776210115000
1776210117.256,117.256,0.59,10.7,0.58,10.7,0.67,5.0,0.71,50.0,0.33,5.0,0.29,50.0,0.41,10.7,0.42,10.7,0.08,0.08,614.240455,1776210116000
1776210118.364,118.364,0.59,10.7,0.58,10.7,0.67,5.0,0.71,50.0,0.33,5.0,0.29,50.0,0.41,10.7,0.42,10.7,0.08,0.08,614.240035,1776210117000
1776210119.059,119.059,0.59,10.7,0.58,10.7,0.67,5.0,0.71,50.0,0.33,5.0,0.29,50.0,0.41,10.7,0.42,10.7,0.08,0.08,614.237574,1776210118000
1776210120.264,120.264,0.59,10.7,0.58,10.7,0.67,5.0,0.71,50.0,0.33,5.0,0.29,50.0,0.41,10.7,0.42,10.7,0.08,0.08,614.238065,1776210119000
1776210121.294,121.294,0.59,10.7,0.58,10.7,0.67,5.0,0.71,50.0,0.33,5.0,0.29,50.0,0.41,10.7,0.42,10.7,0.08,0.08,614.238262,1776210120000
1776210122.466,122.466,0.59,10.7,0.58,10.7,0.67,5.0,0.71,50.0,0.33,5.0,0.29,50.0,0.41,10.7,0.42,10.7,0.08,0.08,614.239238,1776210121000
1776210123.058,123.058,0.59,10.7,0.58,10.7,0.67,5.0,0.71,50.0,0.33,5.0,0.29,50.0,0.41,10.7,0.42,10.7,0.08,0.08,614.239238,1776210122000
1776210124.172,124.172,0.59,10.7,0.58,10.7,0.67,5.0,0.71,50.0,0.33,5.0,0.29,50.0,0.41,10.7,0.42,10.7,0.08,0.08,614.239115,1776210123000
1776210125.246,125.246,0.59,10.7,0.58,10.7,0.67,5.0,0.71,50.0,0.33,5.0,0.29,50.0,0.41,10.7,0.42,10.7,0.08,0.08,614.238914,1776210124000
1776210125.463,125.463,0.59,10.7,0.58,10.7,0.68,5.0,0.71,50.0,0.33,5.0,0.29,50.0,0.41,10.7,0.42,10.7,0.09,0.08,614.238914,1776210124000
1776210126.819,126.819,0.59,10.7,0.58,10.7,0.68,5.0,0.71,50.0,0.32,5.0,0.29,50.0,0.41,10.7,0.42,10.7,0.09,0.09,614.246506,1776210125000
1776210127.436,127.436,0.59,10.7,0.58,10.7,0.68,5.0,0.71,50.0,0.32,5.0,0.29,50.0,0.41,10.7,0.42,10.7,0.09,0.09,614.246535,1776210126000
1776210128.015,128.015,0.59,10.7,0.58,10.7,0.68,5.0,0.71,50.0,0.32,5.0,0.29,50.0,0.41,10.7,0.42,10.7,0.09,0.09,614.246246,1776210127000
1776210129.26,129.26,0.59,10.7,0.58,10.7,0.68,5.0,0.71,50.0,0.32,5.0,0.29,50.0,0.41,10.7,0.42,10.7,0.09,0.09,614.24633,1776210128000
1776210130.38,130.38,0.59,10.7,0.58,10.7,0.68,5.0,0.71,50.0,0.32,5.0,0.29,50.0,0.41,10.7,0.42,10.7,0.09,0.09,614.246008,1776210129000
1776210130.963,130.963,0.59,10.7,0.58,10.7,0.68,5.0,0.71,50.0,0.32,5.0,0.29,50.0,0.41,10.7,0.42,10.7,0.09,0.09,614.246008,1776210130000
1776210132.183,132.183,0.59,10.7,0.58,10.7,0.68,5.0,0.71,50.0,0.32,5.0,0.29,50.0,0.41,10.7,0.42,10.7,0.09,0.09,614.246008,1776210131000
1776210133.199,133.199,0.59,10.7,0.58,10.7,0.68,5.0,0.71,50.0,0.32,5.0,0.29,50.0,0.41,10.7,0.42,10.7,0.09,0.09,614.245026,1776210132000
1776210134.292,134.292,0.6,10.8,0.59,10.7,0.68,2.01,0.71,50.0,0.32,2.01,0.29,50.0,0.4,10.8,0.41,10.7,0.08,0.08,614.234803,1776210133000
1776210134.893,134.893,0.6,10.8,0.59,10.7,0.68,2.01,0.71,50.0,0.32,2.01,0.29,50.0,0.4,10.8,0.41,10.7,0.08,0.08,614.234803,1776210134000
1776210135.954,135.954,0.6,10.8,0.59,10.7,0.68,2.01,0.71,50.0,0.32,2.01,0.29,50.0,0.4,10.8,0.41,10.7,0.08,0.08,614.240877,1776210135000
1776210137.045,137.045,0.6,10.8,0.59,10.7,0.68,2.01,0.71,50.0,0.32,2.01,0.29,50.0,0.4,10.8,0.41,10.7,0.08,0.08,614.23913,1776210136000
1776210138.197,138.197,0.6,10.8,0.59,10.7,0.68,2.01,0.71,50.0,0.32,2.01,0.29,50.0,0.4,10.8,0.41,10.7,0.08,0.08,614.239125,1776210137000
1776210139.265,139.265,0.6,10.8,0.59,10.7,0.68,2.01,0.71,50.0,0.32,2.01,0.29,50.0,0.4,10.8,0.41,10.7,0.08,0.08,614.239902,1776210138000
1776210140.411,140.411,0.6,10.8,0.59,10.7,0.68,2.01,0.71,50.0,0.32,2.01,0.29,50.0,0.4,10.8,0.41,10.7,0.08,0.08,614.239902,1776210139000
1776210141.439,141.439,0.6,10.8,0.59,10.7,0.68,2.01,0.71,50.0,0.32,2.01,0.29,50.0,0.4,10.8,0.41,10.7,0.08,0.08,614.239901,1776210140000
1776210141.877,141.877,0.6,10.8,0.59,10.7,0.68,2.01,0.71,50.0,0.32,2.01,0.29,50.0,0.4,10.8,0.41,10.7,0.08,0.08,614.217627,1776210141000
1776210142.827,142.827,0.6,10.8,0.59,10.7,0.68,2.01,0.71,50.0,0.32,2.01,0.29,50.0,0.4,10.8,0.41,10.7,0.08,0.08,614.219583,1776210142000
1776210143.909,143.909,0.6,10.8,0.59,10.7,0.68,2.01,0.71,50.0,0.32,2.01,0.29,50.0,0.4,10.8,0.41,10.7,0.08,0.08,614.219945,1776210143000
1776210144.918,144.918,0.6,10.8,0.59,10.7,0.68,2.01,0.71,50.0,0.32,2.01,0.29,50.0,0.4,10.8,0.41,10.7,0.08,0.08,614.21961,1776210144000
1776210145.916,145.916,0.6,10.8,0.59,10.7,0.68,2.01,0.71,50.0,0.32,2.01,0.29,50.0,0.4,10.8,0.41,10.7,0.08,0.08,614.21792,1776210145000
1776210146.949,146.949,0.6,10.8,0.59,10.7,0.68,2.01,0.71,50.0,0.32,2.01,0.29,50.0,0.4,10.8,0.41,10.7,0.08,0.08,614.21792,1776210146000
1776210148.008,148.008,0.6,10.8,0.59,10.7,0.68,2.01,0.71,50.0,0.32,2.01,0.29,50.0,0.4,10.8,0.41,10.7,0.08,0.08,614.215985,1776210147000
1776210149.046,149.046,0.6,10.8,0.59,10.7,0.68,2.01,0.71,50.0,0.32,2.01,0.29,50.0,0.4,10.8,0.41,10.7,0.08,0.08,614.216321,1776210148000
1776210150.046,150.046,0.6,10.8,0.59,10.7,0.68,2.01,0.71,50.0,0.32,2.01,0.29,50.0,0.4,10.8,0.41,10.7,0.08,0.08,614.216161,1776210149000
1776210151.076,151.076,0.6,10.8,0.59,10.7,0.68,2.01,0.71,50.0,0.32,2.01,0.29,50.0,0.4,10.8,0.41,10.7,0.08,0.08,614.216132,1776210150000
1776210152.052,152.052,0.6,10.8,0.59,10.7,0.68,2.01,0.71,50.0,0.32,2.01,0.29,50.0,0.4,10.8,0.41,10.7,0.08,0.08,614.214037,1776210151000
1776210153.027,153.027,0.6,10.8,0.59,10.7,0.68,2.01,0.71,50.0,0.32,2.01,0.29,50.0,0.4,10.8,0.41,10.7,0.08,0.08,614.214586,1776210152000
1776210154.43,154.43,0.6,10.8,0.59,10.7,0.68,2.01,0.71,50.0,0.32,2.01,0.29,50.0,0.4,10.8,0.41,10.7,0.08,0.08,614.215319,1776210153000
1776210154.928,154.928,0.6,10.8,0.59,10.7,0.68,2.01,0.71,50.0,0.32,2.01,0.29,50.0,0.4,10.8,0.41,10.7,0.08,0.08,614.215319,1776210154000
1776210156.056,156.056,0.6,10.8,0.59,10.7,0.68,2.01,0.71,50.0,0.32,2.01,0.29,50.0,0.4,10.8,0.41,10.7,0.08,0.08,614.211275,1776210155000
1776210156.98,156.98,0.6,10.8,0.59,10.7,0.68,2.01,0.71,50.0,0.32,2.01,0.29,50.0,0.4,10.8,0.41,10.7,0.08,0.08,614.211371,1776210156000
1776210158.001,158.001,0.6,10.8,0.59,10.7,0.68,2.01,0.71,50.0,0.32,2.01,0.29,50.0,0.4,10.8,0.41,10.7,0.08,0.08,614.224619,1776210157000
1776210158.999,158.999,0.6,10.8,0.59,10.7,0.68,2.01,0.71,50.0,0.32,2.01,0.29,50.0,0.4,10.8,0.41,10.7,0.08,0.08,614.224619,1776210158000
1776210160.096,160.096,0.6,10.8,0.59,10.7,0.68,2.01,0.71,50.0,0.32,2.01,0.29,50.0,0.4,10.8,0.41,10.7,0.08,0.08,614.2253,1776210159000
1776210161.059,161.059,0.6,10.8,0.59,10.7,0.68,2.01,0.71,50.0,0.32,2.01,0.29,50.0,0.4,10.8,0.41,10.7,0.08,0.08,614.22821,1776210160000
1776210162.1,162.1,0.6,10.8,0.59,10.7,0.68,2.01,0.71,50.0,0.32,2.01,0.29,50.0,0.4,10.8,0.41,10.7,0.08,0.08,614.22718,1776210161000
1776210162.936,162.936,0.6,10.8,0.59,10.7,0.68,2.01,0.71,50.0,0.32,2.01,0.29,50.0,0.4,10.8,0.41,10.7,0.08,0.08,614.23452,1776210162000
1776210164.037,164.037,0.6,10.8,0.59,10.7,0.68,2.01,0.71,50.0,0.32,2.01,0.29,50.0,0.4,10.8,0.41,10.7,0.08,0.08,614.2279,1776210163000
1776210164.9,164.9,0.6,10.8,0.59,10.7,0.68,2.01,0.71,50.0,0.32,2.01,0.29,50.0,0.4,10.8,0.41,10.7,0.08,0.08,614.22863,1776210164000
1776210165.901,165.901,0.6,10.8,0.59,10.7,0.68,2.01,0.71,50.0,0.32,2.01,0.29,50.0,0.4,10.8,0.41,10.7,0.08,0.08,614.22931,1776210165000
1776210167.316,167.316,0.6,10.8,0.59,10.7,0.68,2.01,0.71,50.0,0.32,2.01,0.29,50.0,0.4,10.8,0.41,10.7,0.08,0.08,614.22974,1776210166000
1776210167.96,167.96,0.6,10.8,0.59,10.7,0.68,2.01,0.71,50.0,0.32,2.01,0.29,50.0,0.4,10.8,0.41,10.7,0.08,0.08,614.23726,1776210167000
1776210169.157,169.157,0.6,10.8,0.59,10.7,0.68,2.01,0.71,50.0,0.32,2.01,0.29,50.0,0.4,10.8,0.41,10.7,0.08,0.08,614.238575,1776210168000
1776210170.321,170.321,0.6,10.8,0.59,10.7,0.68,2.01,0.71,50.0,0.32,2.01,0.29,50.0,0.4,10.8,0.41,10.7,0.08,0.08,614.238718,1776210169000
1776210170.866,170.866,0.6,10.8,0.59,10.7,0.68,2.01,0.71,50.0,0.32,2.01,0.29,50.0,0.4,10.8,0.41,10.7,0.08,0.08,614.238708,1776210170000
1776210171.898,171.898,0.6,10.8,0.59,10.7,0.68,2.01,0.71,50.0,0.32,2.01,0.29,50.0,0.4,10.8,0.41,10.7,0.08,0.08,614.238422,1776210171000
1776210173.011,173.011,0.6,10.8,0.59,10.7,0.68,2.01,0.71,50.0,0.32,2.01,0.29,50.0,0.4,10.8,0.41,10.7,0.08,0.08,614.24108,1776210172000
1776210173.985,173.985,0.62,6.0,0.61,10.9,0.77,5.0,0.81,66.89,0.32,2.01,0.29,50.0,0.4,10.8,0.41,10.7,0.15,0.08,614.24108,1776210172000
1776210175.294,175.294,0.62,6.0,0.61,10.9,0.77,5.0,0.81,66.89,0.23,5.0,0.19,66.89,0.38,6.0,0.39,10.9,0.15,0.15,614.246208,1776210174000
1776210175.867,175.867,0.62,6.0,0.61,10.9,0.77,5.0,0.81,66.89,0.23,5.0,0.19,66.89,0.38,6.0,0.39,10.9,0.15,0.15,614.246398,1776210175000
1776210176.952,176.952,0.62,6.0,0.61,10.9,0.77,5.0,0.81,66.89,0.23,5.0,0.19,66.89,0.38,6.0,0.39,10.9,0.15,0.15,614.243431,1776210176000
1776210177.968,177.968,0.62,6.0,0.61,10.9,0.77,5.0,0.81,66.89,0.23,5.0,0.19,66.89,0.38,6.0,0.39,10.9,0.15,0.15,614.243341,1776210177000
1776210179.1,179.1,0.62,6.0,0.61,10.9,0.77,5.0,0.81,66.89,0.23,5.0,0.19,66.89,0.38,6.0,0.39,10.9,0.15,0.15,614.243175,1776210178000
1776210180.146,180.146,0.62,6.0,0.61,10.9,0.77,5.0,0.81,66.89,0.23,5.0,0.19,66.89,0.38,6.0,0.39,10.9,0.15,0.15,614.242779,1776210179000
1776210181.715,181.715,0.62,6.0,0.61,10.9,0.77,5.0,0.81,66.89,0.23,5.0,0.19,66.89,0.38,6.0,0.39,10.9,0.15,0.15,614.242626,1776210180000
1776210182.371,182.371,0.62,6.0,0.61,10.9,0.77,5.0,0.81,66.89,0.23,5.0,0.19,66.89,0.38,6.0,0.39,10.9,0.15,0.15,614.242722,1776210181000
1776210183.637,183.637,0.62,6.0,0.61,10.9,0.77,5.0,0.81,66.89,0.23,5.0,0.19,66.89,0.38,6.0,0.39,10.9,0.15,0.15,614.242722,1776210182000
1776210184.333,184.333,0.62,6.0,0.61,10.9,0.77,5.0,0.81,66.89,0.23,5.0,0.19,66.89,0.38,6.0,0.39,10.9,0.15,0.15,614.242722,1776210183000
1776210185.445,185.445,0.62,6.0,0.61,10.9,0.77,5.0,0.81,66.89,0.23,5.0,0.19,66.89,0.38,6.0,0.39,10.9,0.15,0.15,614.249135,1776210184000
1776210186.117,186.117,0.62,6.0,0.61,10.9,0.77,5.0,0.81,66.89,0.23,5.0,0.19,66.89,0.38,6.0,0.39,10.9,0.15,0.15,614.242046,1776210185000
1776210187.657,187.657,0.62,6.0,0.61,10.9,0.77,5.0,0.81,66.89,0.23,5.0,0.19,66.89,0.38,6.0,0.39,10.9,0.15,0.15,614.242006,1776210186000
1776210188.116,188.116,0.69,12.2,0.68,11.9,0.77,1.14,0.91,50.0,0.23,5.0,0.19,66.89,0.38,6.0,0.39,10.9,0.08,0.15,614.242006,1776210186000
1776210188.446,188.446,0.69,12.2,0.68,11.9,0.77,1.14,0.91,50.0,0.23,1.14,0.09,50.0,0.31,12.2,0.32,11.9,0.08,0.08,614.242168,1776210187000
1776210189.091,189.091,0.69,12.2,0.68,11.9,0.77,1.14,0.91,50.0,0.23,1.14,0.09,50.0,0.31,12.2,0.32,11.9,0.08,0.08,614.304825,1776210188000
1776210189.294,189.294,0.76,34.0,0.72,5.0,0.91,50.0,0.93,39.9,0.23,1.14,0.09,50.0,0.31,12.2,0.32,11.9,0.15,0.08,614.304825,1776210188000
1776210190.681,190.681,0.76,34.0,0.72,5.0,0.91,50.0,0.93,39.9,0.09,50.0,0.07,39.9,0.24,34.0,0.28,5.0,0.15,0.15,614.37897,1776210189000
1776210191.37,191.37,0.76,34.0,0.72,5.0,0.91,50.0,0.93,39.9,0.09,50.0,0.07,39.9,0.24,34.0,0.28,5.0,0.15,0.15,614.402853,1776210190000
1776210192.204,192.204,0.76,34.0,0.72,5.0,0.91,50.0,0.93,39.9,0.09,50.0,0.07,39.9,0.24,34.0,0.28,5.0,0.15,0.15,614.402996,1776210191000
1776210193.455,193.455,0.76,34.0,0.72,5.0,0.91,50.0,0.93,39.9,0.09,50.0,0.07,39.9,0.24,34.0,0.28,5.0,0.15,0.15,614.400088,1776210192000
1776210194.336,194.336,0.76,34.0,0.72,5.0,0.91,50.0,0.93,39.9,0.09,50.0,0.07,39.9,0.24,34.0,0.28,5.0,0.15,0.15,614.400088,1776210193000
1776210195.182,195.182,0.76,34.0,0.72,5.0,0.91,50.0,0.93,39.9,0.09,50.0,0.07,39.9,0.24,34.0,0.28,5.0,0.15,0.15,614.399944,1776210194000
1776210196.718,196.718,0.76,34.0,0.72,5.0,0.91,50.0,0.93,39.9,0.09,50.0,0.07,39.9,0.24,34.0,0.28,5.0,0.15,0.15,614.399576,1776210195000
1776210197.437,197.437,0.76,34.0,0.72,5.0,0.91,50.0,0.93,39.9,0.09,50.0,0.07,39.9,0.24,34.0,0.28,5.0,0.15,0.15,614.407119,1776210196000
1776210198.267,198.267,0.76,34.0,0.72,5.0,0.91,50.0,0.93,39.9,0.09,50.0,0.07,39.9,0.24,34.0,0.28,5.0,0.15,0.15,614.406863,1776210197000
1776210199.751,199.751,0.76,34.0,0.72,5.0,0.91,50.0,0.93,39.9,0.09,50.0,0.07,39.9,0.24,34.0,0.28,5.0,0.15,0.15,614.408582,1776210198000
1776210200.544,200.544,0.89,26.6,0.88,24.6,0.96,71.65,0.97,123.98,0.04,71.65,0.03,123.98,0.11,26.6,0.12,24.6,0.07,0.07,614.416491,1776210199000
1776210202.012,202.012,0.89,26.6,0.88,24.6,0.96,71.65,0.97,123.98,0.04,71.65,0.03,123.98,0.11,26.6,0.12,24.6,0.07,0.07,614.483609,1776210200000
1776210202.975,202.975,0.89,26.6,0.88,24.6,0.96,71.65,0.97,123.98,0.04,71.65,0.03,123.98,0.11,26.6,0.12,24.6,0.07,0.07,614.516386,1776210201000
1776210203.917,203.917,0.89,26.6,0.88,24.6,0.96,71.65,0.97,123.98,0.04,71.65,0.03,123.98,0.11,26.6,0.12,24.6,0.07,0.07,614.517252,1776210202000
1776210204.874,204.874,0.89,26.6,0.88,24.6,0.96,71.65,0.97,123.98,0.04,71.65,0.03,123.98,0.11,26.6,0.12,24.6,0.07,0.07,614.52232,1776210203000
1776210205.663,205.663,0.89,26.6,0.88,24.6,0.96,71.65,0.97,123.98,0.04,71.65,0.03,123.98,0.11,26.6,0.12,24.6,0.07,0.07,614.523158,1776210204000
1776210206.686,206.686,0.89,26.6,0.88,24.6,0.96,71.65,0.97,123.98,0.04,71.65,0.03,123.98,0.11,26.6,0.12,24.6,0.07,0.07,614.523195,1776210205000
1776210207.713,207.713,0.89,26.6,0.88,24.6,0.96,71.65,0.97,123.98,0.04,71.65,0.03,123.98,0.11,26.6,0.12,24.6,0.07,0.07,614.531647,1776210206000
1776210208.699,208.699,0.89,26.6,0.88,24.6,0.96,71.65,0.97,123.98,0.04,71.65,0.03,123.98,0.11,26.6,0.12,24.6,0.07,0.07,614.531984,1776210207000
1776210209.702,209.702,0.89,26.6,0.88,24.6,0.96,71.65,0.97,123.98,0.04,71.65,0.03,123.98,0.11,26.6,0.12,24.6,0.07,0.07,614.531647,1776210208000
1776210210.668,210.668,0.89,26.6,0.88,24.6,0.96,71.65,0.97,123.98,0.04,71.65,0.03,123.98,0.11,26.6,0.12,24.6,0.07,0.07,614.49564,1776210209000
1776210211.308,211.308,0.94,46.1,0.93,39.9,0.98,142.69,0.99,5742.6,0.04,71.65,0.03,123.98,0.11,26.6,0.12,24.6,0.04,0.07,614.49564,1776210209000
1776210211.832,211.832,0.94,46.1,0.93,39.9,0.98,142.69,0.99,5742.6,0.02,142.69,0.01,5742.6,0.06,46.1,0.07,39.9,0.04,0.04,614.48975,1776210210000
1776210212.727,212.727,0.94,46.1,0.93,39.9,0.98,142.69,0.99,5742.6,0.02,142.69,0.01,5742.6,0.06,46.1,0.07,39.9,0.04,0.04,614.497135,1776210211000
1776210213.694,213.694,0.94,46.1,0.93,39.9,0.98,142.69,0.99,5742.6,0.02,142.69,0.01,5742.6,0.06,46.1,0.07,39.9,0.04,0.04,614.51324,1776210212000
1776210214.441,214.441,0.94,46.1,0.93,39.9,0.98,142.69,0.99,5742.6,0.02,142.69,0.01,5742.6,0.06,46.1,0.07,39.9,0.04,0.04,614.50052,1776210213000
1776210215.346,215.346,0.94,46.1,0.93,39.9,0.98,142.69,0.99,5742.6,0.02,142.69,0.01,5742.6,0.06,46.1,0.07,39.9,0.04,0.04,614.50146,1776210214000
1776210216.919,216.919,0.94,46.1,0.93,39.9,0.98,142.69,0.99,5742.6,0.02,142.69,0.01,5742.6,0.06,46.1,0.07,39.9,0.04,0.04,614.51182,1776210215000
1776210217.954,217.954,0.94,46.1,0.93,39.9,0.98,142.69,0.99,5742.6,0.02,142.69,0.01,5742.6,0.06,46.1,0.07,39.9,0.04,0.04,614.51665,1776210216000
1776210218.817,218.817,0.94,46.1,0.93,39.9,0.98,142.69,0.99,5742.6,0.02,142.69,0.01,5742.6,0.06,46.1,0.07,39.9,0.04,0.04,614.51911,1776210217000
1776210219.523,219.523,0.94,46.1,0.93,39.9,0.98,142.69,0.99,5742.6,0.02,142.69,0.01,5742.6,0.06,46.1,0.07,39.9,0.04,0.04,614.50004,1776210218000
1776210220.49,220.49,0.94,46.1,0.93,39.9,0.98,142.69,0.99,5742.6,0.02,142.69,0.01,5742.6,0.06,46.1,0.07,39.9,0.04,0.04,614.47043,1776210219000
1776210221.31,221.31,0.94,46.1,0.93,39.9,0.98,142.69,0.99,5742.6,0.02,142.69,0.01,5742.6,0.06,46.1,0.07,39.9,0.04,0.04,614.47059,1776210220000
1776210222.239,222.239,0.94,46.1,0.93,39.9,0.98,142.69,0.99,5742.6,0.02,142.69,0.01,5742.6,0.06,46.1,0.07,39.9,0.04,0.04,614.47876,1776210221000
1776210222.753,222.753,0.93,39.9,0.92,35.29,0.97,87.23,0.98,142.69,0.02,142.69,0.01,5742.6,0.06,46.1,0.07,39.9,0.04,0.04,614.47876,1776210221000
1776210223.097,223.097,0.93,39.9,0.92,35.29,0.97,85.16,0.98,142.69,0.03,87.23,0.02,142.69,0.07,39.9,0.08,35.29,0.04,0.04,614.47876,1776210221000
1776210225.567,225.567,0.93,39.9,0.92,35.29,0.97,85.16,0.98,142.69,0.03,85.16,0.02,142.69,0.07,39.9,0.08,35.29,0.04,0.04,614.4792,1776210224000
1776210226.082,226.082,0.93,39.9,0.92,35.29,0.97,85.16,0.98,142.69,0.03,85.16,0.02,142.69,0.07,39.9,0.08,35.29,0.04,0.04,614.46822,1776210225000
1776210227.33,227.33,0.93,39.9,0.92,35.29,0.97,85.16,0.98,142.69,0.03,85.16,0.02,142.69,0.07,39.9,0.08,35.29,0.04,0.04,614.4853,1776210226000
1776210227.861,227.861,0.93,39.9,0.92,35.29,0.97,85.16,0.98,142.69,0.03,85.16,0.02,142.69,0.07,39.9,0.08,35.29,0.04,0.04,614.485393,1776210227000
1776210228.961,228.961,0.93,39.9,0.92,35.29,0.97,85.16,0.98,142.69,0.03,85.16,0.02,142.69,0.07,39.9,0.08,35.29,0.04,0.04,614.485484,1776210228000
1776210230.041,230.041,0.93,39.9,0.92,35.29,0.97,85.16,0.98,142.69,0.03,85.16,0.02,142.69,0.07,39.9,0.08,35.29,0.04,0.04,614.485484,1776210229000
1776210231.205,231.205,0.93,39.9,0.92,35.29,0.97,85.16,0.98,142.69,0.03,85.16,0.02,142.69,0.07,39.9,0.08,35.29,0.04,0.04,614.486086,1776210230000
1776210232.346,232.346,0.93,39.9,0.92,35.29,0.97,85.16,0.98,142.69,0.03,85.16,0.02,142.69,0.07,39.9,0.08,35.29,0.04,0.04,614.483886,1776210231000
1776210232.886,232.886,0.93,39.9,0.92,35.29,0.97,85.16,0.98,142.69,0.03,85.16,0.02,142.69,0.07,39.9,0.08,35.29,0.04,0.04,614.484485,1776210232000
1776210234.034,234.034,0.93,39.9,0.92,35.29,0.97,85.16,0.98,142.69,0.03,85.16,0.02,142.69,0.07,39.9,0.08,35.29,0.04,0.04,614.484402,1776210233000
1776210235.322,235.322,0.93,39.9,0.92,35.29,0.97,85.16,0.98,142.69,0.03,85.16,0.02,142.69,0.07,39.9,0.08,35.29,0.04,0.04,614.483572,1776210234000
1776210235.589,235.589,0.96,67.7,0.95,54.7,0.99,5732.6,,,0.03,85.16,0.02,142.69,0.07,39.9,0.08,35.29,0.03,0.04,614.483572,1776210234000
1776210235.907,235.907,0.96,67.7,0.95,54.7,0.99,5732.6,,,0.01,5732.6,,,0.04,67.7,0.05,54.7,0.03,0.03,614.512984,1776210235000
1776210236.846,236.846,0.96,67.7,0.95,54.7,0.99,5622.49,,,0.01,5732.6,,,0.04,67.7,0.05,54.7,0.03,0.03,614.512984,1776210235000
1776210238.093,238.093,0.96,67.7,0.95,54.7,0.99,5622.49,,,0.01,5622.49,,,0.04,67.7,0.05,54.7,0.03,0.03,614.497957,1776210237000
1776210239.262,239.262,0.96,67.7,0.95,54.7,0.99,5622.49,,,0.01,5622.49,,,0.04,67.7,0.05,54.7,0.03,0.03,614.499374,1776210238000
1776210240.459,240.459,0.96,67.7,0.95,54.7,0.99,5622.49,,,0.01,5622.49,,,0.04,67.7,0.05,54.7,0.03,0.03,614.499374,1776210239000
1776210240.931,240.931,0.96,67.7,0.95,54.7,0.99,5622.49,,,0.01,5622.49,,,0.04,67.7,0.05,54.7,0.03,0.03,614.499763,1776210240000
1776210241.164,241.164,0.96,67.7,0.95,54.7,0.99,5532.38,,,0.01,5622.49,,,0.04,67.7,0.05,54.7,0.03,0.03,614.499763,1776210240000
1776210242.135,242.135,0.96,67.7,0.95,54.7,0.99,5532.38,,,0.01,5532.38,,,0.04,67.7,0.05,54.7,0.03,0.03,614.509797,1776210241000
1776210243.176,243.176,0.96,67.7,0.95,54.7,0.99,5532.38,,,0.01,5532.38,,,0.04,67.7,0.05,54.7,0.03,0.03,614.509429,1776210242000
1776210244.288,244.288,0.96,67.7,0.95,54.7,0.99,5532.38,,,0.01,5532.38,,,0.04,67.7,0.05,54.7,0.03,0.03,614.509345,1776210243000
1776210244.929,244.929,0.96,67.7,0.95,54.7,0.99,5532.38,,,0.01,5532.38,,,0.04,67.7,0.05,54.7,0.03,0.03,614.509345,1776210244000
1776210245.9,245.9,0.96,67.7,0.95,54.7,0.99,5532.38,,,0.01,5532.38,,,0.04,67.7,0.05,54.7,0.03,0.03,614.510091,1776210245000
1776210246.918,246.918,0.97,89.3,0.96,67.7,0.99,5378.22,,,0.01,5532.38,,,0.04,67.7,0.05,54.7,0.02,0.03,614.510091,1776210245000
1776210247.195,247.195,0.97,89.3,0.96,67.7,0.99,5378.22,,,0.01,5378.22,,,0.03,89.3,0.04,67.7,0.02,0.02,614.50926,1776210246000
1776210248.434,248.434,0.97,89.3,0.96,67.7,0.99,5378.22,,,0.01,5378.22,,,0.03,89.3,0.04,67.7,0.02,0.02,614.49273,1776210247000
1776210249.096,249.096,0.97,89.3,0.96,67.7,0.99,5378.22,,,0.01,5378.22,,,0.03,89.3,0.04,67.7,0.02,0.02,614.4913,1776210248000
1776210250.321,250.321,0.97,89.3,0.96,67.7,0.99,5378.22,,,0.01,5378.22,,,0.03,89.3,0.04,67.7,0.02,0.02,614.48737,1776210249000
1776210250.955,250.955,0.97,89.3,0.96,67.7,0.99,5378.22,,,0.01,5378.22,,,0.03,89.3,0.04,67.7,0.02,0.02,614.48277,1776210250000
1776210252.245,252.245,0.97,89.3,0.96,67.7,0.99,5378.22,,,0.01,5378.22,,,0.03,89.3,0.04,67.7,0.02,0.02,614.48244,1776210251000
1776210253.254,253.254,0.97,89.3,0.96,67.7,0.99,5378.22,,,0.01,5378.22,,,0.03,89.3,0.04,67.7,0.02,0.02,614.49159,1776210252000
1776210254.428,254.428,0.97,89.3,0.96,67.7,0.99,5378.22,,,0.01,5378.22,,,0.03,89.3,0.04,67.7,0.02,0.02,614.49134,1776210253000
1776210255.131,255.131,0.97,89.3,0.96,67.7,0.99,5378.22,,,0.01,5378.22,,,0.03,89.3,0.04,67.7,0.02,0.02,614.49134,1776210254000
1776210256.095,256.095,0.97,89.3,0.96,67.7,0.99,5378.22,,,0.01,5378.22,,,0.03,89.3,0.04,67.7,0.02,0.02,614.499986,1776210255000
1776210257.148,257.148,0.97,89.3,0.96,67.7,0.99,5378.22,,,0.01,5378.22,,,0.03,89.3,0.04,67.7,0.02,0.02,614.49632,1776210256000
1776210258.286,258.286,0.97,89.3,0.96,67.7,0.99,5378.22,,,0.01,5378.22,,,0.03,89.3,0.04,67.7,0.02,0.02,614.430439,1776210257000
1776210259.415,259.415,0.97,89.3,0.96,67.7,0.99,5378.22,,,0.01,5378.22,,,0.03,89.3,0.04,67.7,0.02,0.02,614.4308,1776210258000
1776210259.976,259.976,0.97,89.3,0.96,67.7,0.99,5378.22,,,0.01,5378.22,,,0.03,89.3,0.04,67.7,0.02,0.02,614.4308,1776210259000
1776210261.078,261.078,0.97,89.3,0.96,67.7,0.99,5378.22,,,0.01,5378.22,,,0.03,89.3,0.04,67.7,0.02,0.02,614.4314,1776210260000
1776210262.171,262.171,0.97,89.3,0.96,67.7,0.99,5378.22,,,0.01,5378.22,,,0.03,89.3,0.04,67.7,0.02,0.02,614.4418,1776210261000
1776210263.242,263.242,0.97,89.3,0.96,67.7,0.99,5378.22,,,0.01,5378.22,,,0.03,89.3,0.04,67.7,0.02,0.02,614.44857,1776210262000
1776210264.346,264.346,0.97,89.3,0.96,67.7,0.99,5378.22,,,0.01,5378.22,,,0.03,89.3,0.04,67.7,0.02,0.02,614.439335,1776210263000
1776210264.666,264.666,0.97,54.3,0.96,67.7,0.98,5.0,0.99,412.6,0.01,5378.22,,,0.03,89.3,0.04,67.7,0.01,0.02,614.439335,1776210263000
1776210265.347,265.347,0.97,54.3,0.96,67.7,0.98,5.0,0.99,412.6,0.02,5.0,0.01,412.6,0.03,54.3,0.04,67.7,0.01,0.01,614.439337,1776210264000
1776210265.944,265.944,0.97,54.3,0.96,67.7,0.98,5.0,0.99,412.6,0.02,5.0,0.01,412.6,0.03,54.3,0.04,67.7,0.01,0.01,614.439337,1776210265000
1776210267.026,267.026,0.97,54.3,0.96,67.7,0.98,5.0,0.99,412.6,0.02,5.0,0.01,412.6,0.03,54.3,0.04,67.7,0.01,0.01,614.436665,1776210266000
1776210268.177,268.177,0.97,54.3,0.96,67.7,0.98,5.0,0.99,412.6,0.02,5.0,0.01,412.6,0.03,54.3,0.04,67.7,0.01,0.01,614.431146,1776210267000
1776210269.211,269.211,0.97,54.3,0.96,67.7,0.98,5.0,0.99,412.6,0.02,5.0,0.01,412.6,0.03,54.3,0.04,67.7,0.01,0.01,614.387006,1776210268000
1776210270.265,270.265,0.97,54.3,0.96,67.7,0.98,5.0,0.99,412.6,0.02,5.0,0.01,412.6,0.03,54.3,0.04,67.7,0.01,0.01,614.370328,1776210269000
1776210271.734,271.734,0.97,54.3,0.96,67.7,0.98,5.0,0.99,412.6,0.02,5.0,0.01,412.6,0.03,54.3,0.04,67.7,0.01,0.01,614.372973,1776210270000
1776210272.434,272.434,0.97,54.3,0.96,67.7,0.98,5.0,0.99,412.6,0.02,5.0,0.01,412.6,0.03,54.3,0.04,67.7,0.01,0.01,614.372973,1776210271000
1776210272.764,272.764,0.96,67.7,0.95,54.7,0.98,5.0,0.99,512.6,0.02,5.0,0.01,412.6,0.03,54.3,0.04,67.7,0.02,0.01,614.372973,1776210271000
1776210273.094,273.094,0.96,67.7,0.95,54.7,0.98,5.0,0.99,512.6,0.02,5.0,0.01,512.6,0.04,67.7,0.05,54.7,0.02,0.02,614.37125,1776210272000
1776210274.347,274.347,0.96,67.7,0.95,54.7,0.98,5.0,0.99,512.6,0.02,5.0,0.01,512.6,0.04,67.7,0.05,54.7,0.02,0.02,614.373145,1776210273000
1776210275.115,275.115,0.96,67.7,0.95,54.7,0.98,5.0,0.99,512.6,0.02,5.0,0.01,512.6,0.04,67.7,0.05,54.7,0.02,0.02,614.368704,1776210274000
1776210276.571,276.571,0.96,67.7,0.95,54.7,0.98,5.0,0.99,512.6,0.02,5.0,0.01,512.6,0.04,67.7,0.05,54.7,0.02,0.02,614.36438,1776210275000
1776210277.181,277.181,0.96,67.7,0.95,54.7,0.98,5.0,0.99,512.6,0.02,5.0,0.01,512.6,0.04,67.7,0.05,54.7,0.02,0.02,614.36796,1776210276000
1776210278.535,278.535,0.96,67.7,0.95,54.7,0.98,5.0,0.99,512.6,0.02,5.0,0.01,512.6,0.04,67.7,0.05,54.7,0.02,0.02,614.36636,1776210277000
1776210279.231,279.231,0.96,67.7,0.95,54.7,0.98,5.0,0.99,512.6,0.02,5.0,0.01,512.6,0.04,67.7,0.05,54.7,0.02,0.02,614.36636,1776210278000
1776210280.574,280.574,0.96,67.7,0.95,54.7,0.98,5.0,0.99,512.6,0.02,5.0,0.01,512.6,0.04,67.7,0.05,54.7,0.02,0.02,614.35286,1776210279000
1776210281.33,281.33,0.96,67.7,0.95,54.7,0.98,5.0,0.99,512.6,0.02,5.0,0.01,512.6,0.04,67.7,0.05,54.7,0.02,0.02,614.35893,1776210280000
1776210282.519,282.519,0.96,67.7,0.95,54.7,0.98,5.0,0.99,512.6,0.02,5.0,0.01,512.6,0.04,67.7,0.05,54.7,0.02,0.02,614.36002,1776210281000
1776210283.328,283.328,0.96,67.7,0.95,54.7,0.98,5.0,0.99,512.6,0.02,5.0,0.01,512.6,0.04,67.7,0.05,54.7,0.02,0.02,614.36002,1776210282000
1776210284.596,284.596,0.96,67.7,0.95,54.7,0.98,5.0,0.99,512.6,0.02,5.0,0.01,512.6,0.04,67.7,0.05,54.7,0.02,0.02,614.35515,1776210283000
1776210285.282,285.282,0.96,67.7,0.95,54.7,0.98,5.0,0.99,512.6,0.02,5.0,0.01,512.6,0.04,67.7,0.05,54.7,0.02,0.02,614.35834,1776210284000
1776210286.511,286.511,0.96,67.7,0.95,54.7,0.98,5.0,0.99,512.6,0.02,5.0,0.01,512.6,0.04,67.7,0.05,54.7,0.02,0.02,614.35932,1776210285000
1776210287.525,287.525,0.96,67.7,0.95,54.7,0.98,5.0,0.99,512.6,0.02,5.0,0.01,512.6,0.04,67.7,0.05,54.7,0.02,0.02,614.35938,1776210286000
1776210288.035,288.035,0.96,67.7,0.95,54.7,0.98,5.0,0.99,512.6,0.02,5.0,0.01,512.6,0.04,67.7,0.05,54.7,0.02,0.02,614.36167,1776210287000
1776210288.986,288.986,0.96,67.7,0.95,54.7,0.98,5.0,0.99,512.6,0.02,5.0,0.01,512.6,0.04,67.7,0.05,54.7,0.02,0.02,614.36145,1776210288000
1776210289.947,289.947,0.96,67.7,0.95,54.7,0.98,5.0,0.99,512.6,0.02,5.0,0.01,512.6,0.04,67.7,0.05,54.7,0.02,0.02,614.36604,1776210289000
1776210290.338,290.338,0.81,50.0,0.76,5.0,0.99,150.0,,,0.02,5.0,0.01,512.6,0.04,67.7,0.05,54.7,0.18,0.02,614.36604,1776210289000
1776210290.944,290.944,0.81,50.0,0.76,5.0,0.99,150.0,,,0.01,150.0,,,0.19,50.0,0.24,5.0,0.18,0.18,614.35995,1776210290000
1776210291.989,291.989,0.81,50.0,0.76,5.0,0.99,150.0,,,0.01,150.0,,,0.19,50.0,0.24,5.0,0.18,0.18,614.35966,1776210291000
1776210292.983,292.983,0.81,50.0,0.76,5.0,0.99,150.0,,,0.01,150.0,,,0.19,50.0,0.24,5.0,0.18,0.18,614.3598,1776210292000
1776210294.023,294.023,0.81,50.0,0.76,5.0,0.99,150.0,,,0.01,150.0,,,0.19,50.0,0.24,5.0,0.18,0.18,614.35946,1776210293000
1776210294.948,294.948,0.99,850.0,0.81,50.0,,,,,0.01,150.0,,,0.19,50.0,0.24,5.0,,0.18,614.35946,1776210293000
1776210295.988,295.988,0.99,850.0,0.81,50.0,,,,,,,,,0.01,850.0,0.19,50.0,,,614.35902,1776210295000
1776210296.956,296.956,0.99,850.0,0.81,50.0,,,,,,,,,0.01,850.0,0.19,50.0,,,614.368246,1776210296000
1776210297.931,297.931,0.99,850.0,0.81,50.0,,,,,,,,,0.01,850.0,0.19,50.0,,,614.369514,1776210297000
1776210298.619,298.619,0.76,5.0,0.71,50.0,0.99,51.0,,,,,,,0.19,50.0,0.24,5.0,0.23,,614.369514,1776210297000
1776210298.965,298.965,0.76,5.0,0.71,50.0,0.99,51.0,,,0.01,51.0,,,0.24,5.0,0.29,50.0,0.23,0.23,614.369514,1776210298000
1776210299.211,299.211,0.77,20.0,0.76,5.0,0.99,41.0,,,0.01,51.0,,,0.24,5.0,0.29,50.0,0.22,0.23,614.369514,1776210298000
1776210299.822,299.822,0.77,20.0,0.76,5.0,0.99,39.97,,,0.01,41.0,,,0.23,20.0,0.24,5.0,0.22,0.22,614.369514,1776210298000
1776210300.396,300.396,0.99,22.75,0.77,20.0,,,,,,,,,0.01,22.75,0.23,20.0,,,614.327,1776210299000
1776210300.978,300.978,0.99,22.75,0.77,20.0,,,,,,,,,0.01,22.75,0.23,20.0,,,614.238836,1776210300000

# RESULT,winner=Up,slug=bnb-updown-5m-1776210000,ticks=310
