timestamp,elapsed_sec,up_bid_p1,up_bid_s1,up_bid_p2,up_bid_s2,up_ask_p1,up_ask_s1,up_ask_p2,up_ask_s2,down_bid_p1,down_bid_s1,down_bid_p2,down_bid_s2,down_ask_p1,down_ask_s1,down_ask_p2,down_ask_s2,up_spread,down_spread,bnb_price,bnb_oracle_ts
1776379520.424,20.424,0.49,6.0,0.47,5.0,0.51,5.0,0.52,15.0,0.41,5.0,0.4,65.0,0.51,6.0,0.59,5.0,0.02,0.1,633.17901,1776379519000
1776379525.203,25.203,0.56,5.0,0.55,5.0,0.57,2.0,0.58,11.0,0.49,5.0,0.48,15.0,0.51,6.0,0.53,5.0,0.01,0.02,633.215544,1776379523000
1776379530.124,30.124,0.52,0.14,0.51,5.0,0.54,15.0,0.55,5.0,0.44,5.0,0.43,2.0,0.45,5.0,0.46,5.0,0.02,0.01,633.247194,1776379528000
1776379535.834,35.834,0.52,5.0,0.51,5.0,0.54,0.33,0.55,5.0,0.46,15.0,0.45,5.0,0.48,0.14,0.49,5.0,0.02,0.02,633.246865,1776379534000
1776379564.006,64.006,0.57,2.67,0.56,5.0,0.58,15.0,0.59,10.0,0.46,0.33,0.45,5.0,0.48,5.0,0.49,5.0,0.01,0.02,633.260986,1776379562000
1776379579.083,79.083,0.55,5.0,0.54,5.0,0.57,5.0,0.58,15.0,0.42,15.0,0.41,10.0,0.43,2.67,0.44,5.0,0.02,0.01,633.248601,1776379577000
1776379582.781,82.781,0.57,18.0,0.56,5.0,0.58,7.0,0.6,5.0,0.43,5.0,0.42,15.0,0.45,5.0,0.46,5.0,0.01,0.02,633.24982,1776379581000
1776379585.465,85.465,0.62,5.0,0.61,5.0,0.63,6.26,0.64,15.0,0.42,7.0,0.4,5.0,0.43,18.0,0.44,5.0,0.01,0.01,633.31319,1776379584000
1776379588.388,88.388,0.61,5.0,0.6,5.0,0.64,5.0,0.65,5.0,0.37,1.14,0.36,15.0,0.38,5.0,0.39,5.0,0.03,0.01,633.352494,1776379587000
1776379590.522,90.522,0.63,5.0,0.62,5.0,0.67,5.0,0.68,15.0,0.36,5.0,0.35,5.0,0.39,5.0,0.4,5.0,0.04,0.03,633.378723,1776379589000
1776379593.211,93.211,0.64,5.0,0.63,5.0,0.67,5.0,0.68,15.0,0.33,5.0,0.32,15.0,0.37,5.0,0.38,5.0,0.03,0.04,633.374251,1776379592000
1776379599.817,99.817,0.68,5.0,0.67,5.0,0.69,9.0,0.71,60.0,0.33,5.0,0.32,15.0,0.36,5.0,0.37,5.0,0.01,0.03,633.345483,1776379598000
1776379601.218,101.218,0.68,5.0,0.67,5.0,0.71,60.0,0.72,5.0,0.31,9.0,0.29,60.0,0.32,5.0,0.33,5.0,0.03,0.01,633.389893,1776379600000
1776379618.206,118.206,0.7,5.0,0.69,5.0,0.71,48.0,0.72,5.0,0.29,60.0,0.28,5.0,0.32,5.0,0.33,5.0,0.01,0.03,633.361228,1776379617000
1776379618.491,118.491,0.7,5.0,0.69,5.0,0.71,41.83,0.72,5.0,0.29,48.0,0.28,5.0,0.3,5.0,0.31,5.0,0.01,0.01,633.361228,1776379617000
1776379618.78,118.78,0.7,5.0,0.69,5.0,0.71,35.74,0.72,5.0,0.29,41.83,0.28,5.0,0.3,5.0,0.31,5.0,0.01,0.01,633.361228,1776379617000
1776379622.389,122.389,0.75,1.0,0.74,5.0,0.76,5.0,0.77,5.0,0.29,35.74,0.28,5.0,0.3,5.0,0.31,5.0,0.01,0.01,633.365979,1776379620000
1776379631.2,131.2,0.79,5.0,0.78,5.0,0.81,71.89,0.82,22.6,0.24,5.0,0.23,5.0,0.25,1.0,0.26,5.0,0.02,0.01,633.341188,1776379629000
1776379634.515,134.515,0.79,5.0,0.78,5.0,0.81,66.89,0.82,17.6,0.19,71.89,0.18,22.6,0.21,5.0,0.22,5.0,0.02,0.02,633.34686,1776379633000
1776379637.558,137.558,0.83,5.0,0.82,5.0,0.84,16.3,0.85,20.39,0.19,66.89,0.18,17.6,0.21,5.0,0.22,5.0,0.01,0.02,633.39413,1776379636000
1776379653.157,153.157,0.71,2.0,0.7,5.0,0.73,5.0,0.74,5.0,0.16,16.3,0.15,20.39,0.17,5.0,0.18,5.0,0.02,0.01,633.470292,1776379652000
1776379654.823,154.823,0.68,2.0,0.66,5.0,0.69,5.0,0.7,5.0,0.27,5.0,0.26,5.0,0.29,2.0,0.3,5.0,0.01,0.02,633.449652,1776379653000
1776379656.223,156.223,0.67,5.0,0.66,5.0,0.68,3.52,0.69,5.0,0.31,5.0,0.3,5.0,0.32,2.0,0.34,5.0,0.01,0.01,633.418181,1776379654000
1776379663.448,163.448,0.74,5.0,0.73,5.0,0.76,14.3,0.77,14.7,0.32,3.52,0.31,5.0,0.33,5.0,0.34,5.0,0.02,0.01,633.351701,1776379662000
1776379674.498,174.498,0.79,0.23,0.78,5.0,0.8,5.0,0.81,50.0,0.24,14.3,0.23,14.7,0.26,5.0,0.27,5.0,0.01,0.02,633.380524,1776379673000
1776379682.46,182.46,0.69,5.0,0.68,5.0,0.71,3.59,0.72,5.0,0.2,5.0,0.19,50.0,0.21,0.23,0.22,5.0,0.02,0.01,633.376188,1776379681000
1776379705.816,205.816,0.8,5.0,0.79,5.0,0.81,44.0,0.85,25.39,0.29,3.59,0.28,5.0,0.31,5.0,0.32,5.0,0.01,0.02,633.34969,1776379704000
1776379740.436,240.436,0.89,83.6,0.88,29.6,0.91,11.0,0.92,12.0,0.19,44.0,0.15,25.39,0.2,5.0,0.21,5.0,0.02,0.01,633.441699,1776379739000
1776379741.312,241.312,0.9,33.9,0.89,78.6,0.91,6.0,0.92,12.0,0.09,11.0,0.08,12.0,0.11,83.6,0.12,29.6,0.01,0.02,633.442341,1776379740000
1776379749.488,249.488,0.9,33.9,0.89,78.6,0.92,12.0,0.93,14.0,0.09,1.47,0.08,12.0,0.1,33.9,0.11,78.6,0.02,0.01,633.449044,1776379748000
1776379750.252,250.252,0.91,36.7,0.9,33.9,0.92,3.3,0.93,14.0,0.08,12.0,0.07,14.0,0.1,33.9,0.11,78.6,0.01,0.02,633.449044,1776379748000
1776379772.121,272.121,0.92,13.0,0.91,145.7,0.93,14.0,0.94,16.0,0.08,3.3,0.07,14.0,0.09,36.7,0.1,33.9,0.01,0.01,633.461672,1776379771000
1776379772.402,272.402,0.92,18.0,0.91,145.7,0.94,16.0,0.95,20.0,0.07,14.0,0.06,16.0,0.08,13.0,0.09,145.7,0.02,0.01,633.461672,1776379771000
1776379773.172,273.172,0.93,108.9,0.92,53.29,0.94,13.87,0.95,20.0,0.06,16.0,0.05,20.0,0.08,18.0,0.09,145.7,0.01,0.02,633.461672,1776379771000
1776379774.44,274.44,0.93,108.9,0.92,53.29,0.95,20.0,0.96,25.0,0.06,13.87,0.05,20.0,0.07,108.9,0.08,53.29,0.02,0.01,633.462666,1776379773000
1776379776.214,276.214,0.94,65.0,0.93,5.0,0.96,25.0,0.97,33.0,0.05,20.0,0.04,25.0,0.07,108.9,0.08,53.29,0.02,0.02,633.45549,1776379775000
1776379777.542,277.542,0.95,10.26,0.94,65.0,0.97,33.0,0.98,60.0,0.04,25.0,0.03,33.0,0.06,65.0,0.07,5.0,0.02,0.02,633.455492,1776379776000
1776379778.129,278.129,0.96,49.0,0.95,5.0,0.97,27.85,0.98,60.0,0.03,33.0,0.02,60.0,0.05,10.26,0.06,65.0,0.01,0.02,633.466941,1776379777000
1776379778.806,278.806,0.96,49.0,0.95,5.0,0.97,12.54,0.98,60.0,0.03,27.85,0.02,60.0,0.04,49.0,0.05,5.0,0.01,0.01,633.466941,1776379777000
1776379779.378,279.378,0.96,49.0,0.95,5.0,0.98,60.0,0.99,215.0,0.03,12.54,0.02,60.0,0.04,49.0,0.05,5.0,0.02,0.01,633.494583,1776379778000
1776379785.334,285.334,0.97,10.0,0.96,49.0,0.98,57.95,0.99,220.0,0.02,60.0,0.01,215.0,0.04,49.0,0.05,5.0,0.01,0.02,633.48589,1776379784000
1776379787.526,287.526,0.97,10.0,0.96,49.0,0.98,40.8,0.99,220.0,0.02,50.8,0.01,220.0,0.03,10.0,0.04,49.0,0.01,0.01,633.48236,1776379786000
1776379793.099,293.099,0.97,10.0,0.96,5.0,0.98,20.39,0.99,215.0,0.02,40.8,0.01,220.0,0.03,10.0,0.04,49.0,0.01,0.01,633.456,1776379791000
1776379794.31,294.31,0.97,10.0,0.96,5.0,0.98,16.45,0.99,210.0,0.02,20.39,0.01,215.0,0.03,10.0,0.04,5.0,0.01,0.01,633.456,1776379792000
1776379794.835,294.835,0.99,778.55,0.97,10.0,,,,,0.02,11.45,0.01,210.0,0.03,10.0,0.04,5.0,,0.01,633.456,1776379792000
1776379795.274,295.274,0.99,776.44,0.97,10.0,,,,,,,,,0.01,778.55,0.03,10.0,,,633.462939,1776379794000

# RESULT,winner=Up,slug=bnb-updown-5m-1776379500,ticks=46
