timestamp,elapsed_sec,up_bid_p1,up_bid_s1,up_bid_p2,up_bid_s2,up_ask_p1,up_ask_s1,up_ask_p2,up_ask_s2,down_bid_p1,down_bid_s1,down_bid_p2,down_bid_s2,down_ask_p1,down_ask_s1,down_ask_p2,down_ask_s2,up_spread,down_spread,bnb_price,bnb_oracle_ts
1776219311.341,11.341,0.56,5.0,0.53,5.0,0.64,5.0,0.65,5.0,0.36,5.0,0.35,5.0,0.44,5.0,0.47,5.0,0.08,0.08,619.485641,1776219310000
1776219311.662,11.662,0.56,5.0,0.54,5.0,0.64,5.0,0.65,5.0,0.36,5.0,0.35,5.0,0.44,5.0,0.47,5.0,0.08,0.08,619.485641,1776219310000
1776219312.059,12.059,0.56,5.0,0.54,5.0,0.64,5.0,0.65,5.0,0.36,5.0,0.35,5.0,0.44,5.0,0.46,5.0,0.08,0.08,619.483257,1776219311000
1776219312.864,12.864,0.56,5.0,0.54,5.0,0.64,5.0,0.65,5.0,0.36,5.0,0.35,5.0,0.44,5.0,0.46,5.0,0.08,0.08,619.483257,1776219312000
1776219313.884,13.884,0.56,5.0,0.54,5.0,0.64,5.0,0.65,5.0,0.36,5.0,0.35,5.0,0.44,5.0,0.46,5.0,0.08,0.08,619.501795,1776219313000
1776219315.225,15.225,0.56,5.0,0.54,5.0,0.64,5.0,0.65,5.0,0.36,5.0,0.35,5.0,0.44,5.0,0.46,5.0,0.08,0.08,619.483257,1776219314000
1776219316.282,16.282,0.56,5.0,0.54,5.0,0.64,5.0,0.65,5.0,0.36,5.0,0.35,5.0,0.44,5.0,0.46,5.0,0.08,0.08,619.483257,1776219315000
1776219318.034,18.034,0.56,5.0,0.54,5.0,0.64,5.0,0.65,5.0,0.36,5.0,0.35,5.0,0.44,5.0,0.46,5.0,0.08,0.08,619.506216,1776219317000
1776219319.442,19.442,0.61,10.0,0.6,5.0,0.7,5.0,0.71,50.0,0.36,5.0,0.35,5.0,0.44,5.0,0.46,5.0,0.09,0.08,619.506216,1776219317000
1776219320.304,20.304,0.61,10.0,0.6,5.0,0.7,5.0,0.71,50.0,0.3,5.0,0.29,50.0,0.39,10.0,0.4,5.0,0.09,0.09,619.542062,1776219319000
1776219321.717,21.717,0.61,10.0,0.6,5.0,0.7,5.0,0.71,50.0,0.3,5.0,0.29,50.0,0.39,10.0,0.4,5.0,0.09,0.09,619.544781,1776219320000
1776219322.41,22.41,0.61,10.0,0.6,5.0,0.7,5.0,0.71,50.0,0.3,5.0,0.29,50.0,0.39,10.0,0.4,5.0,0.09,0.09,619.53491,1776219321000
1776219323.092,23.092,0.61,10.0,0.6,5.0,0.7,5.0,0.71,50.0,0.3,5.0,0.29,50.0,0.39,10.0,0.4,5.0,0.09,0.09,619.53491,1776219322000
1776219324.441,24.441,0.61,10.0,0.6,5.0,0.7,5.0,0.71,50.0,0.3,5.0,0.29,50.0,0.39,10.0,0.4,5.0,0.09,0.09,619.546347,1776219323000
1776219325.153,25.153,0.61,10.0,0.6,5.0,0.7,5.0,0.71,50.0,0.3,5.0,0.29,50.0,0.39,10.0,0.4,5.0,0.09,0.09,619.543719,1776219324000
1776219326.551,26.551,0.61,10.0,0.6,5.0,0.7,5.0,0.71,50.0,0.3,5.0,0.29,50.0,0.39,10.0,0.4,5.0,0.09,0.09,619.532184,1776219325000
1776219327.314,27.314,0.61,10.0,0.6,5.0,0.7,5.0,0.71,50.0,0.3,5.0,0.29,50.0,0.39,10.0,0.4,5.0,0.09,0.09,619.532184,1776219326000
1776219328.599,28.599,0.61,10.0,0.6,5.0,0.7,5.0,0.71,50.0,0.3,5.0,0.29,50.0,0.39,10.0,0.4,5.0,0.09,0.09,619.532184,1776219327000
1776219329.552,29.552,0.61,10.0,0.6,5.0,0.7,5.0,0.71,50.0,0.3,5.0,0.29,50.0,0.39,10.0,0.4,5.0,0.09,0.09,619.532184,1776219328000
1776219330.238,30.238,0.61,10.0,0.6,5.0,0.7,5.0,0.71,50.0,0.3,5.0,0.29,50.0,0.39,10.0,0.4,5.0,0.09,0.09,619.546436,1776219329000
1776219331.774,31.774,0.61,10.0,0.6,5.0,0.7,5.0,0.71,50.0,0.3,5.0,0.29,50.0,0.39,10.0,0.4,5.0,0.09,0.09,619.532184,1776219330000
1776219332.482,32.482,0.61,10.0,0.6,5.0,0.7,5.0,0.71,50.0,0.3,5.0,0.29,50.0,0.39,10.0,0.4,5.0,0.09,0.09,619.532184,1776219331000
1776219333.123,33.123,0.61,10.0,0.6,5.0,0.7,5.0,0.71,50.0,0.3,5.0,0.29,50.0,0.39,10.0,0.4,5.0,0.09,0.09,619.539081,1776219332000
1776219334.867,34.867,0.61,10.0,0.6,5.0,0.7,5.0,0.71,50.0,0.3,5.0,0.29,50.0,0.39,10.0,0.4,5.0,0.09,0.09,619.55582,1776219333000
1776219335.485,35.485,0.61,10.0,0.6,5.0,0.7,5.0,0.71,50.0,0.3,5.0,0.29,50.0,0.39,10.0,0.4,5.0,0.09,0.09,619.55582,1776219334000
1776219336.029,36.029,0.61,10.0,0.6,5.0,0.7,5.0,0.71,50.0,0.3,5.0,0.29,50.0,0.39,10.0,0.4,5.0,0.09,0.09,619.558722,1776219335000
1776219337.072,37.072,0.61,10.0,0.6,5.0,0.7,5.0,0.71,50.0,0.3,5.0,0.29,50.0,0.39,10.0,0.4,5.0,0.09,0.09,619.548013,1776219336000
1776219337.999,37.999,0.61,10.0,0.6,5.0,0.7,5.0,0.71,50.0,0.3,5.0,0.29,50.0,0.39,10.0,0.4,5.0,0.09,0.09,619.534849,1776219337000
1776219339.062,39.062,0.61,10.0,0.6,5.0,0.7,5.0,0.71,50.0,0.3,5.0,0.29,50.0,0.39,10.0,0.4,5.0,0.09,0.09,619.533151,1776219338000
1776219339.94,39.94,0.61,10.0,0.6,5.0,0.7,5.0,0.71,50.0,0.3,5.0,0.29,50.0,0.39,10.0,0.4,5.0,0.09,0.09,619.539917,1776219339000
1776219341.155,41.155,0.61,10.0,0.6,5.0,0.7,5.0,0.71,50.0,0.3,5.0,0.29,50.0,0.39,10.0,0.4,5.0,0.09,0.09,619.541211,1776219340000
1776219341.98,41.98,0.56,2.9,0.46,5.0,0.61,55.0,0.69,5.0,0.3,5.0,0.29,50.0,0.39,10.0,0.4,5.0,0.05,0.09,619.541211,1776219340000
1776219343.099,43.099,0.46,1.86,0.4,5.1,0.61,55.0,0.69,5.0,0.39,55.0,0.31,5.0,0.54,1.86,0.6,5.1,0.15,0.15,619.559399,1776219342000
1776219344.981,44.981,0.46,1.86,0.4,5.1,0.61,55.0,0.69,5.0,0.39,55.0,0.31,5.0,0.54,1.86,0.6,5.1,0.15,0.15,619.297165,1776219343000
1776219345.511,45.511,0.46,1.86,0.4,5.1,0.61,55.0,0.69,5.0,0.39,55.0,0.31,5.0,0.54,1.86,0.6,5.1,0.15,0.15,619.297165,1776219344000
1776219346.116,46.116,0.46,1.86,0.4,5.1,0.61,55.0,0.69,5.0,0.39,55.0,0.31,5.0,0.54,1.86,0.6,5.1,0.15,0.15,619.390022,1776219345000
1776219347.487,47.487,0.46,1.86,0.4,5.1,0.61,55.0,0.69,5.0,0.39,55.0,0.31,5.0,0.54,1.86,0.6,5.1,0.15,0.15,619.41442,1776219346000
1776219348.072,48.072,0.46,1.86,0.4,5.1,0.61,55.0,0.69,5.0,0.39,55.0,0.31,5.0,0.54,1.86,0.6,5.1,0.15,0.15,619.422057,1776219347000
1776219349.889,49.889,0.46,1.86,0.4,5.1,0.61,55.0,0.69,5.0,0.39,55.0,0.31,5.0,0.54,1.86,0.6,5.1,0.15,0.15,619.359507,1776219348000
1776219350.405,50.405,0.46,1.86,0.4,5.1,0.61,55.0,0.69,5.0,0.39,55.0,0.31,5.0,0.54,1.86,0.6,5.1,0.15,0.15,619.363548,1776219349000
1776219351.043,51.043,0.46,1.86,0.4,5.1,0.61,55.0,0.69,5.0,0.39,55.0,0.31,5.0,0.54,1.86,0.6,5.1,0.15,0.15,619.362571,1776219350000
1776219351.878,51.878,0.46,1.86,0.4,5.1,0.61,55.0,0.69,5.0,0.39,55.0,0.31,5.0,0.54,1.86,0.6,5.1,0.15,0.15,619.34797,1776219351000
1776219352.909,52.909,0.46,1.86,0.4,5.1,0.61,55.0,0.69,5.0,0.39,55.0,0.31,5.0,0.54,1.86,0.6,5.1,0.15,0.15,619.347179,1776219352000
1776219353.973,53.973,0.46,1.86,0.4,5.1,0.61,55.0,0.69,5.0,0.39,55.0,0.31,5.0,0.54,1.86,0.6,5.1,0.15,0.15,619.360773,1776219353000
1776219355.011,55.011,0.46,1.86,0.4,5.1,0.61,55.0,0.69,5.0,0.39,55.0,0.31,5.0,0.54,1.86,0.6,5.1,0.15,0.15,619.369376,1776219354000
1776219356.06,56.06,0.46,1.86,0.4,5.1,0.61,55.0,0.69,5.0,0.39,55.0,0.31,5.0,0.54,1.86,0.6,5.1,0.15,0.15,619.371912,1776219355000
1776219357.111,57.111,0.46,1.86,0.4,5.1,0.61,55.0,0.69,5.0,0.39,55.0,0.31,5.0,0.54,1.86,0.6,5.1,0.15,0.15,619.366583,1776219356000
1776219357.993,57.993,0.46,1.86,0.4,5.1,0.61,55.0,0.69,5.0,0.39,55.0,0.31,5.0,0.54,1.86,0.6,5.1,0.15,0.15,619.362587,1776219357000
1776219358.921,58.921,0.46,1.86,0.4,5.1,0.61,55.0,0.69,5.0,0.39,55.0,0.31,5.0,0.54,1.86,0.6,5.1,0.15,0.15,619.367174,1776219358000
1776219359.997,59.997,0.46,1.86,0.4,5.1,0.61,55.0,0.69,5.0,0.39,55.0,0.31,5.0,0.54,1.86,0.6,5.1,0.15,0.15,619.38127,1776219359000
1776219360.983,60.983,0.46,1.86,0.4,5.1,0.61,55.0,0.69,5.0,0.39,55.0,0.31,5.0,0.54,1.86,0.6,5.1,0.15,0.15,619.381128,1776219360000
1776219362.061,62.061,0.46,1.86,0.4,5.1,0.61,55.0,0.69,5.0,0.39,55.0,0.31,5.0,0.54,1.86,0.6,5.1,0.15,0.15,619.381141,1776219361000
1776219363.393,63.393,0.46,1.86,0.4,5.1,0.61,55.0,0.69,5.0,0.39,55.0,0.31,5.0,0.54,1.86,0.6,5.1,0.15,0.15,619.365692,1776219362000
1776219364.557,64.557,0.46,1.86,0.4,5.1,0.61,55.0,0.69,5.0,0.39,55.0,0.31,5.0,0.54,1.86,0.6,5.1,0.15,0.15,619.371688,1776219363000
1776219365.46,65.46,0.46,1.86,0.4,5.1,0.61,55.0,0.69,5.0,0.39,55.0,0.31,5.0,0.54,1.86,0.6,5.1,0.15,0.15,619.37021,1776219364000
1776219366.116,66.116,0.46,1.86,0.4,5.1,0.61,55.0,0.69,5.0,0.39,55.0,0.31,5.0,0.54,1.86,0.6,5.1,0.15,0.15,619.381992,1776219365000
1776219367.528,67.528,0.46,1.86,0.4,5.1,0.61,55.0,0.69,5.0,0.39,55.0,0.31,5.0,0.54,1.86,0.6,5.1,0.15,0.15,619.379434,1776219366000
1776219368.352,68.352,0.46,1.86,0.4,5.1,0.61,55.0,0.69,5.0,0.39,55.0,0.31,5.0,0.54,1.86,0.6,5.1,0.15,0.15,619.378571,1776219367000
1776219369.008,69.008,0.46,1.86,0.4,5.1,0.61,55.0,0.69,5.0,0.39,55.0,0.31,5.0,0.54,1.86,0.6,5.1,0.15,0.15,619.372621,1776219368000
1776219370.326,70.326,0.46,1.86,0.4,5.1,0.61,55.0,0.69,5.0,0.39,55.0,0.31,5.0,0.54,1.86,0.6,5.1,0.15,0.15,619.374574,1776219369000
1776219371.026,71.026,0.46,1.86,0.4,5.1,0.61,55.0,0.69,5.0,0.39,55.0,0.31,5.0,0.54,1.86,0.6,5.1,0.15,0.15,619.378379,1776219370000
1776219372.605,72.605,0.46,1.86,0.4,5.1,0.61,55.0,0.69,5.0,0.39,55.0,0.31,5.0,0.54,1.86,0.6,5.1,0.15,0.15,619.375911,1776219371000
1776219373.355,73.355,0.46,1.86,0.4,5.1,0.61,55.0,0.69,5.0,0.39,55.0,0.31,5.0,0.54,1.86,0.6,5.1,0.15,0.15,619.376293,1776219372000
1776219374.074,74.074,0.46,1.86,0.4,5.1,0.61,55.0,0.69,5.0,0.39,55.0,0.31,5.0,0.54,1.86,0.6,5.1,0.15,0.15,619.376303,1776219373000
1776219375.433,75.433,0.46,1.86,0.4,5.1,0.61,55.0,0.69,5.0,0.39,55.0,0.31,5.0,0.54,1.86,0.6,5.1,0.15,0.15,619.383125,1776219374000
1776219376.074,76.074,0.46,1.86,0.4,5.1,0.61,55.0,0.69,5.0,0.39,55.0,0.31,5.0,0.54,1.86,0.6,5.1,0.15,0.15,619.375329,1776219375000
1776219377.483,77.483,0.46,1.86,0.4,5.1,0.61,55.0,0.69,5.0,0.39,55.0,0.31,5.0,0.54,1.86,0.6,5.1,0.15,0.15,619.349392,1776219376000
1776219378.247,78.247,0.46,1.86,0.4,5.1,0.61,55.0,0.69,5.0,0.39,55.0,0.31,5.0,0.54,1.86,0.6,5.1,0.15,0.15,619.378522,1776219377000
1776219379.57,79.57,0.46,1.86,0.4,5.1,0.61,55.0,0.69,5.0,0.39,55.0,0.31,5.0,0.54,1.86,0.6,5.1,0.15,0.15,619.375437,1776219378000
1776219380.397,80.397,0.46,1.86,0.4,5.1,0.61,55.0,0.69,5.0,0.39,55.0,0.31,5.0,0.54,1.86,0.6,5.1,0.15,0.15,619.368634,1776219379000
1776219381.512,81.512,0.46,1.86,0.4,5.1,0.61,55.0,0.69,5.0,0.39,55.0,0.31,5.0,0.54,1.86,0.6,5.1,0.15,0.15,619.326385,1776219380000
1776219382.119,82.119,0.46,1.86,0.4,5.1,0.61,55.0,0.69,5.0,0.39,55.0,0.31,5.0,0.54,1.86,0.6,5.1,0.15,0.15,619.351104,1776219381000
1776219383.648,83.648,0.46,1.86,0.4,5.1,0.61,55.0,0.69,5.0,0.39,55.0,0.31,5.0,0.54,1.86,0.6,5.1,0.15,0.15,619.360595,1776219382000
1776219384.315,84.315,0.46,1.86,0.4,5.1,0.61,55.0,0.69,5.0,0.39,55.0,0.31,5.0,0.54,1.86,0.6,5.1,0.15,0.15,619.353284,1776219383000
1776219385.401,85.401,0.46,1.86,0.4,5.1,0.61,55.0,0.69,5.0,0.39,55.0,0.31,5.0,0.54,1.86,0.6,5.1,0.15,0.15,619.386688,1776219384000
1776219385.87,85.87,0.46,1.86,0.4,5.1,0.61,55.0,0.69,5.0,0.39,55.0,0.31,5.0,0.54,1.86,0.6,5.1,0.15,0.15,619.400738,1776219385000
1776219387.053,87.053,0.46,1.86,0.4,5.1,0.61,55.0,0.69,5.0,0.39,55.0,0.31,5.0,0.54,1.86,0.6,5.1,0.15,0.15,619.39751,1776219386000
1776219388.074,88.074,0.46,1.86,0.4,5.1,0.61,55.0,0.69,5.0,0.39,55.0,0.31,5.0,0.54,1.86,0.6,5.1,0.15,0.15,619.429194,1776219387000
1776219389.259,89.259,0.46,1.86,0.4,5.1,0.61,55.0,0.69,5.0,0.39,55.0,0.31,5.0,0.54,1.86,0.6,5.1,0.15,0.15,619.429759,1776219388000
1776219390.375,90.375,0.46,1.86,0.4,5.1,0.61,55.0,0.69,5.0,0.39,55.0,0.31,5.0,0.54,1.86,0.6,5.1,0.15,0.15,619.454443,1776219389000
1776219391.097,91.097,0.46,1.86,0.4,5.1,0.61,55.0,0.69,5.0,0.39,55.0,0.31,5.0,0.54,1.86,0.6,5.1,0.15,0.15,619.435174,1776219390000
1776219392.305,92.305,0.46,1.86,0.4,5.1,0.61,55.0,0.69,5.0,0.39,55.0,0.31,5.0,0.54,1.86,0.6,5.1,0.15,0.15,619.433711,1776219391000
1776219393.382,93.382,0.46,1.86,0.4,5.1,0.61,55.0,0.69,5.0,0.39,55.0,0.31,5.0,0.54,1.86,0.6,5.1,0.15,0.15,619.423538,1776219392000
1776219393.97,93.97,0.52,5.0,0.5,15.4,0.63,10.0,0.66,11.6,0.37,10.0,0.34,11.6,0.48,5.0,0.5,15.4,0.11,0.11,619.421967,1776219393000
1776219395.128,95.128,0.52,5.0,0.5,15.4,0.63,10.0,0.66,11.6,0.37,10.0,0.34,11.6,0.48,5.0,0.5,15.4,0.11,0.11,619.423865,1776219394000
1776219396.242,96.242,0.52,10.0,0.5,15.4,0.63,1.63,0.64,5.0,0.37,10.0,0.34,11.6,0.48,5.0,0.5,15.4,0.11,0.11,619.423865,1776219394000
1776219396.752,96.752,0.52,10.0,0.5,15.4,0.63,1.63,0.64,5.0,0.37,1.63,0.36,5.0,0.48,10.0,0.5,15.4,0.11,0.11,619.46072,1776219395000
1776219397.387,97.387,0.52,10.0,0.5,15.4,0.63,1.63,0.64,5.0,0.37,1.63,0.36,5.0,0.48,10.0,0.5,15.4,0.11,0.11,619.445764,1776219396000
1776219398.13,98.13,0.52,10.0,0.5,15.4,0.63,1.63,0.64,5.0,0.37,1.63,0.36,5.0,0.48,10.0,0.5,15.4,0.11,0.11,619.420819,1776219397000
1776219399.52,99.52,0.52,10.0,0.5,15.4,0.63,1.63,0.64,5.0,0.37,1.63,0.36,5.0,0.48,10.0,0.5,15.4,0.11,0.11,619.45244,1776219398000
1776219400.13,100.13,0.52,10.0,0.5,15.4,0.63,1.63,0.64,5.0,0.37,1.63,0.36,5.0,0.48,10.0,0.5,15.4,0.11,0.11,619.473689,1776219399000
1776219401.494,101.494,0.52,10.0,0.5,15.4,0.63,1.63,0.64,5.0,0.37,1.63,0.36,5.0,0.48,10.0,0.5,15.4,0.11,0.11,619.494979,1776219400000
1776219402.117,102.117,0.52,10.0,0.5,15.4,0.63,1.63,0.64,5.0,0.37,1.63,0.36,5.0,0.48,10.0,0.5,15.4,0.11,0.11,619.480252,1776219401000
1776219403.316,103.316,0.52,10.0,0.5,15.4,0.63,1.63,0.64,5.0,0.37,1.63,0.36,5.0,0.48,10.0,0.5,15.4,0.11,0.11,619.53842,1776219402000
1776219404.545,104.545,0.52,10.0,0.5,15.4,0.63,1.63,0.64,5.0,0.37,1.63,0.36,5.0,0.48,10.0,0.5,15.4,0.11,0.11,619.52789,1776219403000
1776219405.116,105.116,0.52,10.0,0.5,15.4,0.63,1.63,0.64,5.0,0.37,1.63,0.36,5.0,0.48,10.0,0.5,15.4,0.11,0.11,619.53121,1776219404000
1776219406.308,106.308,0.52,10.0,0.5,15.4,0.63,1.63,0.64,5.0,0.37,1.63,0.36,5.0,0.48,10.0,0.5,15.4,0.11,0.11,619.538074,1776219405000
1776219406.937,106.937,0.52,10.0,0.5,15.4,0.63,1.63,0.64,5.0,0.37,1.63,0.36,5.0,0.48,10.0,0.5,15.4,0.11,0.11,619.56594,1776219406000
1776219408.102,108.102,0.52,10.0,0.5,15.4,0.63,1.63,0.64,5.0,0.37,1.63,0.36,5.0,0.48,10.0,0.5,15.4,0.11,0.11,619.5702,1776219407000
1776219409.347,109.347,0.52,10.0,0.5,15.4,0.63,1.63,0.64,5.0,0.37,1.63,0.36,5.0,0.48,10.0,0.5,15.4,0.11,0.11,619.57139,1776219408000
1776219410.609,110.609,0.52,10.0,0.5,15.4,0.63,1.63,0.64,5.0,0.37,1.63,0.36,5.0,0.48,10.0,0.5,15.4,0.11,0.11,619.57571,1776219409000
1776219411.225,111.225,0.52,10.0,0.5,15.4,0.63,1.63,0.64,5.0,0.37,1.63,0.36,5.0,0.48,10.0,0.5,15.4,0.11,0.11,619.57382,1776219410000
1776219413.209,113.209,0.52,10.0,0.5,15.4,0.63,1.63,0.64,5.0,0.37,1.63,0.36,5.0,0.48,10.0,0.5,15.4,0.11,0.11,619.55825,1776219412000
1776219414.354,114.354,0.52,10.0,0.5,15.4,0.63,1.63,0.64,5.0,0.37,1.63,0.36,5.0,0.48,10.0,0.5,15.4,0.11,0.11,619.54142,1776219413000
1776219414.959,114.959,0.52,10.0,0.5,15.4,0.63,1.63,0.64,5.0,0.37,1.63,0.36,5.0,0.48,10.0,0.5,15.4,0.11,0.11,619.5414,1776219414000
1776219416.201,116.201,0.52,10.0,0.5,15.4,0.63,1.63,0.64,5.0,0.37,1.63,0.36,5.0,0.48,10.0,0.5,15.4,0.11,0.11,619.53848,1776219415000
1776219417.395,117.395,0.52,10.0,0.5,15.4,0.63,1.63,0.64,5.0,0.37,1.63,0.36,5.0,0.48,10.0,0.5,15.4,0.11,0.11,619.5385,1776219416000
1776219417.922,117.922,0.52,10.0,0.5,15.4,0.63,1.63,0.64,5.0,0.37,1.63,0.36,5.0,0.48,10.0,0.5,15.4,0.11,0.11,619.5363,1776219417000
1776219419.145,119.145,0.52,10.0,0.5,15.4,0.63,1.63,0.64,5.0,0.37,1.63,0.36,5.0,0.48,10.0,0.5,15.4,0.11,0.11,619.53126,1776219418000
1776219420.06,120.06,0.7,5.0,0.69,5.0,0.71,45.0,0.79,25.22,0.37,1.63,0.36,5.0,0.48,10.0,0.5,15.4,0.01,0.11,619.53126,1776219418000
1776219421.308,121.308,0.69,4.83,0.68,10.0,0.71,45.0,0.79,9.52,0.29,45.0,0.21,9.52,0.31,4.83,0.32,10.0,0.02,0.02,619.581658,1776219420000
1776219421.874,121.874,0.68,5.0,0.64,10.0,0.71,38.11,0.79,25.22,0.29,38.11,0.21,25.22,0.32,5.0,0.36,10.0,0.03,0.03,619.659824,1776219421000
1776219423.041,123.041,0.68,5.0,0.64,10.0,0.71,38.11,0.79,25.22,0.29,38.11,0.21,25.22,0.32,5.0,0.36,10.0,0.03,0.03,619.637,1776219422000
1776219424.261,124.261,0.68,5.0,0.64,10.0,0.71,38.11,0.79,25.22,0.29,38.11,0.21,25.22,0.32,5.0,0.36,10.0,0.03,0.03,619.666997,1776219423000
1776219425.357,125.357,0.68,5.0,0.64,10.0,0.71,38.11,0.79,25.22,0.29,38.11,0.21,25.22,0.32,5.0,0.36,10.0,0.03,0.03,619.67668,1776219424000
1776219425.927,125.927,0.68,5.0,0.64,10.0,0.71,38.11,0.79,25.22,0.29,38.11,0.21,25.22,0.32,5.0,0.36,10.0,0.03,0.03,619.687416,1776219425000
1776219427.064,127.064,0.68,5.0,0.64,10.0,0.71,38.11,0.79,25.22,0.29,38.11,0.21,25.22,0.32,5.0,0.36,10.0,0.03,0.03,619.690387,1776219426000
1776219427.451,127.451,0.75,15.0,0.74,5.0,0.79,2.09,0.85,30.39,0.29,38.11,0.21,25.22,0.32,5.0,0.36,10.0,0.04,0.03,619.690387,1776219426000
1776219428.459,128.459,0.75,15.0,0.74,5.0,0.79,2.09,0.85,30.39,0.21,2.09,0.15,30.39,0.25,15.0,0.26,5.0,0.04,0.04,619.697473,1776219427000
1776219429.268,129.268,0.75,15.0,0.74,5.0,0.79,2.09,0.85,30.39,0.21,2.09,0.15,30.39,0.25,15.0,0.26,5.0,0.04,0.04,619.708671,1776219428000
1776219430.587,130.587,0.75,15.0,0.74,5.0,0.79,2.09,0.85,30.39,0.21,2.09,0.15,30.39,0.25,15.0,0.26,5.0,0.04,0.04,619.73241,1776219429000
1776219431.17,131.17,0.75,15.0,0.74,5.0,0.79,2.09,0.85,30.39,0.21,2.09,0.15,30.39,0.25,15.0,0.26,5.0,0.04,0.04,619.735429,1776219430000
1776219431.793,131.793,0.77,50.7,0.76,19.3,0.86,10.0,0.87,23.0,0.21,2.09,0.15,30.39,0.25,15.0,0.26,5.0,0.09,0.04,619.735429,1776219430000
1776219432.253,132.253,0.77,50.7,0.76,19.3,0.86,10.0,0.87,23.0,0.14,10.0,0.13,23.0,0.23,50.7,0.24,19.3,0.09,0.09,619.73699,1776219431000
1776219433.319,133.319,0.77,50.7,0.76,19.3,0.86,10.0,0.87,23.0,0.14,10.0,0.13,23.0,0.23,50.7,0.24,19.3,0.09,0.09,619.741952,1776219432000
1776219434.372,134.372,0.77,50.7,0.76,19.3,0.86,10.0,0.87,23.0,0.14,10.0,0.13,23.0,0.23,50.7,0.24,19.3,0.09,0.09,619.75172,1776219433000
1776219435.027,135.027,0.77,50.7,0.76,19.3,0.86,10.0,0.87,23.0,0.14,10.0,0.13,23.0,0.23,50.7,0.24,19.3,0.09,0.09,619.75169,1776219434000
1776219436.124,136.124,0.77,50.7,0.76,19.3,0.86,10.0,0.87,23.0,0.14,10.0,0.13,23.0,0.23,50.7,0.24,19.3,0.09,0.09,619.75338,1776219435000
1776219437.844,137.844,0.77,50.7,0.76,19.3,0.86,10.0,0.87,23.0,0.14,10.0,0.13,23.0,0.23,50.7,0.24,19.3,0.09,0.09,619.75635,1776219436000
1776219438.36,138.36,0.77,50.7,0.76,19.3,0.86,10.0,0.87,23.0,0.14,10.0,0.13,23.0,0.23,50.7,0.24,19.3,0.09,0.09,619.75635,1776219437000
1776219439.0,139.0,0.77,50.7,0.76,19.3,0.86,10.0,0.87,23.0,0.14,10.0,0.13,23.0,0.23,50.7,0.24,19.3,0.09,0.09,619.753581,1776219438000
1776219440.811,140.811,0.77,50.7,0.76,19.3,0.86,10.0,0.87,23.0,0.14,10.0,0.13,23.0,0.23,50.7,0.24,19.3,0.09,0.09,619.786557,1776219439000
1776219441.344,141.344,0.77,50.7,0.76,19.3,0.86,10.0,0.87,23.0,0.14,10.0,0.13,23.0,0.23,50.7,0.24,19.3,0.09,0.09,619.802319,1776219440000
1776219442.007,142.007,0.77,50.7,0.76,19.3,0.86,10.0,0.87,23.0,0.14,10.0,0.13,23.0,0.23,50.7,0.24,19.3,0.09,0.09,619.802355,1776219441000
1776219443.491,143.491,0.77,50.7,0.76,19.3,0.86,10.0,0.87,23.0,0.14,10.0,0.13,23.0,0.23,50.7,0.24,19.3,0.09,0.09,619.80658,1776219442000
1776219444.177,144.177,0.77,50.7,0.76,19.3,0.86,10.0,0.87,23.0,0.14,10.0,0.13,23.0,0.23,50.7,0.24,19.3,0.09,0.09,619.81063,1776219443000
1776219445.928,145.928,0.77,50.7,0.76,19.3,0.86,10.0,0.87,23.0,0.14,10.0,0.13,23.0,0.23,50.7,0.24,19.3,0.09,0.09,619.78898,1776219444000
1776219446.426,146.426,0.77,50.7,0.76,19.3,0.86,10.0,0.87,23.0,0.14,10.0,0.13,23.0,0.23,50.7,0.24,19.3,0.09,0.09,619.794175,1776219445000
1776219446.918,146.918,0.77,50.7,0.76,19.3,0.86,10.0,0.87,23.0,0.14,10.0,0.13,23.0,0.23,50.7,0.24,19.3,0.09,0.09,619.80085,1776219446000
1776219447.965,147.965,0.77,50.7,0.76,19.3,0.86,10.0,0.87,23.0,0.14,10.0,0.13,23.0,0.23,50.7,0.24,19.3,0.09,0.09,619.80144,1776219447000
1776219449.062,149.062,0.77,50.7,0.76,19.3,0.86,10.0,0.87,23.0,0.14,10.0,0.13,23.0,0.23,50.7,0.24,19.3,0.09,0.09,619.79937,1776219448000
1776219450.147,150.147,0.77,50.7,0.76,19.3,0.86,10.0,0.87,23.0,0.14,10.0,0.13,23.0,0.23,50.7,0.24,19.3,0.09,0.09,619.79437,1776219449000
1776219450.546,150.546,0.83,15.0,0.82,5.0,0.89,11.43,0.9,28.9,0.14,10.0,0.13,23.0,0.23,50.7,0.24,19.3,0.06,0.09,619.79437,1776219449000
1776219451.037,151.037,0.83,15.0,0.82,5.0,0.89,11.43,0.9,28.9,0.11,11.43,0.1,28.9,0.17,15.0,0.18,5.0,0.06,0.06,619.804158,1776219450000
1776219452.167,152.167,0.83,15.0,0.82,5.0,0.89,11.43,0.9,28.9,0.11,11.43,0.1,28.9,0.17,15.0,0.18,5.0,0.06,0.06,619.80969,1776219451000
1776219453.226,153.226,0.83,15.0,0.82,5.0,0.89,11.43,0.9,28.9,0.11,11.43,0.1,28.9,0.17,15.0,0.18,5.0,0.06,0.06,619.81214,1776219452000
1776219454.208,154.208,0.83,15.0,0.82,5.0,0.89,11.43,0.9,28.9,0.11,11.43,0.1,28.9,0.17,15.0,0.18,5.0,0.06,0.06,619.81233,1776219453000
1776219455.291,155.291,0.83,15.0,0.82,5.0,0.89,11.43,0.9,28.9,0.11,11.43,0.1,28.9,0.17,15.0,0.18,5.0,0.06,0.06,619.813291,1776219454000
1776219456.355,156.355,0.83,15.0,0.82,5.0,0.89,11.43,0.9,28.9,0.11,11.43,0.1,28.9,0.17,15.0,0.18,5.0,0.06,0.06,619.817511,1776219455000
1776219456.843,156.843,0.83,15.0,0.82,5.0,0.89,11.43,0.9,28.9,0.11,11.43,0.1,28.9,0.17,15.0,0.18,5.0,0.06,0.06,619.82306,1776219456000
1776219457.942,157.942,0.83,15.0,0.82,5.0,0.89,11.43,0.9,28.9,0.11,11.43,0.1,28.9,0.17,15.0,0.18,5.0,0.06,0.06,619.82937,1776219457000
1776219459.52,159.52,0.83,15.0,0.82,5.0,0.89,11.43,0.9,28.9,0.11,11.43,0.1,28.9,0.17,15.0,0.18,5.0,0.06,0.06,619.8403,1776219458000
1776219460.041,160.041,0.83,15.0,0.82,5.0,0.89,11.43,0.9,28.9,0.11,11.43,0.1,28.9,0.17,15.0,0.18,5.0,0.06,0.06,619.84137,1776219459000
1776219461.059,161.059,0.83,15.0,0.82,5.0,0.89,11.43,0.9,28.9,0.11,11.43,0.1,28.9,0.17,15.0,0.18,5.0,0.06,0.06,619.84082,1776219460000
1776219462.093,162.093,0.83,15.0,0.82,5.0,0.89,11.43,0.9,28.9,0.11,11.43,0.1,28.9,0.17,15.0,0.18,5.0,0.06,0.06,619.851781,1776219461000
1776219463.036,163.036,0.83,15.0,0.82,5.0,0.89,11.43,0.9,28.9,0.11,11.43,0.1,28.9,0.17,15.0,0.18,5.0,0.06,0.06,619.87374,1776219462000
1776219464.084,164.084,0.83,15.0,0.82,5.0,0.89,11.43,0.9,28.9,0.11,11.43,0.1,28.9,0.17,15.0,0.18,5.0,0.06,0.06,619.87254,1776219463000
1776219465.105,165.105,0.83,15.0,0.82,5.0,0.89,11.43,0.9,28.9,0.11,11.43,0.1,28.9,0.17,15.0,0.18,5.0,0.06,0.06,619.86146,1776219464000
1776219466.086,166.086,0.83,15.0,0.82,5.0,0.89,11.43,0.9,28.9,0.11,11.43,0.1,28.9,0.17,15.0,0.18,5.0,0.06,0.06,619.85582,1776219465000
1776219467.052,167.052,0.83,15.0,0.82,5.0,0.89,11.43,0.9,28.9,0.11,11.43,0.1,28.9,0.17,15.0,0.18,5.0,0.06,0.06,619.868337,1776219466000
1776219468.076,168.076,0.83,15.0,0.82,5.0,0.89,11.43,0.9,28.9,0.11,11.43,0.1,28.9,0.17,15.0,0.18,5.0,0.06,0.06,619.868466,1776219467000
1776219469.073,169.073,0.83,15.0,0.82,5.0,0.89,11.43,0.9,28.9,0.11,11.43,0.1,28.9,0.17,15.0,0.18,5.0,0.06,0.06,619.868961,1776219468000
1776219470.071,170.071,0.83,15.0,0.82,5.0,0.89,11.43,0.9,28.9,0.11,11.43,0.1,28.9,0.17,15.0,0.18,5.0,0.06,0.06,619.871074,1776219469000
1776219471.126,171.126,0.83,15.0,0.82,5.0,0.89,11.43,0.9,28.9,0.11,11.43,0.1,28.9,0.17,15.0,0.18,5.0,0.06,0.06,619.871074,1776219470000
1776219472.692,172.692,0.83,15.0,0.82,5.0,0.89,11.43,0.9,28.9,0.11,11.43,0.1,28.9,0.17,15.0,0.18,5.0,0.06,0.06,619.87292,1776219471000
1776219473.138,173.138,0.83,15.0,0.82,5.0,0.89,11.43,0.9,28.9,0.11,11.43,0.1,28.9,0.17,15.0,0.18,5.0,0.06,0.06,619.87292,1776219472000
1776219474.311,174.311,0.83,15.0,0.82,5.0,0.89,11.43,0.9,28.9,0.11,11.43,0.1,28.9,0.17,15.0,0.18,5.0,0.06,0.06,619.866326,1776219473000
1776219475.288,175.288,0.83,15.0,0.82,5.0,0.89,11.43,0.9,28.9,0.11,11.43,0.1,28.9,0.17,15.0,0.18,5.0,0.06,0.06,619.866449,1776219474000
1776219476.301,176.301,0.83,15.0,0.82,5.0,0.89,11.43,0.9,28.9,0.11,11.43,0.1,28.9,0.17,15.0,0.18,5.0,0.06,0.06,619.866449,1776219475000
1776219476.838,176.838,0.87,15.0,0.85,5.0,0.91,26.7,0.92,35.29,0.11,11.43,0.1,28.9,0.17,15.0,0.18,5.0,0.04,0.06,619.866449,1776219475000
1776219477.224,177.224,0.87,15.0,0.85,5.0,0.91,26.7,0.92,35.29,0.09,26.7,0.08,35.29,0.13,15.0,0.15,5.0,0.04,0.04,619.866456,1776219476000
1776219478.23,178.23,0.87,15.0,0.85,5.0,0.91,12.21,0.92,35.29,0.09,12.21,0.08,35.29,0.13,15.0,0.15,5.0,0.04,0.04,619.87568,1776219477000
1776219479.234,179.234,0.87,15.0,0.85,5.0,0.91,12.21,0.92,35.29,0.09,12.21,0.08,35.29,0.13,15.0,0.15,5.0,0.04,0.04,619.880291,1776219478000
1776219480.282,180.282,0.87,15.0,0.85,5.0,0.91,12.21,0.92,35.29,0.09,12.21,0.08,35.29,0.13,15.0,0.15,5.0,0.04,0.04,619.878402,1776219479000
1776219481.414,181.414,0.87,15.0,0.85,5.0,0.91,12.21,0.92,35.29,0.09,12.21,0.08,35.29,0.13,15.0,0.15,5.0,0.04,0.04,619.86543,1776219480000
1776219482.04,182.04,0.87,15.0,0.85,5.0,0.91,12.21,0.92,35.29,0.09,12.21,0.08,35.29,0.13,15.0,0.15,5.0,0.04,0.04,619.867627,1776219481000
1776219483.267,183.267,0.88,5.0,0.87,10.0,0.92,15.29,0.93,39.9,0.08,15.29,0.07,39.9,0.12,5.0,0.13,10.0,0.04,0.04,619.866635,1776219482000
1776219484.272,184.272,0.88,5.0,0.87,10.0,0.92,15.29,0.93,39.9,0.08,15.29,0.07,39.9,0.12,5.0,0.13,10.0,0.04,0.04,619.873314,1776219483000
1776219485.289,185.289,0.88,5.0,0.87,10.0,0.92,15.29,0.93,39.9,0.08,15.29,0.07,39.9,0.12,5.0,0.13,10.0,0.04,0.04,619.87203,1776219484000
1776219486.325,186.325,0.88,5.0,0.87,10.0,0.92,15.29,0.93,39.9,0.08,15.29,0.07,39.9,0.12,5.0,0.13,10.0,0.04,0.04,619.873314,1776219485000
1776219486.843,186.843,0.88,5.0,0.87,10.0,0.92,15.29,0.93,39.9,0.08,15.29,0.07,39.9,0.12,5.0,0.13,10.0,0.04,0.04,619.907108,1776219486000
1776219488.021,188.021,0.88,5.0,0.87,10.0,0.92,15.29,0.93,39.9,0.08,15.29,0.07,39.9,0.12,5.0,0.13,10.0,0.04,0.04,619.907248,1776219487000
1776219489.579,189.579,0.88,5.0,0.87,10.0,0.92,15.29,0.93,39.9,0.08,15.29,0.07,39.9,0.12,5.0,0.13,10.0,0.04,0.04,619.90612,1776219488000
1776219490.095,190.095,0.88,5.0,0.87,10.0,0.92,15.29,0.93,39.9,0.08,15.29,0.07,39.9,0.12,5.0,0.13,10.0,0.04,0.04,619.906099,1776219489000
1776219491.413,191.413,0.88,5.0,0.87,10.0,0.92,15.29,0.93,39.9,0.08,15.29,0.07,39.9,0.12,5.0,0.13,10.0,0.04,0.04,619.898448,1776219490000
1776219492.124,192.124,0.88,5.0,0.87,10.0,0.92,15.29,0.93,39.9,0.08,15.29,0.07,39.9,0.12,5.0,0.13,10.0,0.04,0.04,619.898087,1776219491000
1776219493.179,193.179,0.88,5.0,0.87,10.0,0.92,15.29,0.93,39.9,0.08,15.29,0.07,39.9,0.12,5.0,0.13,10.0,0.04,0.04,619.912435,1776219492000
1776219494.376,194.376,0.88,5.0,0.87,10.0,0.92,15.29,0.93,39.9,0.08,15.29,0.07,39.9,0.12,5.0,0.13,10.0,0.04,0.04,619.910196,1776219493000
1776219495.475,195.475,0.88,5.0,0.87,10.0,0.92,15.29,0.93,39.9,0.08,15.29,0.07,39.9,0.12,5.0,0.13,10.0,0.04,0.04,619.919901,1776219494000
1776219496.078,196.078,0.88,5.0,0.87,10.0,0.92,15.29,0.93,39.9,0.08,15.29,0.07,39.9,0.12,5.0,0.13,10.0,0.04,0.04,619.908056,1776219495000
1776219497.313,197.313,0.88,5.0,0.87,10.0,0.92,15.29,0.93,39.9,0.08,15.29,0.07,39.9,0.12,5.0,0.13,10.0,0.04,0.04,619.90806,1776219496000
1776219498.448,198.448,0.88,5.0,0.87,10.0,0.92,15.29,0.93,39.9,0.08,15.29,0.07,39.9,0.12,5.0,0.13,10.0,0.04,0.04,619.922614,1776219497000
1776219499.094,199.094,0.88,5.0,0.87,10.0,0.92,15.29,0.93,39.9,0.08,15.29,0.07,39.9,0.12,5.0,0.13,10.0,0.04,0.04,619.922614,1776219498000
1776219500.22,200.22,0.88,5.0,0.87,10.0,0.92,15.29,0.93,39.9,0.08,15.29,0.07,39.9,0.12,5.0,0.13,10.0,0.04,0.04,619.92186,1776219499000
1776219501.699,201.699,0.95,54.7,0.94,46.1,0.96,2.91,0.97,100.0,0.08,15.29,0.07,39.9,0.12,5.0,0.13,10.0,0.01,0.04,619.92186,1776219499000
1776219502.236,202.236,0.95,54.7,0.94,46.1,0.97,87.88,0.98,10.0,0.04,2.91,0.03,100.0,0.05,54.7,0.06,46.1,0.02,0.01,619.922936,1776219500000
1776219502.552,202.552,0.95,54.7,0.94,46.1,0.97,36.88,0.98,10.0,0.03,36.88,0.02,10.0,0.05,54.7,0.06,46.1,0.02,0.02,619.937232,1776219501000
1776219503.207,203.207,0.96,67.7,0.95,54.7,0.97,27.4,0.98,10.0,0.03,27.4,0.02,10.0,0.04,67.7,0.05,54.7,0.01,0.01,619.937232,1776219502000
1776219504.377,204.377,0.96,67.7,0.95,54.7,0.97,27.4,0.98,10.0,0.03,27.4,0.02,10.0,0.04,67.7,0.05,54.7,0.01,0.01,620.029187,1776219503000
1776219504.955,204.955,0.96,67.7,0.95,54.7,0.97,27.4,0.98,10.0,0.03,27.4,0.02,10.0,0.04,67.7,0.05,54.7,0.01,0.01,620.040846,1776219504000
1776219506.2,206.2,0.96,67.7,0.95,54.7,0.97,27.4,0.98,10.0,0.03,27.4,0.02,10.0,0.04,67.7,0.05,54.7,0.01,0.01,620.059105,1776219505000
1776219507.385,207.385,0.96,67.7,0.95,54.7,0.97,22.45,0.98,10.0,0.03,27.4,0.02,10.0,0.04,67.7,0.05,54.7,0.01,0.01,620.059105,1776219505000
1776219508.226,208.226,0.96,67.7,0.95,54.7,0.97,22.45,0.98,10.0,0.03,22.45,0.02,10.0,0.04,67.7,0.05,54.7,0.01,0.01,620.05165,1776219507000
1776219509.445,209.445,0.96,67.7,0.95,54.7,0.97,22.45,0.98,10.0,0.03,22.45,0.02,10.0,0.04,67.7,0.05,54.7,0.01,0.01,620.05282,1776219508000
1776219510.127,210.127,0.96,67.7,0.95,54.7,0.97,22.45,0.98,10.0,0.03,22.45,0.02,10.0,0.04,67.7,0.05,54.7,0.01,0.01,620.05729,1776219509000
1776219511.382,211.382,0.96,67.7,0.95,54.7,0.97,22.45,0.98,10.0,0.03,22.45,0.02,10.0,0.04,67.7,0.05,54.7,0.01,0.01,620.05914,1776219510000
1776219511.999,211.999,0.96,67.7,0.95,54.7,0.97,22.45,0.98,10.0,0.03,22.45,0.02,10.0,0.04,67.7,0.05,54.7,0.01,0.01,619.99614,1776219511000
1776219513.316,213.316,0.96,67.7,0.95,54.7,0.97,22.45,0.98,10.0,0.03,22.45,0.02,10.0,0.04,67.7,0.05,54.7,0.01,0.01,619.99359,1776219512000
1776219514.75,214.75,0.96,67.7,0.95,54.7,0.97,22.45,0.98,10.0,0.03,22.45,0.02,10.0,0.04,67.7,0.05,54.7,0.01,0.01,619.95974,1776219513000
1776219515.402,215.402,0.96,67.7,0.95,54.7,0.97,22.45,0.98,10.0,0.03,22.45,0.02,10.0,0.04,67.7,0.05,54.7,0.01,0.01,619.95971,1776219514000
1776219515.997,215.997,0.96,67.7,0.95,54.7,0.97,22.45,0.98,10.0,0.03,22.45,0.02,10.0,0.04,67.7,0.05,54.7,0.01,0.01,619.95682,1776219515000
1776219517.453,217.453,0.96,67.7,0.95,54.7,0.97,22.45,0.98,10.0,0.03,22.45,0.02,10.0,0.04,67.7,0.05,54.7,0.01,0.01,619.94823,1776219516000
1776219518.459,218.459,0.96,67.7,0.95,54.7,0.97,22.45,0.98,10.0,0.03,22.45,0.02,10.0,0.04,67.7,0.05,54.7,0.01,0.01,619.941687,1776219517000
1776219518.922,218.922,0.96,67.7,0.95,54.7,0.97,22.45,0.98,10.0,0.03,22.45,0.02,10.0,0.04,67.7,0.05,54.7,0.01,0.01,619.941616,1776219518000
1776219519.942,219.942,0.96,67.7,0.95,54.7,0.97,22.45,0.98,10.0,0.03,22.45,0.02,10.0,0.04,67.7,0.05,54.7,0.01,0.01,619.940859,1776219519000
1776219521.041,221.041,0.96,67.7,0.95,54.7,0.97,22.45,0.98,10.0,0.03,22.45,0.02,10.0,0.04,67.7,0.05,54.7,0.01,0.01,619.983629,1776219520000
1776219521.934,221.934,0.96,67.7,0.95,54.7,0.97,22.45,0.98,10.0,0.03,22.45,0.02,10.0,0.04,67.7,0.05,54.7,0.01,0.01,619.97243,1776219521000
1776219523.012,223.012,0.96,67.7,0.95,54.7,0.97,22.45,0.98,10.0,0.03,22.45,0.02,10.0,0.04,67.7,0.05,54.7,0.01,0.01,619.975164,1776219522000
1776219523.977,223.977,0.96,67.7,0.95,54.7,0.97,22.45,0.98,10.0,0.03,22.45,0.02,10.0,0.04,67.7,0.05,54.7,0.01,0.01,619.973307,1776219523000
1776219524.975,224.975,0.96,67.7,0.95,54.7,0.97,22.45,0.98,10.0,0.03,22.45,0.02,10.0,0.04,67.7,0.05,54.7,0.01,0.01,619.97289,1776219524000
1776219525.908,225.908,0.96,67.7,0.95,54.7,0.97,22.45,0.98,10.0,0.03,22.45,0.02,10.0,0.04,67.7,0.05,54.7,0.01,0.01,619.975036,1776219525000
1776219526.908,226.908,0.96,67.7,0.95,54.7,0.97,22.45,0.98,10.0,0.03,22.45,0.02,10.0,0.04,67.7,0.05,54.7,0.01,0.01,619.975037,1776219526000
1776219527.401,227.401,0.96,67.7,0.95,59.7,0.97,26.41,0.98,10.0,0.03,22.45,0.02,10.0,0.04,67.7,0.05,54.7,0.01,0.01,619.975037,1776219526000
1776219527.955,227.955,0.96,67.7,0.95,59.7,0.97,26.41,0.98,10.0,0.03,26.41,0.02,10.0,0.04,67.7,0.05,59.7,0.01,0.01,619.982153,1776219527000
1776219528.188,228.188,0.96,67.7,0.95,59.7,0.97,17.36,0.98,10.0,0.03,26.41,0.02,10.0,0.04,67.7,0.05,59.7,0.01,0.01,619.982153,1776219527000
1776219528.913,228.913,0.96,67.7,0.95,59.7,0.97,17.36,0.98,10.0,0.03,17.36,0.02,10.0,0.04,67.7,0.05,59.7,0.01,0.01,619.989556,1776219528000
1776219529.926,229.926,0.96,67.7,0.95,59.7,0.97,17.36,0.98,10.0,0.03,17.36,0.02,10.0,0.04,67.7,0.05,59.7,0.01,0.01,619.989546,1776219529000
1776219530.163,230.163,0.96,67.7,0.95,59.7,0.98,10.0,0.99,562.6,0.03,17.36,0.02,10.0,0.04,67.7,0.05,59.7,0.02,0.01,619.989546,1776219529000
1776219531.444,231.444,0.96,67.7,0.95,59.7,0.98,10.0,0.99,562.6,0.02,10.0,0.01,562.6,0.04,67.7,0.05,59.7,0.02,0.02,619.989546,1776219530000
1776219532.18,232.18,0.96,67.7,0.95,59.7,0.98,10.0,0.99,562.6,0.02,10.0,0.01,562.6,0.04,67.7,0.05,59.7,0.02,0.02,619.98991,1776219531000
1776219533.887,233.887,0.96,67.7,0.95,59.7,0.98,10.0,0.99,562.6,0.02,10.0,0.01,562.6,0.04,67.7,0.05,59.7,0.02,0.02,619.96426,1776219532000
1776219534.522,234.522,0.97,89.3,0.96,67.7,0.99,562.39,,,0.02,10.0,0.01,562.6,0.04,67.7,0.05,59.7,0.02,0.02,619.96426,1776219532000
1776219535.497,235.497,0.97,89.3,0.96,67.7,0.99,562.39,,,0.01,562.39,,,0.03,89.3,0.04,67.7,0.02,0.02,619.988824,1776219534000
1776219536.115,236.115,0.97,89.3,0.96,67.7,0.99,562.39,,,0.01,562.39,,,0.03,89.3,0.04,67.7,0.02,0.02,619.990189,1776219535000
1776219537.437,237.437,0.95,5.0,0.91,31.7,0.97,78.99,0.98,132.69,0.01,562.39,,,0.03,89.3,0.04,67.7,0.02,0.02,619.990189,1776219535000
1776219538.214,238.214,0.95,5.0,0.91,31.7,0.97,78.99,0.98,132.69,0.03,78.99,0.02,132.69,0.05,5.0,0.09,31.7,0.02,0.02,619.990431,1776219537000
1776219538.467,238.467,0.95,5.0,0.91,31.7,0.96,33.85,0.97,78.99,0.03,78.99,0.02,132.69,0.05,5.0,0.09,31.7,0.01,0.02,619.990431,1776219537000
1776219539.826,239.826,0.95,5.0,0.91,31.7,0.96,33.85,0.97,78.99,0.04,33.85,0.03,78.99,0.05,5.0,0.09,31.7,0.01,0.01,619.85867,1776219538000
1776219540.575,240.575,0.95,5.0,0.91,31.7,0.96,33.85,0.97,78.99,0.04,33.85,0.03,78.99,0.05,5.0,0.09,31.7,0.01,0.01,619.84813,1776219539000
1776219541.351,241.351,0.95,5.0,0.91,31.7,0.96,33.85,0.97,78.99,0.04,33.85,0.03,78.99,0.05,5.0,0.09,31.7,0.01,0.01,619.843146,1776219540000
1776219542.173,242.173,0.95,5.0,0.91,31.7,0.96,33.85,0.97,78.99,0.04,33.85,0.03,78.99,0.05,5.0,0.09,31.7,0.01,0.01,619.837081,1776219541000
1776219543.646,243.646,0.95,5.0,0.89,26.6,0.96,66.7,0.97,78.99,0.04,66.7,0.03,78.99,0.05,5.0,0.11,26.6,0.01,0.01,619.84024,1776219542000
1776219544.463,244.463,0.95,5.0,0.89,26.6,0.96,66.7,0.97,78.99,0.04,66.7,0.03,78.99,0.05,5.0,0.11,26.6,0.01,0.01,619.79824,1776219543000
1776219545.165,245.165,0.95,5.0,0.89,26.6,0.96,66.7,0.97,78.99,0.04,66.7,0.03,78.99,0.05,5.0,0.11,26.6,0.01,0.01,619.75159,1776219544000
1776219545.429,245.429,0.93,5.0,0.89,26.6,0.96,66.7,0.97,78.99,0.04,66.7,0.03,78.99,0.05,5.0,0.11,26.6,0.03,0.01,619.75159,1776219544000
1776219545.701,245.701,0.93,5.0,0.89,26.6,0.96,45.86,0.97,78.99,0.04,66.7,0.03,78.99,0.07,5.0,0.11,26.6,0.03,0.03,619.75159,1776219544000
1776219546.903,246.903,0.93,5.0,0.89,26.6,0.96,45.86,0.97,78.99,0.04,45.86,0.03,78.99,0.07,5.0,0.11,26.6,0.03,0.03,619.74131,1776219545000
1776219547.719,247.719,0.93,5.0,0.89,26.6,0.96,45.86,0.97,78.99,0.04,45.86,0.03,78.99,0.07,5.0,0.11,26.6,0.03,0.03,619.74031,1776219546000
1776219548.02,248.02,0.93,5.0,0.9,28.9,0.95,49.7,0.96,45.86,0.04,45.86,0.03,78.99,0.07,5.0,0.11,26.6,0.02,0.03,619.74031,1776219546000
1776219548.388,248.388,0.93,5.0,0.9,28.9,0.95,49.7,0.96,45.86,0.05,49.7,0.04,45.86,0.07,5.0,0.1,28.9,0.02,0.02,619.73775,1776219547000
1776219548.982,248.982,0.93,5.0,0.9,28.9,0.95,21.99,0.96,45.86,0.05,49.7,0.04,45.86,0.07,5.0,0.1,28.9,0.02,0.02,619.73775,1776219547000
1776219549.352,249.352,0.91,31.7,0.9,28.9,0.95,21.99,0.96,45.86,0.05,21.99,0.04,45.86,0.07,5.0,0.1,28.9,0.04,0.02,619.73775,1776219548000
1776219550.959,250.959,0.91,31.7,0.9,28.9,0.95,21.99,0.96,45.86,0.05,21.99,0.04,45.86,0.09,31.7,0.1,28.9,0.04,0.04,619.736292,1776219549000
1776219551.883,251.883,0.91,31.7,0.9,28.9,0.95,21.99,0.96,45.86,0.05,21.99,0.04,45.86,0.09,31.7,0.1,28.9,0.04,0.04,619.736292,1776219550000
1776219552.555,252.555,0.91,31.7,0.9,28.9,0.95,21.99,0.96,45.86,0.05,21.99,0.04,45.86,0.09,31.7,0.1,28.9,0.04,0.04,619.737586,1776219551000
1776219553.309,253.309,0.91,31.7,0.9,28.9,0.95,21.99,0.96,45.86,0.05,21.99,0.04,45.86,0.09,31.7,0.1,28.9,0.04,0.04,619.745394,1776219552000
1776219554.803,254.803,0.91,31.7,0.9,28.9,0.95,21.99,0.96,45.86,0.05,21.99,0.04,45.86,0.09,31.7,0.1,28.9,0.04,0.04,619.70795,1776219553000
1776219555.498,255.498,0.91,31.7,0.9,28.9,0.95,21.99,0.96,45.86,0.05,21.99,0.04,45.86,0.09,31.7,0.1,28.9,0.04,0.04,619.6682,1776219554000
1776219556.227,256.227,0.91,31.7,0.9,28.9,0.95,21.99,0.96,45.86,0.05,21.99,0.04,45.86,0.09,31.7,0.1,28.9,0.04,0.04,619.682,1776219555000
1776219556.897,256.897,0.83,8.08,0.82,17.6,0.91,50.0,0.92,35.29,0.05,21.99,0.04,45.86,0.09,31.7,0.1,28.9,0.08,0.04,619.682,1776219555000
1776219557.497,257.497,0.83,8.08,0.82,17.6,0.91,50.0,0.92,35.29,0.09,50.0,0.08,35.29,0.17,8.08,0.18,17.6,0.08,0.08,619.674,1776219556000
1776219558.185,258.185,0.83,8.08,0.82,17.6,0.91,50.0,0.92,35.29,0.09,50.0,0.08,35.29,0.17,8.08,0.18,17.6,0.08,0.08,619.67347,1776219557000
1776219559.473,259.473,0.83,8.08,0.82,17.6,0.91,50.0,0.92,35.29,0.09,50.0,0.08,35.29,0.17,8.08,0.18,17.6,0.08,0.08,619.63,1776219558000
1776219560.252,260.252,0.83,8.08,0.82,17.6,0.91,50.0,0.92,35.29,0.09,50.0,0.08,35.29,0.17,8.08,0.18,17.6,0.08,0.08,619.64626,1776219559000
1776219561.554,261.554,0.83,8.08,0.82,17.6,0.91,50.0,0.92,35.29,0.09,50.0,0.08,35.29,0.17,8.08,0.18,17.6,0.08,0.08,619.654669,1776219560000
1776219562.249,262.249,0.83,8.08,0.82,17.6,0.91,50.0,0.92,35.29,0.09,50.0,0.08,35.29,0.17,8.08,0.18,17.6,0.08,0.08,619.658313,1776219561000
1776219563.518,263.518,0.83,8.08,0.82,17.6,0.91,50.0,0.92,35.29,0.09,50.0,0.08,35.29,0.17,8.08,0.18,17.6,0.08,0.08,619.660286,1776219562000
1776219564.257,264.257,0.83,8.08,0.82,17.6,0.91,50.0,0.92,35.29,0.09,50.0,0.08,35.29,0.17,8.08,0.18,17.6,0.08,0.08,619.652683,1776219563000
1776219565.706,265.706,0.83,8.08,0.82,17.6,0.91,50.0,0.92,35.29,0.09,50.0,0.08,35.29,0.17,8.08,0.18,17.6,0.08,0.08,619.649881,1776219564000
1776219566.421,266.421,0.83,8.08,0.82,17.6,0.91,50.0,0.92,35.29,0.09,50.0,0.08,35.29,0.17,8.08,0.18,17.6,0.08,0.08,619.647887,1776219565000
1776219567.159,267.159,0.83,8.08,0.82,17.6,0.91,50.0,0.92,35.29,0.09,50.0,0.08,35.29,0.17,8.08,0.18,17.6,0.08,0.08,619.633177,1776219566000
1776219568.953,268.953,0.83,8.08,0.82,17.6,0.91,50.0,0.92,35.29,0.09,50.0,0.08,35.29,0.17,8.08,0.18,17.6,0.08,0.08,619.527873,1776219568000
1776219569.927,269.927,0.83,8.08,0.82,17.6,0.91,50.0,0.92,35.29,0.09,50.0,0.08,35.29,0.17,8.08,0.18,17.6,0.08,0.08,619.53061,1776219569000
1776219571.047,271.047,0.83,8.08,0.82,17.6,0.91,50.0,0.92,35.29,0.09,50.0,0.08,35.29,0.17,8.08,0.18,17.6,0.08,0.08,619.53241,1776219570000
1776219572.072,272.072,0.83,8.08,0.82,17.6,0.91,50.0,0.92,35.29,0.09,50.0,0.08,35.29,0.17,8.08,0.18,17.6,0.08,0.08,619.52611,1776219571000
1776219573.007,273.007,0.83,8.08,0.82,17.6,0.91,50.0,0.92,35.29,0.09,50.0,0.08,35.29,0.17,8.08,0.18,17.6,0.08,0.08,619.537155,1776219572000
1776219574.046,274.046,0.83,8.08,0.82,17.6,0.91,50.0,0.92,35.29,0.09,50.0,0.08,35.29,0.17,8.08,0.18,17.6,0.08,0.08,619.536995,1776219573000
1776219575.066,275.066,0.83,8.08,0.82,17.6,0.91,50.0,0.92,35.29,0.09,50.0,0.08,35.29,0.17,8.08,0.18,17.6,0.08,0.08,619.542154,1776219574000
1776219576.053,276.053,0.83,8.08,0.82,17.6,0.91,50.0,0.92,35.29,0.09,50.0,0.08,35.29,0.17,8.08,0.18,17.6,0.08,0.08,619.541177,1776219575000
1776219577.032,277.032,0.83,8.08,0.82,17.6,0.91,50.0,0.92,35.29,0.09,50.0,0.08,35.29,0.17,8.08,0.18,17.6,0.08,0.08,619.541188,1776219576000
1776219578.013,278.013,0.83,8.08,0.82,17.6,0.91,50.0,0.92,35.29,0.09,50.0,0.08,35.29,0.17,8.08,0.18,17.6,0.08,0.08,619.52868,1776219577000
1776219579.205,279.205,0.83,8.08,0.82,17.6,0.91,50.0,0.92,35.29,0.09,50.0,0.08,35.29,0.17,8.08,0.18,17.6,0.08,0.08,619.52868,1776219578000
1776219580.185,280.185,0.83,8.08,0.82,17.6,0.91,50.0,0.92,35.29,0.09,50.0,0.08,35.29,0.17,8.08,0.18,17.6,0.08,0.08,619.52954,1776219579000
1776219581.221,281.221,0.83,8.08,0.82,17.6,0.91,50.0,0.92,35.29,0.09,50.0,0.08,35.29,0.17,8.08,0.18,17.6,0.08,0.08,619.52974,1776219580000
1776219582.358,282.358,0.83,8.08,0.82,17.6,0.91,50.0,0.92,35.29,0.09,50.0,0.08,35.29,0.17,8.08,0.18,17.6,0.08,0.08,619.52974,1776219581000
1776219582.962,282.962,0.83,8.08,0.82,17.6,0.91,50.0,0.92,35.29,0.09,50.0,0.08,35.29,0.17,8.08,0.18,17.6,0.08,0.08,619.52967,1776219582000
1776219584.103,284.103,0.83,8.08,0.82,17.6,0.91,50.0,0.92,35.29,0.09,50.0,0.08,35.29,0.17,8.08,0.18,17.6,0.08,0.08,619.53011,1776219583000
1776219585.177,285.177,0.83,8.08,0.82,17.6,0.91,50.0,0.92,35.29,0.09,50.0,0.08,35.29,0.17,8.08,0.18,17.6,0.08,0.08,619.53042,1776219584000
1776219586.26,286.26,0.83,8.08,0.82,17.6,0.91,50.0,0.92,35.29,0.09,50.0,0.08,35.29,0.17,8.08,0.18,17.6,0.08,0.08,619.53052,1776219585000
1776219587.341,287.341,0.83,8.08,0.82,17.6,0.91,50.0,0.92,35.29,0.09,50.0,0.08,35.29,0.17,8.08,0.18,17.6,0.08,0.08,619.55495,1776219586000
1776219587.933,287.933,0.83,8.08,0.82,17.6,0.91,50.0,0.92,35.29,0.09,50.0,0.08,35.29,0.17,8.08,0.18,17.6,0.08,0.08,619.555234,1776219587000
1776219589.082,289.082,0.83,8.08,0.82,17.6,0.91,50.0,0.92,35.29,0.09,50.0,0.08,35.29,0.17,8.08,0.18,17.6,0.08,0.08,619.5749,1776219588000
1776219590.139,290.139,0.83,8.08,0.82,17.6,0.91,50.0,0.92,35.29,0.09,50.0,0.08,35.29,0.17,8.08,0.18,17.6,0.08,0.08,619.57607,1776219589000
1776219591.245,291.245,0.83,8.08,0.82,17.6,0.91,50.0,0.92,35.29,0.09,50.0,0.08,35.29,0.17,8.08,0.18,17.6,0.08,0.08,619.576,1776219590000
1776219592.43,292.43,0.83,8.08,0.82,17.6,0.91,50.0,0.92,35.29,0.09,50.0,0.08,35.29,0.17,8.08,0.18,17.6,0.08,0.08,619.5837,1776219591000
1776219592.978,292.978,0.83,8.08,0.82,17.6,0.91,50.0,0.92,35.29,0.09,50.0,0.08,35.29,0.17,8.08,0.18,17.6,0.08,0.08,619.5821,1776219592000
1776219594.09,294.09,0.83,8.08,0.82,17.6,0.91,50.0,0.92,35.29,0.09,50.0,0.08,35.29,0.17,8.08,0.18,17.6,0.08,0.08,619.578633,1776219593000
1776219595.162,295.162,0.83,8.08,0.82,17.6,0.91,50.0,0.92,35.29,0.09,50.0,0.08,35.29,0.17,8.08,0.18,17.6,0.08,0.08,619.57103,1776219594000
1776219595.936,295.936,0.91,50.0,0.81,50.0,0.99,216.55,,,0.01,219.79,,,0.09,50.0,0.19,50.0,0.08,0.08,619.57103,1776219594000
1776219596.529,296.529,0.91,50.0,0.81,50.0,0.99,215.44,,,0.01,216.55,,,0.09,50.0,0.19,50.0,0.08,0.08,619.57103,1776219594000
1776219596.952,296.952,0.91,50.0,0.81,50.0,0.99,215.44,,,0.01,215.44,,,0.09,50.0,0.19,50.0,0.08,0.08,619.559987,1776219595000
1776219597.327,297.327,0.91,50.0,0.81,50.0,0.99,211.39,,,0.01,215.44,,,0.09,50.0,0.19,50.0,0.08,0.08,619.559987,1776219595000
1776219597.583,297.583,0.91,50.0,0.81,50.0,,,,,,,,,0.09,50.0,0.19,50.0,,,619.567713,1776219596000
1776219598.006,298.006,0.91,50.0,0.81,50.0,,,,,,,,,0.09,50.0,0.19,50.0,,,619.58643,1776219597000
1776219598.383,298.383,0.99,1139.0,0.91,50.0,,,,,,,,,0.09,50.0,0.19,50.0,,,619.58643,1776219597000
1776219599.584,299.584,0.99,1139.0,0.91,50.0,,,,,,,,,0.01,1139.0,0.09,50.0,,,619.57328,1776219598000
1776219600.105,300.105,0.99,1139.0,0.91,50.0,,,,,,,,,0.01,1139.0,0.09,50.0,,,619.585289,1776219599000

# RESULT,winner=Up,slug=bnb-updown-5m-1776219300,ticks=307
