timestamp,elapsed_sec,up_bid_p1,up_bid_s1,up_bid_p2,up_bid_s2,up_ask_p1,up_ask_s1,up_ask_p2,up_ask_s2,down_bid_p1,down_bid_s1,down_bid_p2,down_bid_s2,down_ask_p1,down_ask_s1,down_ask_p2,down_ask_s2,up_spread,down_spread,bnb_price,bnb_oracle_ts
1776219601.453,1.453,,,,,,,,,,,,,,,,,,,619.585315,1776219600000
1776219601.934,1.934,0.5,1.8,0.33,300.0,0.67,300.0,0.69,375.0,0.33,300.0,0.31,375.0,0.5,1.8,0.67,300.0,0.17,0.17,619.585315,1776219600000
1776219602.196,2.196,0.5,1.8,0.33,300.0,0.67,300.0,0.69,375.0,0.33,300.0,0.31,375.0,0.5,1.8,0.67,300.0,0.17,0.17,619.585315,1776219601000
1776219603.438,3.438,0.5,1.8,0.33,300.0,0.67,300.0,0.69,375.0,0.33,300.0,0.31,375.0,0.5,1.8,0.67,300.0,0.17,0.17,619.4899,1776219602000
1776219604.352,4.352,0.5,1.8,0.33,300.0,0.67,300.0,0.69,375.0,0.33,300.0,0.31,375.0,0.5,1.8,0.67,300.0,0.17,0.17,619.469116,1776219603000
1776219605.795,5.795,0.5,1.8,0.33,300.0,0.67,300.0,0.69,375.0,0.33,300.0,0.31,375.0,0.5,1.8,0.67,300.0,0.17,0.17,619.500884,1776219604000
1776219606.46,6.46,0.5,1.8,0.33,300.0,0.67,300.0,0.69,375.0,0.33,300.0,0.31,375.0,0.5,1.8,0.67,300.0,0.17,0.17,619.503969,1776219605000
1776219607.135,7.135,0.5,1.8,0.33,300.0,0.67,300.0,0.69,375.0,0.33,300.0,0.31,375.0,0.5,1.8,0.67,300.0,0.17,0.17,619.499762,1776219606000
1776219608.646,8.646,0.5,1.8,0.33,300.0,0.67,300.0,0.69,375.0,0.33,300.0,0.31,375.0,0.5,1.8,0.67,300.0,0.17,0.17,619.513775,1776219607000
1776219609.265,9.265,0.5,1.8,0.33,300.0,0.67,300.0,0.69,375.0,0.33,300.0,0.31,375.0,0.5,1.8,0.67,300.0,0.17,0.17,619.513775,1776219608000
1776219610.172,10.172,0.5,1.8,0.33,300.0,0.67,300.0,0.69,375.0,0.33,300.0,0.31,375.0,0.5,1.8,0.67,300.0,0.17,0.17,619.512949,1776219609000
1776219610.388,10.388,0.51,1.81,0.5,1.8,0.52,5.0,0.54,5.0,0.33,300.0,0.31,375.0,0.5,1.8,0.67,300.0,0.01,0.17,619.512949,1776219609000
1776219611.376,11.376,0.51,1.81,0.5,1.8,0.52,5.0,0.54,5.0,0.48,5.0,0.46,5.0,0.49,1.81,0.5,1.8,0.01,0.01,619.511923,1776219610000
1776219612.313,12.313,0.51,1.81,0.5,1.8,0.52,5.0,0.54,5.0,0.48,5.0,0.46,5.0,0.49,1.81,0.5,1.8,0.01,0.01,619.511862,1776219611000
1776219612.733,12.733,0.51,1.81,0.5,1.8,0.54,5.0,0.55,5.0,0.48,5.0,0.46,5.0,0.49,1.81,0.5,1.8,0.03,0.01,619.511862,1776219611000
1776219612.968,12.968,0.51,1.81,0.5,1.8,0.54,5.0,0.55,5.0,0.46,5.0,0.45,5.0,0.49,1.81,0.5,1.8,0.03,0.03,619.513808,1776219612000
1776219615.727,15.727,0.51,1.81,0.5,1.8,0.54,5.0,0.55,5.0,0.46,5.0,0.45,5.0,0.49,1.81,0.5,1.8,0.03,0.03,619.51266,1776219614000
1776219616.008,16.008,0.46,5.0,0.4,5.0,0.52,5.0,0.54,5.0,0.46,5.0,0.45,5.0,0.49,1.81,0.5,1.8,0.06,0.03,619.51266,1776219614000
1776219617.217,17.217,0.46,5.0,0.4,5.0,0.52,5.0,0.54,5.0,0.48,5.0,0.46,5.0,0.54,5.0,0.6,5.0,0.06,0.06,619.53058,1776219616000
1776219618.312,18.312,0.46,5.0,0.4,5.0,0.52,5.0,0.54,5.0,0.48,5.0,0.46,5.0,0.54,5.0,0.6,5.0,0.06,0.06,619.519113,1776219617000
1776219619.231,19.231,0.46,5.0,0.4,5.0,0.52,5.0,0.54,5.0,0.48,5.0,0.46,5.0,0.54,5.0,0.6,5.0,0.06,0.06,619.519066,1776219618000
1776219620.137,20.137,0.46,5.0,0.4,5.0,0.52,5.0,0.54,5.0,0.48,5.0,0.46,5.0,0.54,5.0,0.6,5.0,0.06,0.06,619.51961,1776219619000
1776219621.169,21.169,0.46,5.0,0.4,5.0,0.52,5.0,0.54,5.0,0.48,5.0,0.46,5.0,0.54,5.0,0.6,5.0,0.06,0.06,619.52829,1776219620000
1776219622.27,22.27,0.46,5.0,0.4,5.0,0.52,5.0,0.54,5.0,0.48,5.0,0.46,5.0,0.54,5.0,0.6,5.0,0.06,0.06,619.525724,1776219621000
1776219623.27,23.27,0.46,5.0,0.4,5.0,0.52,5.0,0.54,5.0,0.48,5.0,0.46,5.0,0.54,5.0,0.6,5.0,0.06,0.06,619.52555,1776219622000
1776219624.183,24.183,0.46,5.0,0.4,5.0,0.52,5.0,0.54,5.0,0.48,5.0,0.46,5.0,0.54,5.0,0.6,5.0,0.06,0.06,619.529638,1776219623000
1776219625.216,25.216,0.46,5.0,0.4,5.0,0.52,5.0,0.54,5.0,0.48,5.0,0.46,5.0,0.54,5.0,0.6,5.0,0.06,0.06,619.51649,1776219624000
1776219626.176,26.176,0.46,5.0,0.4,5.0,0.52,5.0,0.54,5.0,0.48,5.0,0.46,5.0,0.54,5.0,0.6,5.0,0.06,0.06,619.52678,1776219625000
1776219627.165,27.165,0.46,5.0,0.4,5.0,0.52,5.0,0.54,5.0,0.48,5.0,0.46,5.0,0.54,5.0,0.6,5.0,0.06,0.06,619.53097,1776219626000
1776219628.734,28.734,0.46,5.0,0.4,5.0,0.52,5.0,0.54,5.0,0.48,5.0,0.46,5.0,0.54,5.0,0.6,5.0,0.06,0.06,619.589204,1776219627000
1776219629.241,29.241,0.46,5.0,0.4,5.0,0.52,5.0,0.54,5.0,0.48,5.0,0.46,5.0,0.54,5.0,0.6,5.0,0.06,0.06,619.589227,1776219628000
1776219630.342,30.342,0.46,5.0,0.4,5.0,0.52,5.0,0.54,5.0,0.48,5.0,0.46,5.0,0.54,5.0,0.6,5.0,0.06,0.06,619.589205,1776219629000
1776219630.946,30.946,0.46,5.0,0.4,5.0,0.52,5.0,0.54,5.0,0.48,5.0,0.46,5.0,0.54,5.0,0.6,5.0,0.06,0.06,619.589477,1776219630000
1776219632.179,32.179,0.46,5.0,0.4,5.0,0.52,5.0,0.54,5.0,0.48,5.0,0.46,5.0,0.54,5.0,0.6,5.0,0.06,0.06,619.59665,1776219631000
1776219633.234,33.234,0.46,5.0,0.4,5.0,0.52,5.0,0.54,5.0,0.48,5.0,0.46,5.0,0.54,5.0,0.6,5.0,0.06,0.06,619.596289,1776219632000
1776219634.283,34.283,0.46,5.0,0.4,5.0,0.52,5.0,0.54,5.0,0.48,5.0,0.46,5.0,0.54,5.0,0.6,5.0,0.06,0.06,619.596724,1776219633000
1776219635.272,35.272,0.46,5.0,0.4,5.0,0.52,5.0,0.54,5.0,0.48,5.0,0.46,5.0,0.54,5.0,0.6,5.0,0.06,0.06,619.594615,1776219634000
1776219636.43,36.43,0.46,5.0,0.4,5.0,0.52,5.0,0.54,5.0,0.48,5.0,0.46,5.0,0.54,5.0,0.6,5.0,0.06,0.06,619.589476,1776219635000
1776219637.059,37.059,0.46,5.0,0.4,5.0,0.52,5.0,0.54,5.0,0.48,5.0,0.46,5.0,0.54,5.0,0.6,5.0,0.06,0.06,619.584006,1776219636000
1776219638.121,38.121,0.46,5.0,0.4,5.0,0.52,5.0,0.54,5.0,0.48,5.0,0.46,5.0,0.54,5.0,0.6,5.0,0.06,0.06,619.5839,1776219637000
1776219639.194,39.194,0.46,5.0,0.4,5.0,0.52,5.0,0.54,5.0,0.48,5.0,0.46,5.0,0.54,5.0,0.6,5.0,0.06,0.06,619.582809,1776219638000
1776219640.318,40.318,0.46,5.0,0.4,5.0,0.52,5.0,0.54,5.0,0.48,5.0,0.46,5.0,0.54,5.0,0.6,5.0,0.06,0.06,619.576752,1776219639000
1776219641.415,41.415,0.46,5.0,0.4,5.0,0.52,5.0,0.54,5.0,0.48,5.0,0.46,5.0,0.54,5.0,0.6,5.0,0.06,0.06,619.580347,1776219640000
1776219641.924,41.924,0.46,5.0,0.4,5.0,0.52,5.0,0.54,5.0,0.48,5.0,0.46,5.0,0.54,5.0,0.6,5.0,0.06,0.06,619.580347,1776219641000
1776219643.06,43.06,0.46,5.0,0.4,5.0,0.52,5.0,0.54,5.0,0.48,5.0,0.46,5.0,0.54,5.0,0.6,5.0,0.06,0.06,619.580347,1776219642000
1776219645.322,45.322,0.46,5.0,0.4,5.0,0.52,5.0,0.54,5.0,0.48,5.0,0.46,5.0,0.54,5.0,0.6,5.0,0.06,0.06,619.584964,1776219644000
1776219646.029,46.029,0.46,5.0,0.4,5.0,0.52,5.0,0.54,5.0,0.48,5.0,0.46,5.0,0.54,5.0,0.6,5.0,0.06,0.06,619.580354,1776219645000
1776219647.222,47.222,0.46,5.0,0.4,5.0,0.52,5.0,0.54,5.0,0.48,5.0,0.46,5.0,0.54,5.0,0.6,5.0,0.06,0.06,619.583903,1776219646000
1776219648.701,48.701,0.46,5.0,0.4,5.0,0.52,5.0,0.54,5.0,0.48,5.0,0.46,5.0,0.54,5.0,0.6,5.0,0.06,0.06,619.586745,1776219647000
1776219649.121,49.121,0.46,5.0,0.4,5.0,0.52,5.0,0.54,5.0,0.48,5.0,0.46,5.0,0.54,5.0,0.6,5.0,0.06,0.06,619.58909,1776219648000
1776219650.634,50.634,0.46,5.0,0.4,5.0,0.52,5.0,0.54,5.0,0.48,5.0,0.46,5.0,0.54,5.0,0.6,5.0,0.06,0.06,619.578257,1776219649000
1776219651.49,51.49,0.46,5.0,0.4,5.0,0.52,5.0,0.54,5.0,0.48,5.0,0.46,5.0,0.54,5.0,0.6,5.0,0.06,0.06,619.586834,1776219650000
1776219652.007,52.007,0.46,5.0,0.4,5.0,0.52,5.0,0.54,5.0,0.48,5.0,0.46,5.0,0.54,5.0,0.6,5.0,0.06,0.06,619.586834,1776219651000
1776219653.476,53.476,0.46,5.0,0.4,5.0,0.52,5.0,0.54,5.0,0.48,5.0,0.46,5.0,0.54,5.0,0.6,5.0,0.06,0.06,619.589067,1776219652000
1776219654.081,54.081,0.46,5.0,0.4,5.0,0.52,5.0,0.54,5.0,0.48,5.0,0.46,5.0,0.54,5.0,0.6,5.0,0.06,0.06,619.688066,1776219653000
1776219655.391,55.391,0.46,5.0,0.4,5.0,0.52,5.0,0.54,5.0,0.48,5.0,0.46,5.0,0.54,5.0,0.6,5.0,0.06,0.06,619.697508,1776219654000
1776219656.004,56.004,0.46,5.0,0.4,5.0,0.52,5.0,0.54,5.0,0.48,5.0,0.46,5.0,0.54,5.0,0.6,5.0,0.06,0.06,619.70649,1776219655000
1776219657.208,57.208,0.46,5.0,0.4,5.0,0.52,5.0,0.54,5.0,0.48,5.0,0.46,5.0,0.54,5.0,0.6,5.0,0.06,0.06,619.701065,1776219656000
1776219658.498,58.498,0.46,5.0,0.4,5.0,0.52,5.0,0.54,5.0,0.48,5.0,0.46,5.0,0.54,5.0,0.6,5.0,0.06,0.06,619.697549,1776219657000
1776219659.07,59.07,0.46,5.0,0.4,5.0,0.52,5.0,0.54,5.0,0.48,5.0,0.46,5.0,0.54,5.0,0.6,5.0,0.06,0.06,619.692424,1776219658000
1776219660.675,60.675,0.46,5.0,0.4,5.0,0.52,5.0,0.54,5.0,0.48,5.0,0.46,5.0,0.54,5.0,0.6,5.0,0.06,0.06,619.697118,1776219659000
1776219661.208,61.208,0.46,5.0,0.4,5.0,0.52,5.0,0.54,5.0,0.48,5.0,0.46,5.0,0.54,5.0,0.6,5.0,0.06,0.06,619.697471,1776219660000
1776219661.893,61.893,0.57,5.0,0.5,5.0,0.63,5.0,0.66,13.0,0.48,5.0,0.46,5.0,0.54,5.0,0.6,5.0,0.06,0.06,619.697471,1776219660000
1776219662.406,62.406,0.57,5.0,0.5,5.0,0.63,5.0,0.66,13.0,0.37,5.0,0.34,13.0,0.43,5.0,0.5,5.0,0.06,0.06,619.692494,1776219661000
1776219662.911,62.911,0.57,5.0,0.5,5.0,0.63,5.0,0.66,13.0,0.37,5.0,0.34,13.0,0.43,5.0,0.5,5.0,0.06,0.06,619.694749,1776219662000
1776219664.226,64.226,0.57,5.0,0.5,5.0,0.63,5.0,0.66,13.0,0.37,5.0,0.34,13.0,0.43,5.0,0.5,5.0,0.06,0.06,619.59751,1776219663000
1776219665.301,65.301,0.57,5.0,0.5,5.0,0.63,5.0,0.66,13.0,0.37,5.0,0.34,13.0,0.43,5.0,0.5,5.0,0.06,0.06,619.608716,1776219664000
1776219666.461,66.461,0.57,5.0,0.5,5.0,0.63,5.0,0.66,13.0,0.37,5.0,0.34,13.0,0.43,5.0,0.5,5.0,0.06,0.06,619.608701,1776219665000
1776219667.047,67.047,0.57,5.0,0.5,5.0,0.63,5.0,0.66,13.0,0.37,5.0,0.34,13.0,0.43,5.0,0.5,5.0,0.06,0.06,619.609085,1776219666000
1776219668.286,68.286,0.57,5.0,0.5,5.0,0.63,5.0,0.66,13.0,0.37,5.0,0.34,13.0,0.43,5.0,0.5,5.0,0.06,0.06,619.612085,1776219667000
1776219668.967,68.967,0.57,5.0,0.5,5.0,0.63,5.0,0.66,13.0,0.37,5.0,0.34,13.0,0.43,5.0,0.5,5.0,0.06,0.06,619.612085,1776219668000
1776219670.063,70.063,0.57,5.0,0.5,5.0,0.63,5.0,0.66,13.0,0.37,5.0,0.34,13.0,0.43,5.0,0.5,5.0,0.06,0.06,619.5911,1776219669000
1776219671.174,71.174,0.57,5.0,0.5,5.0,0.63,5.0,0.66,13.0,0.37,5.0,0.34,13.0,0.43,5.0,0.5,5.0,0.06,0.06,619.59326,1776219670000
1776219672.203,72.203,0.57,5.0,0.5,5.0,0.63,5.0,0.66,13.0,0.37,5.0,0.34,13.0,0.43,5.0,0.5,5.0,0.06,0.06,619.59765,1776219671000
1776219673.367,73.367,0.57,5.0,0.5,5.0,0.63,5.0,0.66,13.0,0.37,5.0,0.34,13.0,0.43,5.0,0.5,5.0,0.06,0.06,619.59767,1776219672000
1776219673.946,73.946,0.57,5.0,0.5,5.0,0.63,5.0,0.66,13.0,0.37,5.0,0.34,13.0,0.43,5.0,0.5,5.0,0.06,0.06,619.59721,1776219673000
1776219675.446,75.446,0.57,5.0,0.5,5.0,0.63,5.0,0.66,13.0,0.37,5.0,0.34,13.0,0.43,5.0,0.5,5.0,0.06,0.06,619.617482,1776219674000
1776219676.03,76.03,0.57,5.0,0.5,5.0,0.63,5.0,0.66,13.0,0.37,5.0,0.34,13.0,0.43,5.0,0.5,5.0,0.06,0.06,619.617112,1776219675000
1776219677.102,77.102,0.57,5.0,0.5,5.0,0.63,5.0,0.66,13.0,0.37,5.0,0.34,13.0,0.43,5.0,0.5,5.0,0.06,0.06,619.63044,1776219676000
1776219678.256,78.256,0.57,5.0,0.5,5.0,0.63,5.0,0.66,13.0,0.37,5.0,0.34,13.0,0.43,5.0,0.5,5.0,0.06,0.06,619.631358,1776219677000
1776219679.309,79.309,0.57,5.0,0.5,5.0,0.63,5.0,0.66,13.0,0.37,5.0,0.34,13.0,0.43,5.0,0.5,5.0,0.06,0.06,619.624599,1776219678000
1776219679.879,79.879,0.57,5.0,0.5,5.0,0.63,5.0,0.66,13.0,0.37,5.0,0.34,13.0,0.43,5.0,0.5,5.0,0.06,0.06,619.621377,1776219679000
1776219680.991,80.991,0.57,5.0,0.5,5.0,0.63,5.0,0.66,13.0,0.37,5.0,0.34,13.0,0.43,5.0,0.5,5.0,0.06,0.06,619.618804,1776219680000
1776219682.122,82.122,0.57,5.0,0.5,5.0,0.63,5.0,0.66,13.0,0.37,5.0,0.34,13.0,0.43,5.0,0.5,5.0,0.06,0.06,619.618811,1776219681000
1776219683.245,83.245,0.57,5.0,0.5,5.0,0.63,5.0,0.66,13.0,0.37,5.0,0.34,13.0,0.43,5.0,0.5,5.0,0.06,0.06,619.61469,1776219682000
1776219684.389,84.389,0.57,5.0,0.5,5.0,0.63,5.0,0.66,13.0,0.37,5.0,0.34,13.0,0.43,5.0,0.5,5.0,0.06,0.06,619.614124,1776219683000
1776219684.922,84.922,0.38,3.05,0.33,5.0,0.47,5.0,0.51,70.0,0.37,5.0,0.34,13.0,0.43,5.0,0.5,5.0,0.09,0.06,619.614124,1776219683000
1776219686.025,86.025,0.38,3.05,0.33,5.0,0.47,5.0,0.51,70.0,0.53,5.0,0.49,70.0,0.62,3.05,0.67,5.0,0.09,0.09,619.5253,1776219685000
1776219687.141,87.141,0.38,3.05,0.33,5.0,0.47,5.0,0.51,70.0,0.53,5.0,0.49,70.0,0.62,3.05,0.67,5.0,0.09,0.09,619.446651,1776219686000
1776219688.255,88.255,0.38,3.05,0.33,5.0,0.47,5.0,0.51,70.0,0.53,5.0,0.49,70.0,0.62,3.05,0.67,5.0,0.09,0.09,619.425598,1776219687000
1776219689.751,89.751,0.38,3.05,0.33,5.0,0.47,5.0,0.51,70.0,0.53,5.0,0.49,70.0,0.62,3.05,0.67,5.0,0.09,0.09,619.422621,1776219688000
1776219690.202,90.202,0.38,3.05,0.33,5.0,0.47,5.0,0.51,70.0,0.53,5.0,0.49,70.0,0.62,3.05,0.67,5.0,0.09,0.09,619.422621,1776219689000
1776219691.235,91.235,0.38,3.05,0.33,5.0,0.47,5.0,0.51,70.0,0.53,5.0,0.49,70.0,0.62,3.05,0.67,5.0,0.09,0.09,619.425146,1776219690000
1776219692.327,92.327,0.38,3.05,0.33,5.0,0.47,5.0,0.51,70.0,0.53,5.0,0.49,70.0,0.62,3.05,0.67,5.0,0.09,0.09,619.432835,1776219691000
1776219693.324,93.324,0.38,3.05,0.33,5.0,0.47,5.0,0.51,70.0,0.53,5.0,0.49,70.0,0.62,3.05,0.67,5.0,0.09,0.09,619.432835,1776219692000
1776219693.911,93.911,0.38,3.05,0.33,5.0,0.47,5.0,0.51,70.0,0.53,5.0,0.49,70.0,0.62,3.05,0.67,5.0,0.09,0.09,619.419286,1776219693000
1776219694.579,94.579,0.31,0.6,0.3,5.0,0.44,15.6,0.45,10.5,0.53,5.0,0.49,70.0,0.62,3.05,0.67,5.0,0.13,0.09,619.419286,1776219693000
1776219694.933,94.933,0.31,0.6,0.3,5.0,0.44,15.6,0.45,10.5,0.56,15.6,0.55,10.5,0.69,0.6,0.7,5.0,0.13,0.13,619.419197,1776219694000
1776219695.947,95.947,0.31,0.6,0.3,5.0,0.44,15.6,0.45,10.5,0.56,15.6,0.55,10.5,0.69,0.6,0.7,5.0,0.13,0.13,619.416587,1776219695000
1776219696.941,96.941,0.31,0.6,0.3,5.0,0.44,15.6,0.45,10.5,0.56,15.6,0.55,10.5,0.69,0.6,0.7,5.0,0.13,0.13,619.417079,1776219696000
1776219697.979,97.979,0.31,0.6,0.3,5.0,0.44,15.6,0.45,10.5,0.56,15.6,0.55,10.5,0.69,0.6,0.7,5.0,0.13,0.13,619.417322,1776219697000
1776219698.967,98.967,0.31,0.6,0.3,5.0,0.44,15.6,0.45,10.5,0.56,15.6,0.55,10.5,0.69,0.6,0.7,5.0,0.13,0.13,619.44965,1776219698000
1776219699.956,99.956,0.31,0.6,0.3,5.0,0.44,15.6,0.45,10.5,0.56,15.6,0.55,10.5,0.69,0.6,0.7,5.0,0.13,0.13,619.44056,1776219699000
1776219700.857,100.857,0.31,0.6,0.3,5.0,0.44,15.6,0.45,10.5,0.56,15.6,0.55,10.5,0.69,0.6,0.7,5.0,0.13,0.13,619.43464,1776219700000
1776219701.904,101.904,0.31,0.6,0.3,5.0,0.44,15.6,0.45,10.5,0.56,15.6,0.55,10.5,0.69,0.6,0.7,5.0,0.13,0.13,619.43321,1776219701000
1776219703.045,103.045,0.31,0.6,0.3,5.0,0.44,15.6,0.45,10.5,0.56,15.6,0.55,10.5,0.69,0.6,0.7,5.0,0.13,0.13,619.39649,1776219702000
1776219704.368,104.368,0.31,0.6,0.3,5.0,0.44,15.6,0.45,10.5,0.56,15.6,0.55,10.5,0.69,0.6,0.7,5.0,0.13,0.13,619.393201,1776219703000
1776219705.192,105.192,0.31,0.6,0.3,5.0,0.44,15.6,0.45,10.5,0.56,15.6,0.55,10.5,0.69,0.6,0.7,5.0,0.13,0.13,619.35058,1776219704000
1776219706.363,106.363,0.31,0.6,0.3,5.0,0.44,15.6,0.45,10.5,0.56,15.6,0.55,10.5,0.69,0.6,0.7,5.0,0.13,0.13,619.330582,1776219705000
1776219707.319,107.319,0.31,0.6,0.3,5.0,0.44,15.6,0.45,10.5,0.56,15.6,0.55,10.5,0.69,0.6,0.7,5.0,0.13,0.13,619.328864,1776219706000
1776219708.891,108.891,0.31,0.6,0.3,5.0,0.44,15.6,0.45,10.5,0.56,15.6,0.55,10.5,0.69,0.6,0.7,5.0,0.13,0.13,619.33213,1776219708000
1776219710.441,110.441,0.31,0.6,0.3,5.0,0.44,15.6,0.45,10.5,0.56,15.6,0.55,10.5,0.69,0.6,0.7,5.0,0.13,0.13,619.3355,1776219709000
1776219711.736,111.736,0.31,0.6,0.3,5.0,0.44,15.6,0.45,10.5,0.56,15.6,0.55,10.5,0.69,0.6,0.7,5.0,0.13,0.13,619.32193,1776219710000
1776219712.283,112.283,0.23,3.57,0.19,5.0,0.3,17.4,0.31,17.2,0.7,17.4,0.69,17.2,0.77,3.57,0.81,5.0,0.07,0.07,619.31963,1776219711000
1776219713.696,113.696,0.23,3.57,0.19,5.0,0.3,17.4,0.31,17.2,0.7,17.4,0.69,17.2,0.77,3.57,0.81,5.0,0.07,0.07,619.249092,1776219712000
1776219714.443,114.443,0.23,3.57,0.19,5.0,0.3,17.4,0.31,17.2,0.7,17.4,0.69,17.2,0.77,3.57,0.81,5.0,0.07,0.07,619.249092,1776219713000
1776219715.574,115.574,0.23,3.57,0.19,5.0,0.3,17.4,0.31,17.2,0.7,17.4,0.69,17.2,0.77,3.57,0.81,5.0,0.07,0.07,619.253496,1776219714000
1776219716.192,116.192,0.23,3.57,0.19,5.0,0.3,17.4,0.31,17.2,0.7,17.4,0.69,17.2,0.77,3.57,0.81,5.0,0.07,0.07,619.253496,1776219715000
1776219717.487,117.487,0.23,3.57,0.19,5.0,0.3,17.4,0.31,17.2,0.7,17.4,0.69,17.2,0.77,3.57,0.81,5.0,0.07,0.07,619.259763,1776219716000
1776219718.19,118.19,0.23,3.57,0.19,5.0,0.3,17.4,0.31,17.2,0.7,17.4,0.69,17.2,0.77,3.57,0.81,5.0,0.07,0.07,619.259538,1776219717000
1776219719.486,119.486,0.23,3.57,0.18,15.0,0.26,3.3,0.27,13.2,0.74,3.3,0.73,13.2,0.77,3.57,0.82,15.0,0.03,0.03,619.2603,1776219718000
1776219720.18,120.18,0.23,3.57,0.18,15.0,0.26,3.3,0.27,13.2,0.74,3.3,0.73,13.2,0.77,3.57,0.82,15.0,0.03,0.03,619.25848,1776219719000
1776219720.408,120.408,0.19,5.0,0.18,10.0,0.26,3.3,0.27,13.2,0.74,3.3,0.73,13.2,0.77,3.57,0.82,15.0,0.07,0.03,619.25848,1776219719000
1776219721.242,121.242,0.19,5.0,0.18,10.0,0.26,3.3,0.27,13.2,0.74,3.3,0.73,13.2,0.81,5.0,0.82,10.0,0.07,0.07,619.254538,1776219720000
1776219722.634,122.634,0.19,5.0,0.18,10.0,0.26,3.3,0.27,13.2,0.74,3.3,0.73,13.2,0.81,5.0,0.82,10.0,0.07,0.07,619.253352,1776219721000
1776219723.226,123.226,0.19,5.0,0.18,10.0,0.26,3.3,0.27,13.2,0.74,3.3,0.73,13.2,0.81,5.0,0.82,10.0,0.07,0.07,619.253347,1776219722000
1776219724.658,124.658,0.19,5.0,0.18,10.0,0.26,3.3,0.27,13.2,0.74,3.3,0.73,13.2,0.81,5.0,0.82,10.0,0.07,0.07,619.246284,1776219723000
1776219725.308,125.308,0.19,5.0,0.18,10.0,0.26,3.3,0.27,13.2,0.74,3.3,0.73,13.2,0.81,5.0,0.82,10.0,0.07,0.07,619.244043,1776219724000
1776219726.797,126.797,0.19,5.0,0.18,10.0,0.26,3.3,0.27,13.2,0.74,3.3,0.73,13.2,0.81,5.0,0.82,10.0,0.07,0.07,619.248512,1776219725000
1776219727.448,127.448,0.19,5.0,0.18,10.0,0.26,3.3,0.27,13.2,0.74,3.3,0.73,13.2,0.81,5.0,0.82,10.0,0.07,0.07,619.248512,1776219726000
1776219728.036,128.036,0.19,5.0,0.18,10.0,0.26,3.3,0.27,13.2,0.74,3.3,0.73,13.2,0.81,5.0,0.82,10.0,0.07,0.07,619.248304,1776219727000
1776219729.355,129.355,0.19,5.0,0.18,10.0,0.26,3.3,0.27,13.2,0.74,3.3,0.73,13.2,0.81,5.0,0.82,10.0,0.07,0.07,619.233538,1776219728000
1776219730.517,130.517,0.19,5.0,0.18,10.0,0.26,3.3,0.27,13.2,0.74,3.3,0.73,13.2,0.81,5.0,0.82,10.0,0.07,0.07,619.231574,1776219729000
1776219731.116,131.116,0.19,5.0,0.18,10.0,0.26,3.3,0.27,13.2,0.74,3.3,0.73,13.2,0.81,5.0,0.82,10.0,0.07,0.07,619.239226,1776219730000
1776219732.27,132.27,0.19,5.0,0.18,10.0,0.26,3.3,0.27,13.2,0.74,3.3,0.73,13.2,0.81,5.0,0.82,10.0,0.07,0.07,619.236303,1776219731000
1776219733.482,133.482,0.19,5.0,0.18,10.0,0.26,3.3,0.27,13.2,0.74,3.3,0.73,13.2,0.81,5.0,0.82,10.0,0.07,0.07,619.228583,1776219732000
1776219734.025,134.025,0.19,5.0,0.18,10.0,0.26,3.3,0.27,13.2,0.74,3.3,0.73,13.2,0.81,5.0,0.82,10.0,0.07,0.07,619.228583,1776219733000
1776219735.17,135.17,0.19,5.0,0.18,10.0,0.26,3.3,0.27,13.2,0.74,3.3,0.73,13.2,0.81,5.0,0.82,10.0,0.07,0.07,619.230266,1776219734000
1776219735.654,135.654,0.17,10.0,0.14,5.0,0.24,7.55,0.25,18.9,0.74,3.3,0.73,13.2,0.81,5.0,0.82,10.0,0.07,0.07,619.230266,1776219734000
1776219736.484,136.484,0.17,10.0,0.14,5.0,0.24,7.55,0.25,18.9,0.76,7.55,0.75,18.9,0.83,10.0,0.86,5.0,0.07,0.07,619.232739,1776219735000
1776219737.383,137.383,0.17,10.0,0.14,5.0,0.24,7.55,0.25,18.9,0.76,7.55,0.75,18.9,0.83,10.0,0.86,5.0,0.07,0.07,619.236106,1776219736000
1776219737.93,137.93,0.17,10.0,0.14,5.0,0.24,7.55,0.25,18.9,0.76,7.55,0.75,18.9,0.83,10.0,0.86,5.0,0.07,0.07,619.238185,1776219737000
1776219738.295,138.295,0.2,5.0,0.16,19.3,0.35,11.4,0.36,21.3,0.76,7.55,0.75,18.9,0.83,10.0,0.86,5.0,0.15,0.07,619.238185,1776219737000
1776219738.942,138.942,0.2,5.0,0.16,19.3,0.35,11.4,0.36,21.3,0.65,11.4,0.64,21.3,0.8,5.0,0.84,19.3,0.15,0.15,619.266405,1776219738000
1776219740.145,140.145,0.22,3.71,0.2,21.2,0.34,5.0,0.35,16.4,0.65,11.4,0.64,21.3,0.8,5.0,0.84,19.3,0.12,0.15,619.266405,1776219738000
1776219740.516,140.516,0.22,3.71,0.2,21.2,0.34,5.0,0.35,16.4,0.66,5.0,0.65,16.4,0.78,3.71,0.8,21.2,0.12,0.12,619.300072,1776219739000
1776219741.188,141.188,0.22,3.71,0.2,21.2,0.34,5.0,0.35,16.4,0.66,5.0,0.65,16.4,0.78,3.71,0.8,21.2,0.12,0.12,619.303411,1776219740000
1776219742.308,142.308,0.22,3.71,0.2,21.2,0.34,5.0,0.35,16.4,0.66,5.0,0.65,16.4,0.78,3.71,0.8,21.2,0.12,0.12,619.2936,1776219741000
1776219743.197,143.197,0.22,3.71,0.2,21.2,0.34,5.0,0.35,16.4,0.66,5.0,0.65,16.4,0.78,3.71,0.8,21.2,0.12,0.12,619.293886,1776219742000
1776219744.406,144.406,0.22,3.71,0.2,21.2,0.34,5.0,0.35,16.4,0.66,5.0,0.65,16.4,0.78,3.71,0.8,21.2,0.12,0.12,619.309982,1776219743000
1776219744.993,144.993,0.22,3.71,0.2,21.2,0.34,5.0,0.35,16.4,0.66,5.0,0.65,16.4,0.78,3.71,0.8,21.2,0.12,0.12,619.309635,1776219744000
1776219746.197,146.197,0.22,3.71,0.2,21.2,0.34,5.0,0.35,16.4,0.66,5.0,0.65,16.4,0.78,3.71,0.8,21.2,0.12,0.12,619.29862,1776219745000
1776219747.323,147.323,0.22,3.71,0.2,21.2,0.34,5.0,0.35,16.4,0.66,5.0,0.65,16.4,0.78,3.71,0.8,21.2,0.12,0.12,619.3065,1776219746000
1776219748.018,148.018,0.22,3.71,0.2,21.2,0.34,5.0,0.35,16.4,0.66,5.0,0.65,16.4,0.78,3.71,0.8,21.2,0.12,0.12,619.3065,1776219747000
1776219749.233,149.233,0.22,3.71,0.2,21.2,0.34,5.0,0.35,16.4,0.66,5.0,0.65,16.4,0.78,3.71,0.8,21.2,0.12,0.12,619.316385,1776219748000
1776219750.418,150.418,0.22,3.71,0.2,21.2,0.34,5.0,0.35,16.4,0.66,5.0,0.65,16.4,0.78,3.71,0.8,21.2,0.12,0.12,619.316271,1776219749000
1776219751.012,151.012,0.22,3.71,0.2,21.2,0.34,5.0,0.35,16.4,0.66,5.0,0.65,16.4,0.78,3.71,0.8,21.2,0.12,0.12,619.323177,1776219750000
1776219752.123,152.123,0.22,3.71,0.2,21.2,0.34,5.0,0.35,16.4,0.66,5.0,0.65,16.4,0.78,3.71,0.8,21.2,0.12,0.12,619.32262,1776219751000
1776219753.309,153.309,0.22,3.71,0.2,21.2,0.34,5.0,0.35,16.4,0.66,5.0,0.65,16.4,0.78,3.71,0.8,21.2,0.12,0.12,619.31217,1776219752000
1776219753.897,153.897,0.22,3.71,0.2,21.2,0.34,5.0,0.35,16.4,0.66,5.0,0.65,16.4,0.78,3.71,0.8,21.2,0.12,0.12,619.313519,1776219753000
1776219755.046,155.046,0.22,3.71,0.2,21.2,0.34,5.0,0.35,16.4,0.66,5.0,0.65,16.4,0.78,3.71,0.8,21.2,0.12,0.12,619.307162,1776219754000
1776219756.101,156.101,0.22,3.71,0.2,21.2,0.34,5.0,0.35,16.4,0.66,5.0,0.65,16.4,0.78,3.71,0.8,21.2,0.12,0.12,619.315302,1776219755000
1776219757.251,157.251,0.22,3.71,0.2,21.2,0.34,5.0,0.35,16.4,0.66,5.0,0.65,16.4,0.78,3.71,0.8,21.2,0.12,0.12,619.324445,1776219756000
1776219758.4,158.4,0.22,3.71,0.2,21.2,0.34,5.0,0.35,16.4,0.66,5.0,0.65,16.4,0.78,3.71,0.8,21.2,0.12,0.12,619.32643,1776219757000
1776219759.009,159.009,0.22,3.71,0.2,21.2,0.34,5.0,0.35,16.4,0.66,5.0,0.65,16.4,0.78,3.71,0.8,21.2,0.12,0.12,619.33872,1776219758000
1776219760.069,160.069,0.22,3.71,0.2,21.2,0.34,5.0,0.35,16.4,0.66,5.0,0.65,16.4,0.78,3.71,0.8,21.2,0.12,0.12,619.334092,1776219759000
1776219761.185,161.185,0.22,3.71,0.2,21.2,0.34,5.0,0.35,16.4,0.66,5.0,0.65,16.4,0.78,3.71,0.8,21.2,0.12,0.12,619.339862,1776219760000
1776219762.364,162.364,0.22,3.71,0.2,21.2,0.34,5.0,0.35,16.4,0.66,5.0,0.65,16.4,0.78,3.71,0.8,21.2,0.12,0.12,619.341831,1776219761000
1776219762.974,162.974,0.22,3.71,0.2,21.2,0.34,5.0,0.35,16.4,0.66,5.0,0.65,16.4,0.78,3.71,0.8,21.2,0.12,0.12,619.325545,1776219762000
1776219764.11,164.11,0.22,3.71,0.2,21.2,0.34,5.0,0.35,16.4,0.66,5.0,0.65,16.4,0.78,3.71,0.8,21.2,0.12,0.12,619.327057,1776219763000
1776219765.295,165.295,0.22,3.71,0.2,21.2,0.34,5.0,0.35,16.4,0.66,5.0,0.65,16.4,0.78,3.71,0.8,21.2,0.12,0.12,619.334515,1776219764000
1776219766.384,166.384,0.22,3.71,0.2,21.2,0.34,5.0,0.35,16.4,0.66,5.0,0.65,16.4,0.78,3.71,0.8,21.2,0.12,0.12,619.344634,1776219765000
1776219767.005,167.005,0.22,3.71,0.2,21.2,0.34,5.0,0.35,16.4,0.66,5.0,0.65,16.4,0.78,3.71,0.8,21.2,0.12,0.12,619.334528,1776219766000
1776219768.328,168.328,0.22,3.71,0.2,21.2,0.34,5.0,0.35,16.4,0.66,5.0,0.65,16.4,0.78,3.71,0.8,21.2,0.12,0.12,619.32745,1776219767000
1776219769.332,169.332,0.22,3.71,0.2,21.2,0.34,5.0,0.35,16.4,0.66,5.0,0.65,16.4,0.78,3.71,0.8,21.2,0.12,0.12,619.321931,1776219768000
1776219770.278,170.278,0.22,3.71,0.2,21.2,0.34,5.0,0.35,16.4,0.66,5.0,0.65,16.4,0.78,3.71,0.8,21.2,0.12,0.12,619.319061,1776219769000
1776219771.214,171.214,0.22,3.71,0.2,21.2,0.34,5.0,0.35,16.4,0.66,5.0,0.65,16.4,0.78,3.71,0.8,21.2,0.12,0.12,619.30656,1776219770000
1776219771.747,171.747,0.19,3.75,0.16,10.0,0.27,18.2,0.28,12.9,0.66,5.0,0.65,16.4,0.78,3.71,0.8,21.2,0.08,0.12,619.30656,1776219770000
1776219772.263,172.263,0.19,3.75,0.16,10.0,0.27,18.2,0.28,12.9,0.73,18.2,0.72,12.9,0.81,3.75,0.84,10.0,0.08,0.08,619.307187,1776219771000
1776219773.293,173.293,0.19,3.75,0.16,10.0,0.27,18.2,0.28,12.9,0.73,18.2,0.72,12.9,0.81,3.75,0.84,10.0,0.08,0.08,619.307193,1776219772000
1776219774.374,174.374,0.19,3.75,0.16,10.0,0.27,18.2,0.28,12.9,0.73,18.2,0.72,12.9,0.81,3.75,0.84,10.0,0.08,0.08,619.306038,1776219773000
1776219774.853,174.853,0.19,3.75,0.16,10.0,0.27,18.2,0.28,12.9,0.73,18.2,0.72,12.9,0.81,3.75,0.84,10.0,0.08,0.08,619.306038,1776219774000
1776219775.806,175.806,0.19,3.75,0.16,10.0,0.27,18.2,0.28,12.9,0.73,18.2,0.72,12.9,0.81,3.75,0.84,10.0,0.08,0.08,619.306038,1776219775000
1776219777.26,177.26,0.19,3.75,0.16,10.0,0.27,18.2,0.28,12.9,0.73,18.2,0.72,12.9,0.81,3.75,0.84,10.0,0.08,0.08,619.307828,1776219776000
1776219778.232,178.232,0.19,3.75,0.16,10.0,0.27,18.2,0.28,12.9,0.73,18.2,0.72,12.9,0.81,3.75,0.84,10.0,0.08,0.08,619.305719,1776219777000
1776219779.264,179.264,0.19,3.75,0.16,10.0,0.27,18.2,0.28,12.9,0.73,18.2,0.72,12.9,0.81,3.75,0.84,10.0,0.08,0.08,619.29118,1776219778000
1776219780.754,180.754,0.19,3.75,0.16,10.0,0.27,18.2,0.28,12.9,0.73,18.2,0.72,12.9,0.81,3.75,0.84,10.0,0.08,0.08,619.285311,1776219779000
1776219781.333,181.333,0.19,3.75,0.16,10.0,0.27,18.2,0.28,12.9,0.73,18.2,0.72,12.9,0.81,3.75,0.84,10.0,0.08,0.08,619.29248,1776219780000
1776219781.718,181.718,0.13,2.87,0.1,5.0,0.18,17.6,0.19,16.89,0.73,18.2,0.72,12.9,0.81,3.75,0.84,10.0,0.05,0.08,619.29248,1776219780000
1776219782.078,182.078,0.13,2.87,0.1,5.0,0.18,17.6,0.19,16.89,0.82,17.6,0.81,16.89,0.87,2.87,0.9,5.0,0.05,0.05,619.299348,1776219781000
1776219783.322,183.322,0.13,2.87,0.1,5.0,0.18,17.6,0.19,16.89,0.82,17.6,0.81,16.89,0.87,2.87,0.9,5.0,0.05,0.05,619.268145,1776219782000
1776219783.945,183.945,0.13,2.87,0.1,5.0,0.18,17.6,0.19,16.89,0.82,17.6,0.81,16.89,0.87,2.87,0.9,5.0,0.05,0.05,619.268145,1776219783000
1776219785.069,185.069,0.13,2.87,0.1,5.0,0.18,17.6,0.19,16.89,0.82,17.6,0.81,16.89,0.87,2.87,0.9,5.0,0.05,0.05,619.264045,1776219784000
1776219786.277,186.277,0.13,2.87,0.1,5.0,0.18,17.6,0.19,16.89,0.82,17.6,0.81,16.89,0.87,2.87,0.9,5.0,0.05,0.05,619.264893,1776219785000
1776219787.388,187.388,0.13,2.87,0.1,5.0,0.18,17.6,0.19,16.89,0.82,17.6,0.81,16.89,0.87,2.87,0.9,5.0,0.05,0.05,619.266504,1776219786000
1776219787.901,187.901,0.13,2.87,0.1,5.0,0.18,17.6,0.19,16.89,0.82,17.6,0.81,16.89,0.87,2.87,0.9,5.0,0.05,0.05,619.267919,1776219787000
1776219789.27,189.27,0.13,2.87,0.1,5.0,0.18,17.6,0.19,16.89,0.82,17.6,0.81,16.89,0.87,2.87,0.9,5.0,0.05,0.05,619.276393,1776219788000
1776219790.428,190.428,0.13,2.87,0.1,5.0,0.18,17.6,0.19,16.89,0.82,17.6,0.81,16.89,0.87,2.87,0.9,5.0,0.05,0.05,619.276089,1776219789000
1776219790.981,190.981,0.13,2.87,0.1,5.0,0.18,17.6,0.19,16.89,0.82,17.6,0.81,16.89,0.87,2.87,0.9,5.0,0.05,0.05,619.277335,1776219790000
1776219792.124,192.124,0.13,2.87,0.1,5.0,0.18,17.6,0.19,16.89,0.82,17.6,0.81,16.89,0.87,2.87,0.9,5.0,0.05,0.05,619.281467,1776219791000
1776219793.283,193.283,0.13,2.87,0.1,5.0,0.18,17.6,0.19,16.89,0.82,17.6,0.81,16.89,0.87,2.87,0.9,5.0,0.05,0.05,619.279402,1776219792000
1776219794.291,194.291,0.13,2.87,0.1,5.0,0.18,17.6,0.19,16.89,0.82,17.6,0.81,16.89,0.87,2.87,0.9,5.0,0.05,0.05,619.28513,1776219793000
1776219794.91,194.91,0.1,37.78,0.09,31.7,0.19,16.89,0.2,16.3,0.82,17.6,0.81,16.89,0.87,2.87,0.9,5.0,0.09,0.05,619.28513,1776219793000
1776219796.003,196.003,0.1,37.78,0.09,31.7,0.19,16.89,0.2,16.3,0.81,16.89,0.8,16.3,0.9,37.78,0.91,31.7,0.09,0.09,619.268675,1776219794000
1776219796.497,196.497,0.1,37.78,0.09,31.7,0.19,16.89,0.2,16.3,0.81,16.89,0.8,16.3,0.9,37.78,0.91,31.7,0.09,0.09,619.268675,1776219795000
1776219797.171,197.171,0.1,37.78,0.09,31.7,0.19,16.89,0.2,16.3,0.81,16.89,0.8,16.3,0.9,37.78,0.91,31.7,0.09,0.09,619.266396,1776219796000
1776219798.261,198.261,0.1,37.78,0.09,31.7,0.19,16.89,0.2,16.3,0.81,16.89,0.8,16.3,0.9,37.78,0.91,31.7,0.09,0.09,619.248616,1776219797000
1776219799.175,199.175,0.1,37.78,0.09,31.7,0.19,16.89,0.2,16.3,0.81,16.89,0.8,16.3,0.9,37.78,0.91,31.7,0.09,0.09,619.250597,1776219798000
1776219800.211,200.211,0.1,37.78,0.09,31.7,0.19,16.89,0.2,16.3,0.81,16.89,0.8,16.3,0.9,37.78,0.91,31.7,0.09,0.09,619.247993,1776219799000
1776219801.251,201.251,0.1,37.78,0.09,31.7,0.19,16.89,0.2,16.3,0.81,16.89,0.8,16.3,0.9,37.78,0.91,31.7,0.09,0.09,619.248852,1776219800000
1776219802.416,202.416,0.1,37.78,0.09,31.7,0.19,16.89,0.2,16.3,0.81,16.89,0.8,16.3,0.9,37.78,0.91,31.7,0.09,0.09,619.237,1776219801000
1776219802.935,202.935,0.08,3.36,0.06,46.1,0.13,23.0,0.14,26.6,0.81,16.89,0.8,16.3,0.9,37.78,0.91,31.7,0.05,0.09,619.237,1776219801000
1776219803.885,203.885,0.06,46.1,0.05,59.7,0.13,23.0,0.14,26.6,0.87,23.0,0.86,26.6,0.94,46.1,0.95,59.7,0.07,0.07,619.2302,1776219803000
1776219804.95,204.95,0.06,46.1,0.05,59.7,0.13,23.0,0.14,26.6,0.87,23.0,0.86,26.6,0.94,46.1,0.95,59.7,0.07,0.07,619.21358,1776219804000
1776219805.895,205.895,0.06,46.1,0.05,59.7,0.13,23.0,0.14,26.6,0.87,23.0,0.86,26.6,0.94,46.1,0.95,59.7,0.07,0.07,619.21417,1776219805000
1776219806.936,206.936,0.06,46.1,0.05,59.7,0.13,23.0,0.14,26.6,0.87,23.0,0.86,26.6,0.94,46.1,0.95,59.7,0.07,0.07,619.22378,1776219806000
1776219807.852,207.852,0.06,46.1,0.05,59.7,0.13,23.0,0.14,26.6,0.87,23.0,0.86,26.6,0.94,46.1,0.95,59.7,0.07,0.07,619.223778,1776219807000
1776219809.646,209.646,0.06,46.1,0.05,59.7,0.13,23.0,0.14,26.6,0.87,23.0,0.86,26.6,0.94,46.1,0.95,59.7,0.07,0.07,619.21778,1776219808000
1776219810.193,210.193,0.06,46.1,0.05,59.7,0.13,23.0,0.14,26.6,0.87,23.0,0.86,26.6,0.94,46.1,0.95,59.7,0.07,0.07,619.198508,1776219809000
1776219811.534,211.534,0.06,46.1,0.05,59.7,0.13,23.0,0.14,26.6,0.87,23.0,0.86,26.6,0.94,46.1,0.95,59.7,0.07,0.07,619.196756,1776219810000
1776219812.222,212.222,0.06,46.1,0.05,59.7,0.13,23.0,0.14,26.6,0.87,23.0,0.86,26.6,0.94,46.1,0.95,59.7,0.07,0.07,619.196878,1776219811000
1776219812.791,212.791,0.04,57.54,0.03,189.3,0.09,31.7,0.1,28.9,0.87,23.0,0.86,26.6,0.94,46.1,0.95,59.7,0.05,0.07,619.196878,1776219811000
1776219813.388,213.388,0.04,57.54,0.03,189.3,0.09,31.7,0.1,28.9,0.91,31.7,0.9,28.9,0.96,57.54,0.97,189.3,0.05,0.05,619.195453,1776219812000
1776219813.937,213.937,0.04,57.54,0.03,189.3,0.09,31.7,0.1,28.9,0.91,31.7,0.9,28.9,0.96,57.54,0.97,189.3,0.05,0.05,619.200958,1776219813000
1776219815.326,215.326,0.04,57.54,0.03,189.3,0.09,31.7,0.1,28.9,0.91,31.7,0.9,28.9,0.96,57.54,0.97,189.3,0.05,0.05,619.190899,1776219814000
1776219816.475,216.475,0.03,189.3,0.02,147.69,0.08,26.12,0.09,31.7,0.92,26.12,0.91,31.7,0.97,189.3,0.98,147.69,0.05,0.05,619.19706,1776219815000
1776219817.031,217.031,0.03,189.3,0.02,147.69,0.08,26.12,0.09,31.7,0.92,26.12,0.91,31.7,0.97,189.3,0.98,147.69,0.05,0.05,619.197058,1776219816000
1776219818.307,218.307,0.03,189.3,0.02,147.69,0.08,26.12,0.09,31.7,0.92,26.12,0.91,31.7,0.97,189.3,0.98,147.69,0.05,0.05,619.197936,1776219817000
1776219818.866,218.866,0.03,189.3,0.02,147.69,0.08,26.12,0.09,31.7,0.92,26.12,0.91,31.7,0.97,189.3,0.98,147.69,0.05,0.05,619.197815,1776219818000
1776219820.021,220.021,0.03,189.3,0.02,147.69,0.08,26.12,0.09,31.7,0.92,26.12,0.91,31.7,0.97,189.3,0.98,147.69,0.05,0.05,619.196467,1776219819000
1776219821.104,221.104,0.03,80.0,0.02,10.0,0.09,31.7,0.1,52.9,0.92,26.12,0.91,31.7,0.97,189.3,0.98,147.69,0.06,0.05,619.196467,1776219819000
1776219822.311,222.311,0.03,80.0,0.02,10.0,0.09,31.7,0.1,52.9,0.91,31.7,0.9,52.9,0.97,80.0,0.98,10.0,0.06,0.06,619.09718,1776219821000
1776219822.899,222.899,0.03,80.0,0.02,10.0,0.09,31.7,0.1,52.9,0.91,31.7,0.9,52.9,0.97,80.0,0.98,10.0,0.06,0.06,619.090557,1776219822000
1776219824.084,224.084,0.03,80.0,0.02,10.0,0.09,31.7,0.1,52.9,0.91,31.7,0.9,52.9,0.97,80.0,0.98,10.0,0.06,0.06,619.087437,1776219823000
1776219825.153,225.153,0.03,72.61,0.02,10.0,0.04,67.7,0.05,54.7,0.96,67.7,0.95,54.7,0.97,72.61,0.98,10.0,0.01,0.01,619.086996,1776219824000
1776219826.299,226.299,0.03,72.61,0.02,10.0,0.04,67.7,0.05,54.7,0.96,67.7,0.95,54.7,0.97,72.61,0.98,10.0,0.01,0.01,619.061937,1776219825000
1776219827.441,227.441,0.03,72.61,0.02,10.0,0.04,67.7,0.05,54.7,0.96,67.7,0.95,54.7,0.97,72.61,0.98,10.0,0.01,0.01,619.063068,1776219826000
1776219827.973,227.973,0.03,72.61,0.02,10.0,0.04,67.7,0.05,54.7,0.96,67.7,0.95,54.7,0.97,72.61,0.98,10.0,0.01,0.01,619.063068,1776219827000
1776219828.177,228.177,0.03,62.92,0.02,10.0,0.04,67.7,0.05,54.7,0.96,67.7,0.95,54.7,0.97,72.61,0.98,10.0,0.01,0.01,619.063068,1776219827000
1776219829.242,229.242,0.03,62.92,0.02,10.0,0.04,67.7,0.05,54.7,0.96,67.7,0.95,54.7,0.97,62.92,0.98,10.0,0.01,0.01,619.048243,1776219828000
1776219830.527,230.527,0.03,62.92,0.02,10.0,0.04,67.7,0.05,54.7,0.96,67.7,0.95,54.7,0.97,62.92,0.98,10.0,0.01,0.01,619.048283,1776219829000
1776219831.191,231.191,0.03,48.41,0.02,10.0,0.04,67.7,0.05,54.7,0.96,67.7,0.95,54.7,0.97,48.41,0.98,10.0,0.01,0.01,619.048283,1776219830000
1776219832.336,232.336,0.03,48.41,0.02,10.0,0.04,67.7,0.05,54.7,0.96,67.7,0.95,54.7,0.97,48.41,0.98,10.0,0.01,0.01,619.049382,1776219831000
1776219833.319,233.319,0.03,48.41,0.02,10.0,0.04,67.7,0.05,54.7,0.96,67.7,0.95,54.7,0.97,48.41,0.98,10.0,0.01,0.01,619.049382,1776219832000
1776219833.567,233.567,0.02,10.0,0.01,657.6,0.04,67.7,0.05,54.7,0.96,67.7,0.95,54.7,0.97,48.41,0.98,10.0,0.02,0.01,619.049382,1776219832000
1776219833.985,233.985,0.02,10.0,0.01,657.6,0.04,67.7,0.05,54.7,0.96,67.7,0.95,54.7,0.98,10.0,0.99,657.6,0.02,0.02,619.049382,1776219833000
1776219835.204,235.204,0.02,10.0,0.01,657.6,0.04,67.7,0.05,54.7,0.96,67.7,0.95,54.7,0.98,10.0,0.99,657.6,0.02,0.02,619.057554,1776219834000
1776219836.349,236.349,0.02,10.0,0.01,657.6,0.04,67.7,0.05,54.7,0.96,67.7,0.95,54.7,0.98,10.0,0.99,657.6,0.02,0.02,619.049944,1776219835000
1776219837.08,237.08,0.02,10.0,0.01,657.6,0.04,67.7,0.05,54.7,0.96,67.7,0.95,54.7,0.98,10.0,0.99,657.6,0.02,0.02,619.048118,1776219836000
1776219837.715,237.715,0.02,10.0,0.01,657.6,0.03,79.69,0.04,67.7,0.96,67.7,0.95,54.7,0.98,10.0,0.99,657.6,0.01,0.02,619.048118,1776219836000
1776219838.328,238.328,0.02,10.0,0.01,657.6,0.03,79.69,0.04,67.7,0.97,79.69,0.96,67.7,0.98,10.0,0.99,657.6,0.01,0.01,619.048205,1776219837000
1776219839.112,239.112,0.02,10.0,0.01,657.6,0.03,79.69,0.04,67.7,0.97,79.69,0.96,67.7,0.98,10.0,0.99,657.6,0.01,0.01,619.048205,1776219838000
1776219840.894,240.894,0.02,10.0,0.01,657.6,0.03,79.69,0.04,67.7,0.97,79.69,0.96,67.7,0.98,10.0,0.99,657.6,0.01,0.01,619.056798,1776219839000
1776219841.938,241.938,0.01,657.39,,,0.03,94.3,0.04,67.7,0.97,94.3,0.96,67.7,0.99,657.39,,,0.02,0.02,619.056518,1776219840000
1776219842.567,242.567,0.01,657.39,,,0.03,94.3,0.04,67.7,0.97,94.3,0.96,67.7,0.99,657.39,,,0.02,0.02,619.044074,1776219841000
1776219843.773,243.773,0.01,657.39,,,0.03,94.3,0.04,67.7,0.97,94.3,0.96,67.7,0.99,657.39,,,0.02,0.02,619.07582,1776219842000
1776219844.613,244.613,0.01,657.39,,,0.03,94.3,0.04,67.7,0.97,94.3,0.96,67.7,0.99,657.39,,,0.02,0.02,619.078143,1776219843000
1776219845.324,245.324,0.01,657.39,,,0.03,94.3,0.04,67.7,0.97,94.3,0.96,67.7,0.99,657.39,,,0.02,0.02,619.08117,1776219844000
1776219846.741,246.741,0.01,657.39,,,0.03,94.3,0.04,67.7,0.97,94.3,0.96,67.7,0.99,657.39,,,0.02,0.02,619.08178,1776219845000
1776219847.479,247.479,0.01,657.39,,,0.03,94.3,0.04,67.7,0.97,94.3,0.96,67.7,0.99,657.39,,,0.02,0.02,619.07672,1776219846000
1776219848.223,248.223,0.01,657.39,,,0.03,94.3,0.04,67.7,0.97,94.3,0.96,67.7,0.99,657.39,,,0.02,0.02,619.07315,1776219847000
1776219849.638,249.638,0.01,657.39,,,0.03,94.3,0.04,67.7,0.97,94.3,0.96,67.7,0.99,657.39,,,0.02,0.02,619.046995,1776219848000
1776219850.366,250.366,0.01,657.39,,,0.03,94.3,0.04,67.7,0.97,94.3,0.96,67.7,0.99,657.39,,,0.02,0.02,619.036636,1776219849000
1776219851.016,251.016,0.01,657.39,,,0.03,94.3,0.04,67.7,0.97,94.3,0.96,67.7,0.99,657.39,,,0.02,0.02,619.047665,1776219850000
1776219852.522,252.522,0.01,657.39,,,0.03,94.3,0.04,67.7,0.97,94.3,0.96,67.7,0.99,657.39,,,0.02,0.02,619.05323,1776219851000
1776219853.204,253.204,0.01,657.39,,,0.03,94.3,0.04,67.7,0.97,94.3,0.96,67.7,0.99,657.39,,,0.02,0.02,619.05149,1776219852000
1776219854.649,254.649,0.01,657.39,,,0.03,94.3,0.04,67.7,0.97,94.3,0.96,67.7,0.99,657.39,,,0.02,0.02,619.049808,1776219853000
1776219855.298,255.298,0.01,657.39,,,0.03,94.3,0.04,67.7,0.97,94.3,0.96,67.7,0.99,657.39,,,0.02,0.02,619.049808,1776219854000
1776219856.188,256.188,0.01,389.79,,,0.02,132.69,0.03,94.3,0.98,132.69,0.97,94.3,0.99,389.79,,,0.01,0.01,619.047345,1776219855000
1776219857.679,257.679,0.01,389.79,,,0.02,132.69,0.03,94.3,0.98,132.69,0.97,94.3,0.99,389.79,,,0.01,0.01,619.045963,1776219856000
1776219858.506,258.506,0.01,389.79,,,0.02,132.69,0.03,94.3,0.98,132.69,0.97,94.3,0.99,389.79,,,0.01,0.01,619.039101,1776219857000
1776219859.159,259.159,0.01,384.79,,,0.02,132.69,0.03,94.3,0.98,132.69,0.97,94.3,0.99,384.79,,,0.01,0.01,619.039108,1776219858000
1776219860.292,260.292,0.01,384.79,,,0.02,132.69,0.03,94.3,0.98,132.69,0.97,94.3,0.99,384.79,,,0.01,0.01,619.038897,1776219859000
1776219861.349,261.349,0.01,384.79,,,0.02,132.69,0.03,94.3,0.98,132.69,0.97,94.3,0.99,384.79,,,0.01,0.01,619.035913,1776219860000
1776219862.34,262.34,,,,,0.01,685.21,0.02,137.69,0.98,132.69,0.97,94.3,0.99,384.79,,,,0.01,619.035913,1776219860000
1776219862.908,262.908,,,,,0.01,685.21,0.02,137.69,0.99,685.21,0.98,137.69,,,,,,,619.041346,1776219862000
1776219863.953,263.953,,,,,0.01,903.81,0.02,137.69,0.99,903.81,0.98,137.69,,,,,,,618.995519,1776219863000
1776219864.92,264.92,,,,,0.01,903.81,0.02,137.69,0.99,903.81,0.98,137.69,,,,,,,618.91695,1776219864000
1776219865.907,265.907,,,,,0.01,903.81,0.02,137.69,0.99,903.81,0.98,137.69,,,,,,,618.89571,1776219865000
1776219867.092,267.092,,,,,0.01,903.81,0.02,137.69,0.99,903.81,0.98,137.69,,,,,,,618.878,1776219866000
1776219868.047,268.047,,,,,0.01,903.81,0.02,137.69,0.99,903.81,0.98,137.69,,,,,,,618.723392,1776219867000
1776219869.047,269.047,,,,,0.01,903.81,0.02,137.69,0.99,903.81,0.98,137.69,,,,,,,618.692955,1776219868000
1776219870.02,270.02,,,,,0.01,903.81,0.02,137.69,0.99,903.81,0.98,137.69,,,,,,,618.670227,1776219869000
1776219871.051,271.051,,,,,0.01,903.81,0.02,137.69,0.99,903.81,0.98,137.69,,,,,,,618.670264,1776219870000
1776219871.991,271.991,,,,,0.01,903.81,0.02,137.69,0.99,903.81,0.98,137.69,,,,,,,618.676053,1776219871000
1776219873.678,273.678,,,,,0.01,903.81,0.02,137.69,0.99,903.81,0.98,137.69,,,,,,,618.669587,1776219872000
1776219874.273,274.273,,,,,0.01,903.81,0.02,137.69,0.99,903.81,0.98,137.69,,,,,,,618.669334,1776219873000
1776219875.255,275.255,,,,,0.01,903.81,0.02,137.69,0.99,903.81,0.98,137.69,,,,,,,618.670103,1776219874000
1776219876.292,276.292,,,,,0.01,903.81,0.02,137.69,0.99,903.81,0.98,137.69,,,,,,,618.68452,1776219875000
1776219877.199,277.199,,,,,0.01,903.81,0.02,137.69,0.99,903.81,0.98,137.69,,,,,,,618.697384,1776219876000
1776219878.797,278.797,,,,,0.01,903.81,0.02,137.69,0.99,903.81,0.98,137.69,,,,,,,618.69073,1776219877000
1776219879.314,279.314,,,,,0.01,903.81,0.02,137.69,0.99,903.81,0.98,137.69,,,,,,,618.69939,1776219878000
1776219880.484,280.484,,,,,0.01,903.81,0.02,137.69,0.99,903.81,0.98,137.69,,,,,,,618.705056,1776219879000
1776219881.013,281.013,,,,,0.01,903.81,0.02,137.69,0.99,903.81,0.98,137.69,,,,,,,618.699686,1776219880000
1776219882.222,282.222,,,,,0.01,903.81,0.02,137.69,0.99,903.81,0.98,137.69,,,,,,,618.70387,1776219881000
1776219883.355,283.355,,,,,0.01,903.81,0.02,137.69,0.99,903.81,0.98,137.69,,,,,,,618.70613,1776219882000
1776219884.442,284.442,,,,,0.01,903.81,0.02,137.69,0.99,903.81,0.98,137.69,,,,,,,618.70874,1776219883000
1776219885.009,285.009,,,,,0.01,903.81,0.02,137.69,0.99,903.81,0.98,137.69,,,,,,,618.72922,1776219884000
1776219886.148,286.148,,,,,0.01,903.81,0.02,137.69,0.99,903.81,0.98,137.69,,,,,,,618.73087,1776219885000
1776219887.361,287.361,,,,,0.01,903.81,0.02,137.69,0.99,903.81,0.98,137.69,,,,,,,618.72952,1776219886000
1776219888.247,288.247,,,,,0.01,903.81,0.02,137.69,0.99,903.81,0.98,137.69,,,,,,,618.722242,1776219887000
1776219889.314,289.314,,,,,0.01,903.81,0.02,137.69,0.99,903.81,0.98,137.69,,,,,,,618.669598,1776219888000
1776219890.329,290.329,,,,,0.01,903.81,0.02,137.69,0.99,903.81,0.98,137.69,,,,,,,618.669571,1776219889000
1776219891.302,291.302,,,,,0.01,903.81,0.02,137.69,0.99,903.81,0.98,137.69,,,,,,,618.53662,1776219890000
1776219892.293,292.293,,,,,0.01,903.81,0.02,137.69,0.99,903.81,0.98,137.69,,,,,,,618.505361,1776219891000
1776219893.278,293.278,,,,,0.01,903.81,0.02,137.69,0.99,903.81,0.98,137.69,,,,,,,618.459787,1776219892000
1776219894.248,294.248,,,,,0.01,903.81,0.02,137.69,0.99,903.81,0.98,137.69,,,,,,,618.46885,1776219893000
1776219895.238,295.238,,,,,0.01,903.81,0.02,137.69,0.99,903.81,0.98,137.69,,,,,,,618.490045,1776219894000
1776219896.24,296.24,,,,,0.01,903.81,0.02,137.69,0.99,903.81,0.98,137.69,,,,,,,618.51849,1776219895000
1776219897.202,297.202,0.001,192.01,,,0.01,2406.11,0.03,5.0,0.99,2406.11,0.97,5.0,0.999,192.01,,,0.009,0.009,618.53129,1776219896000
1776219897.438,297.438,0.001,164.0,,,0.01,2416.11,0.11,50.0,0.99,2416.11,0.97,5.0,0.999,171.99,,,0.009,0.009,618.53129,1776219896000
1776219898.171,298.171,0.001,164.0,,,0.01,2416.11,0.11,50.0,0.99,2416.11,0.89,50.0,0.999,164.0,,,0.009,0.009,618.52405,1776219897000
1776219898.97,298.97,0.001,117.95,,,0.01,3122.11,0.11,50.0,0.99,3082.16,0.89,50.0,0.999,142.98,,,0.009,0.009,618.52405,1776219897000
1776219899.174,299.174,0.001,104.93,,,0.01,3127.11,0.23,20.0,0.99,3127.11,0.77,20.0,0.999,104.93,,,0.009,0.009,618.52378,1776219898000
1776219900.117,300.117,,,,,0.001,495.67,0.009,10.0,0.999,495.67,0.991,10.0,,,,,,,618.530475,1776219899000

# RESULT,winner=Down,slug=bnb-updown-5m-1776219600,ticks=315
