timestamp,elapsed_sec,up_bid_p1,up_bid_s1,up_bid_p2,up_bid_s2,up_bid_p3,up_bid_s3,up_bid_p4,up_bid_s4,up_bid_p5,up_bid_s5,up_ask_p1,up_ask_s1,up_ask_p2,up_ask_s2,up_ask_p3,up_ask_s3,up_ask_p4,up_ask_s4,up_ask_p5,up_ask_s5,down_bid_p1,down_bid_s1,down_bid_p2,down_bid_s2,down_bid_p3,down_bid_s3,down_bid_p4,down_bid_s4,down_bid_p5,down_bid_s5,down_ask_p1,down_ask_s1,down_ask_p2,down_ask_s2,down_ask_p3,down_ask_s3,down_ask_p4,down_ask_s4,down_ask_p5,down_ask_s5,up_spread,down_spread,bnb_price,bnb_oracle_ts
1776159000.553,0.553,0.41,13.0,0.4,8.0,0.39,8.0,0.38,8.0,0.37,9.0,0.59,13.0,0.6,8.0,0.61,8.0,0.62,8.0,0.63,9.0,0.49,10.0,0.48,5.0,0.47,31.0,0.46,41.0,0.45,45.0,0.51,10.0,0.52,5.0,0.53,31.0,0.54,41.0,0.55,45.0,0.18,0.02,618.665,1776158999000
1776159001.429,1.429,0.41,13.0,0.4,8.0,0.39,8.0,0.38,8.0,0.37,9.0,0.59,13.0,0.6,8.0,0.61,8.0,0.62,8.0,0.63,9.0,0.41,13.0,0.4,8.0,0.39,8.0,0.38,8.0,0.37,9.0,0.59,13.0,0.6,8.0,0.61,8.0,0.62,8.0,0.63,9.0,0.18,0.18,618.665,1776159000000
1776159002.557,2.557,0.41,13.0,0.4,8.0,0.39,8.0,0.38,8.0,0.37,9.0,0.59,13.0,0.6,8.0,0.61,8.0,0.62,8.0,0.63,9.0,0.41,13.0,0.4,8.0,0.39,8.0,0.38,8.0,0.37,9.0,0.59,13.0,0.6,8.0,0.61,8.0,0.62,8.0,0.63,9.0,0.18,0.18,618.664,1776159001000
1776159003.149,3.149,0.41,13.0,0.4,8.0,0.39,8.0,0.38,8.0,0.37,9.0,0.59,13.0,0.6,8.0,0.61,8.0,0.62,8.0,0.63,9.0,0.41,13.0,0.4,8.0,0.39,8.0,0.38,8.0,0.37,9.0,0.59,13.0,0.6,8.0,0.61,8.0,0.62,8.0,0.63,9.0,0.18,0.18,618.661,1776159002000
1776159004.806,4.806,0.41,13.0,0.4,8.0,0.39,8.0,0.38,8.0,0.37,9.0,0.59,13.0,0.6,8.0,0.61,8.0,0.62,8.0,0.63,9.0,0.41,13.0,0.4,8.0,0.39,8.0,0.38,8.0,0.37,9.0,0.59,13.0,0.6,8.0,0.61,8.0,0.62,8.0,0.63,9.0,0.18,0.18,618.73,1776159003000
1776159005.534,5.534,0.41,13.0,0.4,8.0,0.39,8.0,0.38,8.0,0.37,9.0,0.59,13.0,0.6,8.0,0.61,8.0,0.62,8.0,0.63,9.0,0.41,13.0,0.4,8.0,0.39,8.0,0.38,8.0,0.37,9.0,0.59,13.0,0.6,8.0,0.61,8.0,0.62,8.0,0.63,9.0,0.18,0.18,618.73,1776159004000
1776159006.162,6.162,0.41,13.0,0.4,8.0,0.39,8.0,0.38,8.0,0.37,9.0,0.59,13.0,0.6,8.0,0.61,8.0,0.62,8.0,0.63,9.0,0.41,13.0,0.4,8.0,0.39,8.0,0.38,8.0,0.37,9.0,0.59,13.0,0.6,8.0,0.61,8.0,0.62,8.0,0.63,9.0,0.18,0.18,618.733,1776159005000
1776159007.644,7.644,0.41,13.0,0.4,8.0,0.39,8.0,0.38,8.0,0.37,9.0,0.59,13.0,0.6,8.0,0.61,8.0,0.62,8.0,0.63,9.0,0.41,13.0,0.4,8.0,0.39,8.0,0.38,8.0,0.37,9.0,0.59,13.0,0.6,8.0,0.61,8.0,0.62,8.0,0.63,9.0,0.18,0.18,618.712,1776159006000
1776159008.337,8.337,0.41,13.0,0.4,8.0,0.39,8.0,0.38,8.0,0.37,9.0,0.59,13.0,0.6,8.0,0.61,8.0,0.62,8.0,0.63,9.0,0.41,13.0,0.4,8.0,0.39,8.0,0.38,8.0,0.37,9.0,0.59,13.0,0.6,8.0,0.61,8.0,0.62,8.0,0.63,9.0,0.18,0.18,618.712,1776159007000
1776159009.569,9.569,0.41,13.0,0.4,8.0,0.39,8.0,0.38,8.0,0.37,9.0,0.59,13.0,0.6,8.0,0.61,8.0,0.62,8.0,0.63,9.0,0.41,13.0,0.4,8.0,0.39,8.0,0.38,8.0,0.37,9.0,0.59,13.0,0.6,8.0,0.61,8.0,0.62,8.0,0.63,9.0,0.18,0.18,618.703,1776159008000
1776159010.253,10.253,0.41,13.0,0.4,8.0,0.39,8.0,0.38,8.0,0.37,9.0,0.59,13.0,0.6,8.0,0.61,8.0,0.62,8.0,0.63,9.0,0.41,13.0,0.4,8.0,0.39,8.0,0.38,8.0,0.37,9.0,0.59,13.0,0.6,8.0,0.61,8.0,0.62,8.0,0.63,9.0,0.18,0.18,618.702549,1776159009000
1776159011.578,11.578,0.41,13.0,0.4,8.0,0.39,8.0,0.38,8.0,0.37,9.0,0.59,13.0,0.6,8.0,0.61,8.0,0.62,8.0,0.63,9.0,0.41,13.0,0.4,8.0,0.39,8.0,0.38,8.0,0.37,9.0,0.59,13.0,0.6,8.0,0.61,8.0,0.62,8.0,0.63,9.0,0.18,0.18,618.694,1776159010000
1776159012.242,12.242,0.41,13.0,0.4,8.0,0.39,8.0,0.38,8.0,0.37,9.0,0.59,13.0,0.6,8.0,0.61,8.0,0.62,8.0,0.63,9.0,0.41,13.0,0.4,8.0,0.39,8.0,0.38,8.0,0.37,9.0,0.59,13.0,0.6,8.0,0.61,8.0,0.62,8.0,0.63,9.0,0.18,0.18,618.698,1776159011000
1776159013.643,13.643,0.41,13.0,0.4,8.0,0.39,8.0,0.38,8.0,0.37,9.0,0.59,13.0,0.6,8.0,0.61,8.0,0.62,8.0,0.63,9.0,0.41,13.0,0.4,8.0,0.39,8.0,0.38,8.0,0.37,9.0,0.59,13.0,0.6,8.0,0.61,8.0,0.62,8.0,0.63,9.0,0.18,0.18,618.694,1776159012000
1776159014.244,14.244,0.41,13.0,0.4,8.0,0.39,8.0,0.38,8.0,0.37,9.0,0.59,13.0,0.6,8.0,0.61,8.0,0.62,8.0,0.63,9.0,0.41,13.0,0.4,8.0,0.39,8.0,0.38,8.0,0.37,9.0,0.59,13.0,0.6,8.0,0.61,8.0,0.62,8.0,0.63,9.0,0.18,0.18,618.694,1776159013000
1776159015.548,15.548,0.41,13.0,0.4,8.0,0.39,8.0,0.38,8.0,0.37,9.0,0.59,13.0,0.6,8.0,0.61,8.0,0.62,8.0,0.63,9.0,0.41,13.0,0.4,8.0,0.39,8.0,0.38,8.0,0.37,9.0,0.59,13.0,0.6,8.0,0.61,8.0,0.62,8.0,0.63,9.0,0.18,0.18,618.695,1776159014000
1776159016.277,16.277,0.41,13.0,0.4,8.0,0.39,8.0,0.38,8.0,0.37,9.0,0.59,13.0,0.6,8.0,0.61,8.0,0.62,8.0,0.63,9.0,0.41,13.0,0.4,8.0,0.39,8.0,0.38,8.0,0.37,9.0,0.59,13.0,0.6,8.0,0.61,8.0,0.62,8.0,0.63,9.0,0.18,0.18,618.695,1776159015000
1776159017.541,17.541,0.41,13.0,0.4,8.0,0.39,8.0,0.38,8.0,0.37,9.0,0.59,13.0,0.6,8.0,0.61,8.0,0.62,8.0,0.63,9.0,0.41,13.0,0.4,8.0,0.39,8.0,0.38,8.0,0.37,9.0,0.59,13.0,0.6,8.0,0.61,8.0,0.62,8.0,0.63,9.0,0.18,0.18,618.69645,1776159016000
1776159018.271,18.271,0.41,13.0,0.4,8.0,0.39,8.0,0.38,8.0,0.37,9.0,0.59,13.0,0.6,8.0,0.61,8.0,0.62,8.0,0.63,9.0,0.41,13.0,0.4,8.0,0.39,8.0,0.38,8.0,0.37,9.0,0.59,13.0,0.6,8.0,0.61,8.0,0.62,8.0,0.63,9.0,0.18,0.18,618.698,1776159017000
1776159019.871,19.871,0.41,13.0,0.4,8.0,0.39,8.0,0.38,8.0,0.37,9.0,0.59,13.0,0.6,8.0,0.61,8.0,0.62,8.0,0.63,9.0,0.41,13.0,0.4,8.0,0.39,8.0,0.38,8.0,0.37,9.0,0.59,13.0,0.6,8.0,0.61,8.0,0.62,8.0,0.63,9.0,0.18,0.18,618.697,1776159018000
1776159020.386,20.386,0.41,13.0,0.4,8.0,0.39,8.0,0.38,8.0,0.37,9.0,0.59,13.0,0.6,8.0,0.61,8.0,0.62,8.0,0.63,9.0,0.41,13.0,0.4,8.0,0.39,8.0,0.38,8.0,0.37,9.0,0.59,13.0,0.6,8.0,0.61,8.0,0.62,8.0,0.63,9.0,0.18,0.18,618.699,1776159019000
1776159020.927,20.927,0.41,13.0,0.4,8.0,0.39,8.0,0.38,8.0,0.37,9.0,0.59,13.0,0.6,8.0,0.61,8.0,0.62,8.0,0.63,9.0,0.41,13.0,0.4,8.0,0.39,8.0,0.38,8.0,0.37,9.0,0.59,13.0,0.6,8.0,0.61,8.0,0.62,8.0,0.63,9.0,0.18,0.18,618.699,1776159020000
1776159022.078,22.078,0.41,13.0,0.4,8.0,0.39,8.0,0.38,8.0,0.37,9.0,0.59,13.0,0.6,8.0,0.61,8.0,0.62,8.0,0.63,9.0,0.41,13.0,0.4,8.0,0.39,8.0,0.38,8.0,0.37,9.0,0.59,13.0,0.6,8.0,0.61,8.0,0.62,8.0,0.63,9.0,0.18,0.18,618.699,1776159021000
1776159023.327,23.327,0.41,13.0,0.4,8.0,0.39,8.0,0.38,8.0,0.37,9.0,0.59,13.0,0.6,8.0,0.61,8.0,0.62,8.0,0.63,9.0,0.41,13.0,0.4,8.0,0.39,8.0,0.38,8.0,0.37,9.0,0.59,13.0,0.6,8.0,0.61,8.0,0.62,8.0,0.63,9.0,0.18,0.18,618.655799,1776159022000
1776159023.91,23.91,0.41,13.0,0.4,8.0,0.39,8.0,0.38,8.0,0.37,9.0,0.59,13.0,0.6,8.0,0.61,8.0,0.62,8.0,0.63,9.0,0.41,13.0,0.4,8.0,0.39,8.0,0.38,8.0,0.37,9.0,0.59,13.0,0.6,8.0,0.61,8.0,0.62,8.0,0.63,9.0,0.18,0.18,618.655799,1776159023000
1776159025.042,25.042,0.41,13.0,0.4,8.0,0.39,8.0,0.38,8.0,0.37,9.0,0.59,13.0,0.6,8.0,0.61,8.0,0.62,8.0,0.63,9.0,0.41,13.0,0.4,8.0,0.39,8.0,0.38,8.0,0.37,9.0,0.59,13.0,0.6,8.0,0.61,8.0,0.62,8.0,0.63,9.0,0.18,0.18,618.655799,1776159024000
1776159026.154,26.154,0.41,13.0,0.4,8.0,0.39,8.0,0.38,8.0,0.37,9.0,0.59,13.0,0.6,8.0,0.61,8.0,0.62,8.0,0.63,9.0,0.41,13.0,0.4,8.0,0.39,8.0,0.38,8.0,0.37,9.0,0.59,13.0,0.6,8.0,0.61,8.0,0.62,8.0,0.63,9.0,0.18,0.18,618.664,1776159025000
1776159027.25,27.25,0.41,13.0,0.4,8.0,0.39,8.0,0.38,8.0,0.37,9.0,0.59,13.0,0.6,8.0,0.61,8.0,0.62,8.0,0.63,9.0,0.41,13.0,0.4,8.0,0.39,8.0,0.38,8.0,0.37,9.0,0.59,13.0,0.6,8.0,0.61,8.0,0.62,8.0,0.63,9.0,0.18,0.18,618.656,1776159026000
1776159028.274,28.274,0.41,13.0,0.4,8.0,0.39,8.0,0.38,8.0,0.37,9.0,0.59,13.0,0.6,8.0,0.61,8.0,0.62,8.0,0.63,9.0,0.41,13.0,0.4,8.0,0.39,8.0,0.38,8.0,0.37,9.0,0.59,13.0,0.6,8.0,0.61,8.0,0.62,8.0,0.63,9.0,0.18,0.18,618.652,1776159027000
1776159029.402,29.402,0.41,13.0,0.4,8.0,0.39,8.0,0.38,8.0,0.37,9.0,0.59,13.0,0.6,8.0,0.61,8.0,0.62,8.0,0.63,9.0,0.41,13.0,0.4,8.0,0.39,8.0,0.38,8.0,0.37,9.0,0.59,13.0,0.6,8.0,0.61,8.0,0.62,8.0,0.63,9.0,0.18,0.18,618.648529,1776159028000
1776159030.071,30.071,0.41,13.0,0.4,8.0,0.39,8.0,0.38,8.0,0.37,9.0,0.59,13.0,0.6,8.0,0.61,8.0,0.62,8.0,0.63,9.0,0.41,13.0,0.4,8.0,0.39,8.0,0.38,8.0,0.37,9.0,0.59,13.0,0.6,8.0,0.61,8.0,0.62,8.0,0.63,9.0,0.18,0.18,618.642,1776159029000
1776159031.159,31.159,0.41,13.0,0.4,8.0,0.39,8.0,0.38,8.0,0.37,9.0,0.59,13.0,0.6,8.0,0.61,8.0,0.62,8.0,0.63,9.0,0.41,13.0,0.4,8.0,0.39,8.0,0.38,8.0,0.37,9.0,0.59,13.0,0.6,8.0,0.61,8.0,0.62,8.0,0.63,9.0,0.18,0.18,618.634271,1776159030000
1776159031.589,31.589,0.38,14.0,0.37,5.0,0.36,18.0,0.35,10.0,0.31,50.0,0.55,5.0,0.56,5.0,0.6,12.0,0.61,50.0,0.62,10.0,0.41,13.0,0.4,8.0,0.39,8.0,0.38,8.0,0.37,9.0,0.59,13.0,0.6,8.0,0.61,8.0,0.62,8.0,0.63,9.0,0.17,0.18,618.634271,1776159030000
1776159032.18,32.18,0.38,14.0,0.37,5.0,0.36,18.0,0.35,10.0,0.31,50.0,0.55,5.0,0.56,5.0,0.6,12.0,0.61,50.0,0.62,10.0,0.45,5.0,0.44,5.0,0.4,12.0,0.39,50.0,0.38,10.0,0.62,14.0,0.63,5.0,0.64,18.0,0.65,10.0,0.69,50.0,0.17,0.17,618.636128,1776159031000
1776159033.278,33.278,0.38,14.0,0.37,5.0,0.36,18.0,0.35,10.0,0.31,50.0,0.55,5.0,0.56,5.0,0.6,12.0,0.61,50.0,0.62,10.0,0.45,5.0,0.44,5.0,0.4,12.0,0.39,50.0,0.38,10.0,0.62,14.0,0.63,5.0,0.64,18.0,0.65,10.0,0.69,50.0,0.17,0.17,618.642,1776159032000
1776159034.276,34.276,0.38,14.0,0.37,5.0,0.36,18.0,0.35,10.0,0.31,50.0,0.55,5.0,0.56,5.0,0.6,12.0,0.61,50.0,0.62,10.0,0.45,5.0,0.44,5.0,0.4,12.0,0.39,50.0,0.38,10.0,0.62,14.0,0.63,5.0,0.64,18.0,0.65,10.0,0.69,50.0,0.17,0.17,618.642,1776159033000
1776159035.117,35.117,0.38,14.0,0.37,5.0,0.36,18.0,0.35,10.0,0.31,50.0,0.55,5.0,0.56,5.0,0.6,12.0,0.61,50.0,0.62,10.0,0.45,5.0,0.44,5.0,0.4,12.0,0.39,50.0,0.38,10.0,0.62,14.0,0.63,5.0,0.64,18.0,0.65,10.0,0.69,50.0,0.17,0.17,618.638446,1776159034000
1776159036.092,36.092,0.38,14.0,0.37,5.0,0.36,18.0,0.35,10.0,0.31,50.0,0.55,5.0,0.56,5.0,0.6,12.0,0.61,50.0,0.62,10.0,0.45,5.0,0.44,5.0,0.4,12.0,0.39,50.0,0.38,10.0,0.62,14.0,0.63,5.0,0.64,18.0,0.65,10.0,0.69,50.0,0.17,0.17,618.638446,1776159035000
1776159037.009,37.009,0.38,14.0,0.37,5.0,0.36,18.0,0.35,10.0,0.31,50.0,0.55,5.0,0.56,5.0,0.6,12.0,0.61,50.0,0.62,10.0,0.45,5.0,0.44,5.0,0.4,12.0,0.39,50.0,0.38,10.0,0.62,14.0,0.63,5.0,0.64,18.0,0.65,10.0,0.69,50.0,0.17,0.17,618.641462,1776159036000
1776159038.076,38.076,0.38,14.0,0.37,5.0,0.36,18.0,0.35,10.0,0.31,50.0,0.55,5.0,0.56,5.0,0.6,12.0,0.61,50.0,0.62,10.0,0.45,5.0,0.44,5.0,0.4,12.0,0.39,50.0,0.38,10.0,0.62,14.0,0.63,5.0,0.64,18.0,0.65,10.0,0.69,50.0,0.17,0.17,618.646256,1776159037000
1776159038.928,38.928,0.38,14.0,0.37,5.0,0.36,18.0,0.35,10.0,0.31,50.0,0.55,5.0,0.56,5.0,0.6,12.0,0.61,50.0,0.62,10.0,0.45,5.0,0.44,5.0,0.4,12.0,0.39,50.0,0.38,10.0,0.62,14.0,0.63,5.0,0.64,18.0,0.65,10.0,0.69,50.0,0.17,0.17,618.646256,1776159038000
1776159039.921,39.921,0.38,14.0,0.37,5.0,0.36,18.0,0.35,10.0,0.31,50.0,0.55,5.0,0.56,5.0,0.6,12.0,0.61,50.0,0.62,10.0,0.45,5.0,0.44,5.0,0.4,12.0,0.39,50.0,0.38,10.0,0.62,14.0,0.63,5.0,0.64,18.0,0.65,10.0,0.69,50.0,0.17,0.17,618.651747,1776159039000
1776159040.932,40.932,0.38,14.0,0.37,5.0,0.36,18.0,0.35,10.0,0.31,50.0,0.55,5.0,0.56,5.0,0.6,12.0,0.61,50.0,0.62,10.0,0.45,5.0,0.44,5.0,0.4,12.0,0.39,50.0,0.38,10.0,0.62,14.0,0.63,5.0,0.64,18.0,0.65,10.0,0.69,50.0,0.17,0.17,618.652366,1776159040000
1776159041.86,41.86,0.38,14.0,0.37,5.0,0.36,18.0,0.35,10.0,0.31,50.0,0.55,5.0,0.56,5.0,0.6,12.0,0.61,50.0,0.62,10.0,0.45,5.0,0.44,5.0,0.4,12.0,0.39,50.0,0.38,10.0,0.62,14.0,0.63,5.0,0.64,18.0,0.65,10.0,0.69,50.0,0.17,0.17,618.652366,1776159041000
1776159042.891,42.891,0.38,14.0,0.37,5.0,0.36,18.0,0.35,10.0,0.31,50.0,0.55,5.0,0.56,5.0,0.6,12.0,0.61,50.0,0.62,10.0,0.45,5.0,0.44,5.0,0.4,12.0,0.39,50.0,0.38,10.0,0.62,14.0,0.63,5.0,0.64,18.0,0.65,10.0,0.69,50.0,0.17,0.17,618.649969,1776159042000
1776159044.194,44.194,0.38,14.0,0.37,5.0,0.36,18.0,0.35,10.0,0.31,50.0,0.55,5.0,0.56,5.0,0.6,12.0,0.61,50.0,0.62,10.0,0.45,5.0,0.44,5.0,0.4,12.0,0.39,50.0,0.38,10.0,0.62,14.0,0.63,5.0,0.64,18.0,0.65,10.0,0.69,50.0,0.17,0.17,618.649969,1776159043000
1776159045.213,45.213,0.38,14.0,0.37,5.0,0.36,18.0,0.35,10.0,0.31,50.0,0.55,5.0,0.56,5.0,0.6,12.0,0.61,50.0,0.62,10.0,0.45,5.0,0.44,5.0,0.4,12.0,0.39,50.0,0.38,10.0,0.62,14.0,0.63,5.0,0.64,18.0,0.65,10.0,0.69,50.0,0.17,0.17,618.649969,1776159044000
1776159046.755,46.755,0.38,14.0,0.37,5.0,0.36,18.0,0.35,10.0,0.31,50.0,0.55,5.0,0.56,5.0,0.6,12.0,0.61,50.0,0.62,10.0,0.45,5.0,0.44,5.0,0.4,12.0,0.39,50.0,0.38,10.0,0.62,14.0,0.63,5.0,0.64,18.0,0.65,10.0,0.69,50.0,0.17,0.17,618.650588,1776159045000
1776159047.252,47.252,0.38,14.0,0.37,5.0,0.36,18.0,0.35,10.0,0.31,50.0,0.55,5.0,0.56,5.0,0.6,12.0,0.61,50.0,0.62,10.0,0.45,5.0,0.44,5.0,0.4,12.0,0.39,50.0,0.38,10.0,0.62,14.0,0.63,5.0,0.64,18.0,0.65,10.0,0.69,50.0,0.17,0.17,618.650588,1776159046000
1776159048.355,48.355,0.38,14.0,0.37,5.0,0.36,18.0,0.35,10.0,0.31,50.0,0.55,5.0,0.56,5.0,0.6,12.0,0.61,50.0,0.62,10.0,0.45,5.0,0.44,5.0,0.4,12.0,0.39,50.0,0.38,10.0,0.62,14.0,0.63,5.0,0.64,18.0,0.65,10.0,0.69,50.0,0.17,0.17,618.651207,1776159047000
1776159049.403,49.403,0.38,14.0,0.37,5.0,0.36,18.0,0.35,10.0,0.31,50.0,0.55,5.0,0.56,5.0,0.6,12.0,0.61,50.0,0.62,10.0,0.45,5.0,0.44,5.0,0.4,12.0,0.39,50.0,0.38,10.0,0.62,14.0,0.63,5.0,0.64,18.0,0.65,10.0,0.69,50.0,0.17,0.17,618.651826,1776159048000
1776159049.864,49.864,0.38,14.0,0.37,5.0,0.36,18.0,0.35,10.0,0.31,50.0,0.55,5.0,0.56,5.0,0.6,12.0,0.61,50.0,0.62,10.0,0.45,5.0,0.44,5.0,0.4,12.0,0.39,50.0,0.38,10.0,0.62,14.0,0.63,5.0,0.64,18.0,0.65,10.0,0.69,50.0,0.17,0.17,618.653064,1776159049000
1776159050.215,50.215,0.41,5.0,0.4,12.0,0.38,10.0,0.35,5.0,0.31,50.0,0.42,5.16,0.55,5.0,0.56,5.0,0.61,50.0,0.62,10.0,0.45,5.0,0.44,5.0,0.4,12.0,0.39,50.0,0.38,10.0,0.62,14.0,0.63,5.0,0.64,18.0,0.65,10.0,0.69,50.0,0.01,0.17,618.653064,1776159049000
1776159050.933,50.933,0.41,5.0,0.4,12.0,0.38,10.0,0.35,5.0,0.31,50.0,0.42,5.16,0.55,5.0,0.56,5.0,0.61,50.0,0.62,10.0,0.58,5.16,0.45,5.0,0.44,5.0,0.39,50.0,0.38,10.0,0.59,5.0,0.6,12.0,0.62,10.0,0.65,5.0,0.69,50.0,0.01,0.01,618.653064,1776159050000
1776159051.327,51.327,0.41,15.0,0.4,12.0,0.38,10.0,0.35,5.0,0.31,50.0,0.55,5.0,0.56,5.0,0.61,50.0,0.62,10.0,0.63,5.0,0.58,1.16,0.45,5.0,0.44,5.0,0.39,50.0,0.38,10.0,0.59,15.0,0.6,12.0,0.62,10.0,0.65,5.0,0.69,50.0,0.14,0.01,618.653064,1776159050000
1776159051.966,51.966,0.41,15.0,0.4,12.0,0.38,10.0,0.35,5.0,0.31,50.0,0.55,5.0,0.56,5.0,0.61,50.0,0.62,10.0,0.63,5.0,0.45,5.0,0.44,5.0,0.39,50.0,0.38,10.0,0.37,5.0,0.59,15.0,0.6,12.0,0.62,10.0,0.65,5.0,0.69,50.0,0.14,0.14,618.653064,1776159051000
1776159052.971,52.971,0.41,15.0,0.4,12.0,0.38,10.0,0.35,5.0,0.31,50.0,0.55,5.0,0.56,5.0,0.61,50.0,0.62,10.0,0.63,5.0,0.45,5.0,0.44,5.0,0.39,50.0,0.38,10.0,0.37,5.0,0.59,15.0,0.6,12.0,0.62,10.0,0.65,5.0,0.69,50.0,0.14,0.14,618.653064,1776159052000
1776159053.978,53.978,0.41,15.0,0.4,12.0,0.38,10.0,0.35,5.0,0.31,50.0,0.55,5.0,0.56,5.0,0.61,50.0,0.62,10.0,0.63,5.0,0.45,5.0,0.44,5.0,0.39,50.0,0.38,10.0,0.37,5.0,0.59,15.0,0.6,12.0,0.62,10.0,0.65,5.0,0.69,50.0,0.14,0.14,618.663271,1776159053000
1776159054.943,54.943,0.41,15.0,0.4,12.0,0.38,10.0,0.35,5.0,0.31,50.0,0.55,5.0,0.56,5.0,0.61,50.0,0.62,10.0,0.63,5.0,0.45,5.0,0.44,5.0,0.39,50.0,0.38,10.0,0.37,5.0,0.59,15.0,0.6,12.0,0.62,10.0,0.65,5.0,0.69,50.0,0.14,0.14,618.66389,1776159054000
1776159055.984,55.984,0.41,15.0,0.4,12.0,0.38,10.0,0.35,5.0,0.31,50.0,0.55,5.0,0.56,5.0,0.61,50.0,0.62,10.0,0.63,5.0,0.45,5.0,0.44,5.0,0.39,50.0,0.38,10.0,0.37,5.0,0.59,15.0,0.6,12.0,0.62,10.0,0.65,5.0,0.69,50.0,0.14,0.14,618.66389,1776159055000
1776159057.05,57.05,0.41,15.0,0.4,12.0,0.38,10.0,0.35,5.0,0.31,50.0,0.55,5.0,0.56,5.0,0.61,50.0,0.62,10.0,0.63,5.0,0.45,5.0,0.44,5.0,0.39,50.0,0.38,10.0,0.37,5.0,0.59,15.0,0.6,12.0,0.62,10.0,0.65,5.0,0.69,50.0,0.14,0.14,618.664509,1776159056000
1776159058.075,58.075,0.41,15.0,0.4,12.0,0.38,10.0,0.35,5.0,0.31,50.0,0.55,5.0,0.56,5.0,0.61,50.0,0.62,10.0,0.63,5.0,0.45,5.0,0.44,5.0,0.39,50.0,0.38,10.0,0.37,5.0,0.59,15.0,0.6,12.0,0.62,10.0,0.65,5.0,0.69,50.0,0.14,0.14,618.669303,1776159057000
1776159066.324,66.324,0.41,15.0,0.4,12.0,0.38,10.0,0.35,5.0,0.31,50.0,0.55,5.0,0.56,5.0,0.61,50.0,0.62,10.0,0.63,5.0,0.45,5.0,0.44,5.0,0.39,50.0,0.38,10.0,0.37,5.0,0.59,15.0,0.6,12.0,0.62,10.0,0.65,5.0,0.69,50.0,0.14,0.14,618.682272,1776159065000
1776159067.264,67.264,0.41,15.0,0.4,12.0,0.38,10.0,0.35,5.0,0.31,50.0,0.55,5.0,0.56,5.0,0.61,50.0,0.62,10.0,0.63,5.0,0.45,5.0,0.44,5.0,0.39,50.0,0.38,10.0,0.37,5.0,0.59,15.0,0.6,12.0,0.62,10.0,0.65,5.0,0.69,50.0,0.14,0.14,618.681586,1776159066000
1776159068.464,68.464,0.41,15.0,0.4,12.0,0.38,10.0,0.35,5.0,0.31,50.0,0.55,5.0,0.56,5.0,0.61,50.0,0.62,10.0,0.63,5.0,0.45,5.0,0.44,5.0,0.39,50.0,0.38,10.0,0.37,5.0,0.59,15.0,0.6,12.0,0.62,10.0,0.65,5.0,0.69,50.0,0.14,0.14,618.687205,1776159067000
1776159068.919,68.919,0.41,15.0,0.4,12.0,0.38,10.0,0.35,5.0,0.31,50.0,0.55,5.0,0.56,5.0,0.61,50.0,0.62,10.0,0.63,5.0,0.45,5.0,0.44,5.0,0.39,50.0,0.38,10.0,0.37,5.0,0.59,15.0,0.6,12.0,0.62,10.0,0.65,5.0,0.69,50.0,0.14,0.14,618.709,1776159068000
1776159070.001,70.001,0.41,15.0,0.4,12.0,0.38,10.0,0.35,5.0,0.31,50.0,0.55,5.0,0.56,5.0,0.61,50.0,0.62,10.0,0.63,5.0,0.45,5.0,0.44,5.0,0.39,50.0,0.38,10.0,0.37,5.0,0.59,15.0,0.6,12.0,0.62,10.0,0.65,5.0,0.69,50.0,0.14,0.14,618.709,1776159069000
1776159071.098,71.098,0.41,15.0,0.4,12.0,0.38,10.0,0.35,5.0,0.31,50.0,0.55,5.0,0.56,5.0,0.61,50.0,0.62,10.0,0.63,5.0,0.45,5.0,0.44,5.0,0.39,50.0,0.38,10.0,0.37,5.0,0.59,15.0,0.6,12.0,0.62,10.0,0.65,5.0,0.69,50.0,0.14,0.14,618.713,1776159070000
1776159072.195,72.195,0.41,15.0,0.4,12.0,0.38,10.0,0.35,5.0,0.31,50.0,0.55,5.0,0.56,5.0,0.61,50.0,0.62,10.0,0.63,5.0,0.45,5.0,0.44,5.0,0.39,50.0,0.38,10.0,0.37,5.0,0.59,15.0,0.6,12.0,0.62,10.0,0.65,5.0,0.69,50.0,0.14,0.14,618.722,1776159071000
1776159073.354,73.354,0.41,15.0,0.4,12.0,0.38,10.0,0.35,5.0,0.31,50.0,0.55,5.0,0.56,5.0,0.61,50.0,0.62,10.0,0.63,5.0,0.45,5.0,0.44,5.0,0.39,50.0,0.38,10.0,0.37,5.0,0.59,15.0,0.6,12.0,0.62,10.0,0.65,5.0,0.69,50.0,0.14,0.14,618.71,1776159072000
1776159074.502,74.502,0.41,15.0,0.4,12.0,0.38,10.0,0.35,5.0,0.31,50.0,0.55,5.0,0.56,5.0,0.61,50.0,0.62,10.0,0.63,5.0,0.45,5.0,0.44,5.0,0.39,50.0,0.38,10.0,0.37,5.0,0.59,15.0,0.6,12.0,0.62,10.0,0.65,5.0,0.69,50.0,0.14,0.14,618.713,1776159073000
1776159075.08,75.08,0.41,15.0,0.4,12.0,0.38,10.0,0.35,5.0,0.31,50.0,0.55,5.0,0.56,5.0,0.61,50.0,0.62,10.0,0.63,5.0,0.45,5.0,0.44,5.0,0.39,50.0,0.38,10.0,0.37,5.0,0.59,15.0,0.6,12.0,0.62,10.0,0.65,5.0,0.69,50.0,0.14,0.14,618.720705,1776159074000
1776159076.343,76.343,0.41,15.0,0.4,12.0,0.38,10.0,0.35,5.0,0.31,50.0,0.55,5.0,0.56,5.0,0.61,50.0,0.62,10.0,0.63,5.0,0.45,5.0,0.44,5.0,0.39,50.0,0.38,10.0,0.37,5.0,0.59,15.0,0.6,12.0,0.62,10.0,0.65,5.0,0.69,50.0,0.14,0.14,618.724,1776159075000
1776159076.989,76.989,0.41,15.0,0.4,12.0,0.38,10.0,0.35,5.0,0.31,50.0,0.55,5.0,0.56,5.0,0.61,50.0,0.62,10.0,0.63,5.0,0.45,5.0,0.44,5.0,0.39,50.0,0.38,10.0,0.37,5.0,0.59,15.0,0.6,12.0,0.62,10.0,0.65,5.0,0.69,50.0,0.14,0.14,618.72,1776159076000
1776159078.045,78.045,0.41,15.0,0.4,12.0,0.38,10.0,0.35,5.0,0.31,50.0,0.55,5.0,0.56,5.0,0.61,50.0,0.62,10.0,0.63,5.0,0.45,5.0,0.44,5.0,0.39,50.0,0.38,10.0,0.37,5.0,0.59,15.0,0.6,12.0,0.62,10.0,0.65,5.0,0.69,50.0,0.14,0.14,618.729289,1776159077000
1776159079.243,79.243,0.41,15.0,0.4,12.0,0.38,10.0,0.35,5.0,0.31,50.0,0.55,5.0,0.56,5.0,0.61,50.0,0.62,10.0,0.63,5.0,0.45,5.0,0.44,5.0,0.39,50.0,0.38,10.0,0.37,5.0,0.59,15.0,0.6,12.0,0.62,10.0,0.65,5.0,0.69,50.0,0.14,0.14,618.725,1776159078000
1776159080.326,80.326,0.41,15.0,0.4,12.0,0.38,10.0,0.35,5.0,0.31,50.0,0.55,5.0,0.56,5.0,0.61,50.0,0.62,10.0,0.63,5.0,0.45,5.0,0.44,5.0,0.39,50.0,0.38,10.0,0.37,5.0,0.59,15.0,0.6,12.0,0.62,10.0,0.65,5.0,0.69,50.0,0.14,0.14,618.714,1776159079000
1776159081.443,81.443,0.41,15.0,0.4,12.0,0.38,10.0,0.35,5.0,0.31,50.0,0.55,5.0,0.56,5.0,0.61,50.0,0.62,10.0,0.63,5.0,0.45,5.0,0.44,5.0,0.39,50.0,0.38,10.0,0.37,5.0,0.59,15.0,0.6,12.0,0.62,10.0,0.65,5.0,0.69,50.0,0.14,0.14,618.72,1776159080000
1776159082.067,82.067,0.41,15.0,0.4,12.0,0.38,10.0,0.35,5.0,0.31,50.0,0.55,5.0,0.56,5.0,0.61,50.0,0.62,10.0,0.63,5.0,0.45,5.0,0.44,5.0,0.39,50.0,0.38,10.0,0.37,5.0,0.59,15.0,0.6,12.0,0.62,10.0,0.65,5.0,0.69,50.0,0.14,0.14,618.72,1776159081000
1776159083.286,83.286,0.41,15.0,0.4,12.0,0.38,10.0,0.35,5.0,0.31,50.0,0.55,5.0,0.56,5.0,0.61,50.0,0.62,10.0,0.63,5.0,0.45,5.0,0.44,5.0,0.39,50.0,0.38,10.0,0.37,5.0,0.59,15.0,0.6,12.0,0.62,10.0,0.65,5.0,0.69,50.0,0.14,0.14,618.720937,1776159082000
1776159084.04,84.04,0.55,42.5,0.54,10.5,0.53,10.4,0.52,10.4,0.51,60.4,0.6,5.0,0.74,23.5,0.75,13.9,0.76,19.3,0.77,40.7,0.45,5.0,0.44,5.0,0.39,50.0,0.38,10.0,0.37,5.0,0.59,15.0,0.6,12.0,0.62,10.0,0.65,5.0,0.69,50.0,0.05,0.14,618.720937,1776159082000
1776159084.357,84.357,0.55,42.5,0.54,10.5,0.53,10.4,0.52,10.4,0.51,60.4,0.6,5.0,0.74,23.5,0.75,13.9,0.76,19.3,0.77,40.7,0.4,5.0,0.26,23.5,0.25,13.9,0.24,19.3,0.23,40.7,0.45,42.5,0.46,10.5,0.47,10.4,0.48,10.4,0.49,60.4,0.05,0.05,618.77,1776159083000
1776159085.388,85.388,0.58,38.7,0.57,15.6,0.56,10.6,0.55,10.5,0.54,10.5,0.72,5.0,0.74,5.0,0.75,23.9,0.76,14.3,0.77,14.7,0.4,5.0,0.26,23.5,0.25,13.9,0.24,19.3,0.23,40.7,0.45,42.5,0.46,10.5,0.47,10.4,0.48,10.4,0.49,60.4,0.14,0.05,618.77,1776159083000
1776159085.998,85.998,0.58,38.7,0.57,15.6,0.56,10.6,0.55,10.5,0.54,10.5,0.72,5.0,0.74,5.0,0.75,23.9,0.76,14.3,0.77,14.7,0.28,5.0,0.26,5.0,0.25,23.9,0.24,14.3,0.23,14.7,0.42,38.7,0.43,15.6,0.44,10.6,0.45,10.5,0.46,10.5,0.14,0.14,618.813378,1776159085000
1776159087.179,87.179,0.58,38.7,0.57,15.6,0.56,10.6,0.55,10.5,0.54,10.5,0.72,5.0,0.74,5.0,0.75,23.9,0.76,14.3,0.77,14.7,0.28,5.0,0.26,5.0,0.25,23.9,0.24,14.3,0.23,14.7,0.42,38.7,0.43,15.6,0.44,10.6,0.45,10.5,0.46,10.5,0.14,0.14,618.813378,1776159086000
1776159088.349,88.349,0.58,38.7,0.57,15.6,0.56,10.6,0.55,10.5,0.54,10.5,0.72,5.0,0.74,5.0,0.75,23.9,0.76,14.3,0.77,14.7,0.28,5.0,0.26,5.0,0.25,23.9,0.24,14.3,0.23,14.7,0.42,38.7,0.43,15.6,0.44,10.6,0.45,10.5,0.46,10.5,0.14,0.14,618.836873,1776159087000
1776159089.471,89.471,0.58,38.7,0.57,15.6,0.56,10.6,0.55,10.5,0.54,10.5,0.72,5.0,0.74,5.0,0.75,23.9,0.76,14.3,0.77,14.7,0.28,5.0,0.26,5.0,0.25,23.9,0.24,14.3,0.23,14.7,0.42,38.7,0.43,15.6,0.44,10.6,0.45,10.5,0.46,10.5,0.14,0.14,618.900693,1776159088000
1776159090.583,90.583,0.58,38.7,0.57,15.6,0.56,10.6,0.55,10.5,0.54,10.5,0.72,5.0,0.74,5.0,0.75,23.9,0.76,14.3,0.77,14.7,0.28,5.0,0.26,5.0,0.25,23.9,0.24,14.3,0.23,14.7,0.42,38.7,0.43,15.6,0.44,10.6,0.45,10.5,0.46,10.5,0.14,0.14,618.900693,1776159089000
1776159091.618,91.618,0.58,38.7,0.57,15.6,0.56,10.6,0.55,10.5,0.54,10.5,0.72,5.0,0.74,5.0,0.75,23.9,0.76,14.3,0.77,14.7,0.28,5.0,0.26,5.0,0.25,23.9,0.24,14.3,0.23,14.7,0.42,38.7,0.43,15.6,0.44,10.6,0.45,10.5,0.46,10.5,0.14,0.14,618.901,1776159090000
1776159092.331,92.331,0.58,38.7,0.57,15.6,0.56,10.6,0.55,10.5,0.54,10.5,0.72,5.0,0.74,5.0,0.75,23.9,0.76,14.3,0.77,14.7,0.28,5.0,0.26,5.0,0.25,23.9,0.24,14.3,0.23,14.7,0.42,38.7,0.43,15.6,0.44,10.6,0.45,10.5,0.46,10.5,0.14,0.14,618.905,1776159091000
1776159093.156,93.156,0.58,38.7,0.57,15.6,0.56,10.6,0.55,10.5,0.54,10.5,0.72,5.0,0.74,5.0,0.75,23.9,0.76,14.3,0.77,14.7,0.28,5.0,0.26,5.0,0.25,23.9,0.24,14.3,0.23,14.7,0.42,38.7,0.43,15.6,0.44,10.6,0.45,10.5,0.46,10.5,0.14,0.14,618.905,1776159092000
1776159094.487,94.487,0.58,38.7,0.57,15.6,0.56,10.6,0.55,10.5,0.54,10.5,0.72,5.0,0.74,5.0,0.75,23.9,0.76,14.3,0.77,14.7,0.28,5.0,0.26,5.0,0.25,23.9,0.24,14.3,0.23,14.7,0.42,38.7,0.43,15.6,0.44,10.6,0.45,10.5,0.46,10.5,0.14,0.14,618.942155,1776159093000
1776159095.275,95.275,0.58,38.7,0.57,15.6,0.56,10.6,0.55,10.5,0.54,10.5,0.72,5.0,0.74,5.0,0.75,23.9,0.76,14.3,0.77,14.7,0.28,5.0,0.26,5.0,0.25,23.9,0.24,14.3,0.23,14.7,0.42,38.7,0.43,15.6,0.44,10.6,0.45,10.5,0.46,10.5,0.14,0.14,618.967202,1776159094000
1776159096.697,96.697,0.58,38.7,0.57,15.6,0.56,10.6,0.55,10.5,0.54,10.5,0.72,5.0,0.74,5.0,0.75,23.9,0.76,14.3,0.77,14.7,0.28,5.0,0.26,5.0,0.25,23.9,0.24,14.3,0.23,14.7,0.42,38.7,0.43,15.6,0.44,10.6,0.45,10.5,0.46,10.5,0.14,0.14,619.027352,1776159095000
1776159097.372,97.372,0.58,38.7,0.57,15.6,0.56,10.6,0.55,10.5,0.54,10.5,0.72,5.0,0.74,5.0,0.75,23.9,0.76,14.3,0.77,14.7,0.28,5.0,0.26,5.0,0.25,23.9,0.24,14.3,0.23,14.7,0.42,38.7,0.43,15.6,0.44,10.6,0.45,10.5,0.46,10.5,0.14,0.14,619.027352,1776159096000
1776159098.223,98.223,0.79,1.55,0.74,43.5,0.73,13.2,0.72,12.9,0.71,19.6,0.85,20.39,0.86,21.6,0.87,23.0,0.88,29.6,0.89,36.6,0.15,20.39,0.14,21.6,0.13,23.0,0.12,29.6,0.11,36.6,0.21,1.55,0.26,43.5,0.27,13.2,0.28,12.9,0.29,19.6,0.06,0.06,619.015077,1776159097000
1776159099.604,99.604,0.79,1.55,0.74,43.5,0.73,13.2,0.72,12.9,0.71,19.6,0.85,20.39,0.86,21.6,0.87,23.0,0.88,29.6,0.89,36.6,0.15,20.39,0.14,21.6,0.13,23.0,0.12,29.6,0.11,36.6,0.21,1.55,0.26,43.5,0.27,13.2,0.28,12.9,0.29,19.6,0.06,0.06,619.01736,1776159098000
1776159100.273,100.273,0.79,1.55,0.74,43.5,0.73,13.2,0.72,12.9,0.71,19.6,0.85,20.39,0.86,21.6,0.87,23.0,0.88,29.6,0.89,36.6,0.15,20.39,0.14,21.6,0.13,23.0,0.12,29.6,0.11,36.6,0.21,1.55,0.26,43.5,0.27,13.2,0.28,12.9,0.29,19.6,0.06,0.06,619.0184,1776159099000
1776159101.05,101.05,0.79,1.55,0.74,43.5,0.73,13.2,0.72,12.9,0.71,19.6,0.85,20.39,0.86,21.6,0.87,23.0,0.88,29.6,0.89,36.6,0.15,20.39,0.14,21.6,0.13,23.0,0.12,29.6,0.11,36.6,0.21,1.55,0.26,43.5,0.27,13.2,0.28,12.9,0.29,19.6,0.06,0.06,619.019893,1776159100000
1776159102.557,102.557,0.79,1.55,0.74,43.5,0.73,13.2,0.72,12.9,0.71,19.6,0.85,20.39,0.86,21.6,0.87,23.0,0.88,29.6,0.89,36.6,0.15,20.39,0.14,21.6,0.13,23.0,0.12,29.6,0.11,36.6,0.21,1.55,0.26,43.5,0.27,13.2,0.28,12.9,0.29,19.6,0.06,0.06,619.0208,1776159101000
1776159103.264,103.264,0.79,1.55,0.74,43.5,0.73,13.2,0.72,12.9,0.71,19.6,0.85,20.39,0.86,21.6,0.87,23.0,0.88,29.6,0.89,36.6,0.15,20.39,0.14,21.6,0.13,23.0,0.12,29.6,0.11,36.6,0.21,1.55,0.26,43.5,0.27,13.2,0.28,12.9,0.29,19.6,0.06,0.06,619.003736,1776159102000
1776159104.779,104.779,0.79,1.55,0.74,43.5,0.73,13.2,0.72,12.9,0.71,19.6,0.85,20.39,0.86,21.6,0.87,23.0,0.88,29.6,0.89,36.6,0.15,20.39,0.14,21.6,0.13,23.0,0.12,29.6,0.11,36.6,0.21,1.55,0.26,43.5,0.27,13.2,0.28,12.9,0.29,19.6,0.06,0.06,619.02019,1776159103000
1776159105.585,105.585,0.79,1.55,0.74,43.5,0.73,13.2,0.72,12.9,0.71,19.6,0.85,20.39,0.86,21.6,0.87,23.0,0.88,29.6,0.89,36.6,0.15,20.39,0.14,21.6,0.13,23.0,0.12,29.6,0.11,36.6,0.21,1.55,0.26,43.5,0.27,13.2,0.28,12.9,0.29,19.6,0.06,0.06,619.02021,1776159104000
1776159106.353,106.353,0.79,1.55,0.74,43.5,0.73,13.2,0.72,12.9,0.71,19.6,0.85,20.39,0.86,21.6,0.87,23.0,0.88,29.6,0.89,36.6,0.15,20.39,0.14,21.6,0.13,23.0,0.12,29.6,0.11,36.6,0.21,1.55,0.26,43.5,0.27,13.2,0.28,12.9,0.29,19.6,0.06,0.06,619.02452,1776159105000
1776159106.606,106.606,0.81,22.0,0.79,1.55,0.75,18.9,0.74,13.5,0.73,13.2,0.85,20.39,0.86,21.6,0.87,23.0,0.88,29.6,0.89,26.6,0.15,20.39,0.14,21.6,0.13,23.0,0.12,29.6,0.11,36.6,0.21,1.55,0.26,43.5,0.27,13.2,0.28,12.9,0.29,19.6,0.04,0.06,619.02452,1776159105000
1776159107.109,107.109,0.81,22.0,0.79,1.55,0.75,18.9,0.74,13.5,0.73,13.2,0.85,20.39,0.86,21.6,0.87,23.0,0.88,29.6,0.89,26.6,0.15,20.39,0.14,21.6,0.13,23.0,0.12,29.6,0.11,26.6,0.19,22.0,0.21,1.55,0.25,18.9,0.26,13.5,0.27,13.2,0.04,0.04,619.02452,1776159106000
1776159108.956,108.956,0.81,22.0,0.79,1.55,0.75,18.9,0.74,13.5,0.73,13.2,0.85,20.39,0.86,21.6,0.87,23.0,0.88,29.6,0.89,26.6,0.15,20.39,0.14,21.6,0.13,23.0,0.12,29.6,0.11,26.6,0.19,22.0,0.21,1.55,0.25,18.9,0.26,13.5,0.27,13.2,0.04,0.04,619.024,1776159107000
1776159109.454,109.454,0.81,22.0,0.79,1.55,0.75,18.9,0.74,13.5,0.73,13.2,0.85,20.39,0.86,21.6,0.87,23.0,0.88,29.6,0.89,26.6,0.15,20.39,0.14,21.6,0.13,23.0,0.12,29.6,0.11,26.6,0.19,22.0,0.21,1.55,0.25,18.9,0.26,13.5,0.27,13.2,0.04,0.04,619.02393,1776159108000
1776159110.053,110.053,0.81,22.0,0.79,1.55,0.75,18.9,0.74,13.5,0.73,13.2,0.85,20.39,0.86,21.6,0.87,23.0,0.88,29.6,0.89,26.6,0.15,20.39,0.14,21.6,0.13,23.0,0.12,29.6,0.11,26.6,0.19,22.0,0.21,1.55,0.25,18.9,0.26,13.5,0.27,13.2,0.04,0.04,619.02422,1776159109000
1776159111.117,111.117,0.81,22.0,0.79,1.55,0.75,18.9,0.74,13.5,0.73,13.2,0.85,20.39,0.86,21.6,0.87,23.0,0.88,29.6,0.89,26.6,0.15,20.39,0.14,21.6,0.13,23.0,0.12,29.6,0.11,26.6,0.19,22.0,0.21,1.55,0.25,18.9,0.26,13.5,0.27,13.2,0.04,0.04,619.024,1776159110000
1776159112.385,112.385,0.81,22.0,0.79,1.55,0.75,18.9,0.74,13.5,0.73,13.2,0.85,20.39,0.86,21.6,0.87,23.0,0.88,29.6,0.89,26.6,0.15,20.39,0.14,21.6,0.13,23.0,0.12,29.6,0.11,26.6,0.19,22.0,0.21,1.55,0.25,18.9,0.26,13.5,0.27,13.2,0.04,0.04,619.01323,1776159111000
1776159113.553,113.553,0.81,22.0,0.79,1.55,0.75,18.9,0.74,13.5,0.73,13.2,0.85,20.39,0.86,21.6,0.87,23.0,0.88,29.6,0.89,26.6,0.15,20.39,0.14,21.6,0.13,23.0,0.12,29.6,0.11,26.6,0.19,22.0,0.21,1.55,0.25,18.9,0.26,13.5,0.27,13.2,0.04,0.04,618.988059,1776159112000
1776159114.262,114.262,0.81,22.0,0.79,1.55,0.75,18.9,0.74,13.5,0.73,13.2,0.85,20.39,0.86,21.6,0.87,23.0,0.88,29.6,0.89,26.6,0.15,20.39,0.14,21.6,0.13,23.0,0.12,29.6,0.11,26.6,0.19,22.0,0.21,1.55,0.25,18.9,0.26,13.5,0.27,13.2,0.04,0.04,618.98364,1776159113000
1776159114.921,114.921,0.81,22.0,0.79,1.55,0.75,18.9,0.74,13.5,0.73,13.2,0.85,20.39,0.86,21.6,0.87,23.0,0.88,29.6,0.89,26.6,0.15,20.39,0.14,21.6,0.13,23.0,0.12,29.6,0.11,26.6,0.19,22.0,0.21,1.55,0.25,18.9,0.26,13.5,0.27,13.2,0.04,0.04,618.98364,1776159114000
1776159116.453,116.453,0.81,22.0,0.79,1.55,0.75,18.9,0.74,13.5,0.73,13.2,0.85,20.39,0.86,21.6,0.87,23.0,0.88,29.6,0.89,26.6,0.15,20.39,0.14,21.6,0.13,23.0,0.12,29.6,0.11,26.6,0.19,22.0,0.21,1.55,0.25,18.9,0.26,13.5,0.27,13.2,0.04,0.04,619.02162,1776159115000
1776159117.015,117.015,0.81,22.0,0.79,1.55,0.75,18.9,0.74,13.5,0.73,13.2,0.85,20.39,0.86,21.6,0.87,23.0,0.88,29.6,0.89,26.6,0.15,20.39,0.14,21.6,0.13,23.0,0.12,29.6,0.11,26.6,0.19,22.0,0.21,1.55,0.25,18.9,0.26,13.5,0.27,13.2,0.04,0.04,619.01605,1776159116000
1776159117.49,117.49,0.84,5.0,0.81,20.0,0.79,1.55,0.77,14.7,0.76,14.3,0.87,7.65,0.88,24.6,0.89,31.6,0.9,28.9,0.91,36.7,0.15,20.39,0.14,21.6,0.13,23.0,0.12,29.6,0.11,26.6,0.19,22.0,0.21,1.55,0.25,18.9,0.26,13.5,0.27,13.2,0.03,0.04,619.01605,1776159116000
1776159118.094,118.094,0.84,5.0,0.81,20.0,0.79,1.55,0.77,14.7,0.76,14.3,0.87,7.65,0.88,24.6,0.89,31.6,0.9,28.9,0.91,36.7,0.13,7.65,0.12,24.6,0.11,31.6,0.1,28.9,0.09,36.7,0.16,5.0,0.19,20.0,0.21,1.55,0.23,14.7,0.24,14.3,0.03,0.03,618.99769,1776159117000
1776159119.195,119.195,0.84,5.0,0.81,20.0,0.79,1.55,0.77,14.7,0.76,14.3,0.87,7.65,0.88,24.6,0.89,31.6,0.9,28.9,0.91,36.7,0.13,7.65,0.12,24.6,0.11,31.6,0.1,28.9,0.09,36.7,0.16,5.0,0.19,20.0,0.21,1.55,0.23,14.7,0.24,14.3,0.03,0.03,619.03435,1776159118000
1776159120.291,120.291,0.84,5.0,0.81,20.0,0.79,1.55,0.77,14.7,0.76,14.3,0.87,7.65,0.88,24.6,0.89,31.6,0.9,28.9,0.91,36.7,0.13,7.65,0.12,24.6,0.11,31.6,0.1,28.9,0.09,36.7,0.16,5.0,0.19,20.0,0.21,1.55,0.23,14.7,0.24,14.3,0.03,0.03,619.01616,1776159119000
1776159121.364,121.364,0.84,5.0,0.81,20.0,0.79,1.55,0.77,14.7,0.76,14.3,0.87,7.65,0.88,24.6,0.89,31.6,0.9,28.9,0.91,36.7,0.13,7.65,0.12,24.6,0.11,31.6,0.1,28.9,0.09,36.7,0.16,5.0,0.19,20.0,0.21,1.55,0.23,14.7,0.24,14.3,0.03,0.03,619.02067,1776159120000
1776159122.015,122.015,0.84,5.0,0.81,20.0,0.79,1.55,0.77,14.7,0.76,14.3,0.87,7.65,0.88,24.6,0.89,31.6,0.9,28.9,0.91,36.7,0.13,7.65,0.12,24.6,0.11,31.6,0.1,28.9,0.09,36.7,0.16,5.0,0.19,20.0,0.21,1.55,0.23,14.7,0.24,14.3,0.03,0.03,619.02121,1776159121000
1776159123.045,123.045,0.84,5.0,0.81,20.0,0.79,1.55,0.77,14.7,0.76,14.3,0.87,7.65,0.88,24.6,0.89,31.6,0.9,28.9,0.91,36.7,0.13,7.65,0.12,24.6,0.11,31.6,0.1,28.9,0.09,36.7,0.16,5.0,0.19,20.0,0.21,1.55,0.23,14.7,0.24,14.3,0.03,0.03,619.01595,1776159122000
1776159124.136,124.136,0.84,5.0,0.81,20.0,0.79,1.55,0.77,14.7,0.76,14.3,0.87,7.65,0.88,24.6,0.89,31.6,0.9,28.9,0.91,36.7,0.13,7.65,0.12,24.6,0.11,31.6,0.1,28.9,0.09,36.7,0.16,5.0,0.19,20.0,0.21,1.55,0.23,14.7,0.24,14.3,0.03,0.03,619.01587,1776159123000
1776159125.791,125.791,0.84,5.0,0.81,20.0,0.79,1.55,0.77,14.7,0.76,14.3,0.87,7.65,0.88,24.6,0.89,31.6,0.9,28.9,0.91,36.7,0.13,7.65,0.12,24.6,0.11,31.6,0.1,28.9,0.09,36.7,0.16,5.0,0.19,20.0,0.21,1.55,0.23,14.7,0.24,14.3,0.03,0.03,619.04509,1776159124000
1776159126.49,126.49,0.84,5.0,0.81,20.0,0.79,1.55,0.77,14.7,0.76,14.3,0.87,7.65,0.88,24.6,0.89,31.6,0.9,28.9,0.91,36.7,0.13,7.65,0.12,24.6,0.11,31.6,0.1,28.9,0.09,36.7,0.16,5.0,0.19,20.0,0.21,1.55,0.23,14.7,0.24,14.3,0.03,0.03,619.03747,1776159125000
1776159127.148,127.148,0.84,5.0,0.81,20.0,0.79,1.55,0.77,14.7,0.76,14.3,0.87,7.65,0.88,24.6,0.89,31.6,0.9,28.9,0.91,36.7,0.13,7.65,0.12,24.6,0.11,31.6,0.1,28.9,0.09,36.7,0.16,5.0,0.19,20.0,0.21,1.55,0.23,14.7,0.24,14.3,0.03,0.03,619.04378,1776159126000
1776159128.508,128.508,0.84,5.0,0.81,20.0,0.79,1.55,0.77,14.7,0.76,14.3,0.87,7.65,0.88,24.6,0.89,31.6,0.9,28.9,0.91,36.7,0.13,7.65,0.12,24.6,0.11,31.6,0.1,28.9,0.09,36.7,0.16,5.0,0.19,20.0,0.21,1.55,0.23,14.7,0.24,14.3,0.03,0.03,619.04766,1776159127000
1776159129.326,129.326,0.84,5.0,0.81,20.0,0.79,1.55,0.77,14.7,0.76,14.3,0.87,7.65,0.88,24.6,0.89,31.6,0.9,28.9,0.91,36.7,0.13,7.65,0.12,24.6,0.11,31.6,0.1,28.9,0.09,36.7,0.16,5.0,0.19,20.0,0.21,1.55,0.23,14.7,0.24,14.3,0.03,0.03,619.04727,1776159128000
1776159130.39,130.39,0.84,5.0,0.81,20.0,0.79,1.55,0.77,14.7,0.76,14.3,0.87,7.65,0.88,24.6,0.89,31.6,0.9,28.9,0.91,36.7,0.13,7.65,0.12,24.6,0.11,31.6,0.1,28.9,0.09,36.7,0.16,5.0,0.19,20.0,0.21,1.55,0.23,14.7,0.24,14.3,0.03,0.03,619.045175,1776159129000
1776159131.007,131.007,0.84,5.0,0.81,20.0,0.79,1.55,0.77,14.7,0.76,14.3,0.87,7.65,0.88,24.6,0.89,31.6,0.9,28.9,0.91,36.7,0.13,7.65,0.12,24.6,0.11,31.6,0.1,28.9,0.09,36.7,0.16,5.0,0.19,20.0,0.21,1.55,0.23,14.7,0.24,14.3,0.03,0.03,619.050611,1776159130000
1776159132.164,132.164,0.84,5.0,0.81,20.0,0.79,1.55,0.77,14.7,0.76,14.3,0.87,7.65,0.88,24.6,0.89,31.6,0.9,28.9,0.91,36.7,0.13,7.65,0.12,24.6,0.11,31.6,0.1,28.9,0.09,36.7,0.16,5.0,0.19,20.0,0.21,1.55,0.23,14.7,0.24,14.3,0.03,0.03,619.055697,1776159131000
1776159132.925,132.925,0.86,6.6,0.85,20.39,0.84,19.3,0.83,18.39,0.82,17.6,0.93,39.9,0.94,46.1,0.95,59.7,0.96,67.7,0.97,94.3,0.13,7.65,0.12,24.6,0.11,31.6,0.1,28.9,0.09,36.7,0.16,5.0,0.19,20.0,0.21,1.55,0.23,14.7,0.24,14.3,0.07,0.03,619.055697,1776159131000
1776159133.609,133.609,0.86,6.6,0.85,20.39,0.84,19.3,0.83,18.39,0.82,17.6,0.93,39.9,0.94,46.1,0.95,59.7,0.96,67.7,0.97,94.3,0.07,39.9,0.06,46.1,0.05,59.7,0.04,67.7,0.03,94.3,0.14,6.6,0.15,20.39,0.16,19.3,0.17,18.39,0.18,17.6,0.07,0.07,619.05586,1776159132000
1776159134.275,134.275,0.86,6.6,0.85,20.39,0.84,19.3,0.83,18.39,0.82,17.6,0.93,39.9,0.94,46.1,0.95,59.7,0.96,67.7,0.97,94.3,0.07,39.9,0.06,46.1,0.05,59.7,0.04,67.7,0.03,94.3,0.14,6.6,0.15,20.39,0.16,19.3,0.17,18.39,0.18,17.6,0.07,0.07,619.07063,1776159133000
1776159135.496,135.496,0.86,6.6,0.85,20.39,0.84,19.3,0.83,18.39,0.82,17.6,0.93,39.9,0.94,46.1,0.95,59.7,0.96,67.7,0.97,94.3,0.07,39.9,0.06,46.1,0.05,59.7,0.04,67.7,0.03,94.3,0.14,6.6,0.15,20.39,0.16,19.3,0.17,18.39,0.18,17.6,0.07,0.07,619.114,1776159134000
1776159136.352,136.352,0.86,6.6,0.85,20.39,0.84,19.3,0.83,18.39,0.82,17.6,0.93,39.9,0.94,46.1,0.95,59.7,0.96,67.7,0.97,94.3,0.07,39.9,0.06,46.1,0.05,59.7,0.04,67.7,0.03,94.3,0.14,6.6,0.15,20.39,0.16,19.3,0.17,18.39,0.18,17.6,0.07,0.07,619.08,1776159135000
1776159137.001,137.001,0.86,6.6,0.85,20.39,0.84,19.3,0.83,18.39,0.82,17.6,0.93,39.9,0.94,46.1,0.95,59.7,0.96,67.7,0.97,94.3,0.07,39.9,0.06,46.1,0.05,59.7,0.04,67.7,0.03,94.3,0.14,6.6,0.15,20.39,0.16,19.3,0.17,18.39,0.18,17.6,0.07,0.07,619.08,1776159136000
1776159138.24,138.24,0.86,6.6,0.85,20.39,0.84,19.3,0.83,18.39,0.82,17.6,0.93,39.9,0.94,46.1,0.95,59.7,0.96,67.7,0.97,94.3,0.07,39.9,0.06,46.1,0.05,59.7,0.04,67.7,0.03,94.3,0.14,6.6,0.15,20.39,0.16,19.3,0.17,18.39,0.18,17.6,0.07,0.07,619.073,1776159137000
1776159139.712,139.712,0.86,6.6,0.85,20.39,0.84,19.3,0.83,18.39,0.82,17.6,0.93,39.9,0.94,46.1,0.95,59.7,0.96,67.7,0.97,94.3,0.07,39.9,0.06,46.1,0.05,59.7,0.04,67.7,0.03,94.3,0.14,6.6,0.15,20.39,0.16,19.3,0.17,18.39,0.18,17.6,0.07,0.07,619.07,1776159138000
1776159140.29,140.29,0.86,6.6,0.85,20.39,0.84,19.3,0.83,18.39,0.82,17.6,0.93,39.9,0.94,46.1,0.95,59.7,0.96,67.7,0.97,94.3,0.07,39.9,0.06,46.1,0.05,59.7,0.04,67.7,0.03,94.3,0.14,6.6,0.15,20.39,0.16,19.3,0.17,18.39,0.18,17.6,0.07,0.07,619.081,1776159139000
1776159141.601,141.601,0.86,6.6,0.85,20.39,0.84,19.3,0.83,18.39,0.82,17.6,0.93,39.9,0.94,46.1,0.95,59.7,0.96,67.7,0.97,94.3,0.07,39.9,0.06,46.1,0.05,59.7,0.04,67.7,0.03,94.3,0.14,6.6,0.15,20.39,0.16,19.3,0.17,18.39,0.18,17.6,0.07,0.07,619.078,1776159140000
1776159142.098,142.098,0.86,6.6,0.85,20.39,0.84,19.3,0.83,18.39,0.82,17.6,0.93,39.9,0.94,46.1,0.95,59.7,0.96,67.7,0.97,94.3,0.07,39.9,0.06,46.1,0.05,59.7,0.04,67.7,0.03,94.3,0.14,6.6,0.15,20.39,0.16,19.3,0.17,18.39,0.18,17.6,0.07,0.07,619.083432,1776159141000
1776159143.172,143.172,0.86,6.6,0.85,20.39,0.84,19.3,0.83,18.39,0.82,17.6,0.93,39.9,0.94,46.1,0.95,59.7,0.96,67.7,0.97,94.3,0.07,39.9,0.06,46.1,0.05,59.7,0.04,67.7,0.03,94.3,0.14,6.6,0.15,20.39,0.16,19.3,0.17,18.39,0.18,17.6,0.07,0.07,619.084271,1776159142000
1776159144.38,144.38,0.86,6.6,0.85,20.39,0.84,19.3,0.83,18.39,0.82,17.6,0.93,39.9,0.94,46.1,0.95,59.7,0.96,67.7,0.97,94.3,0.07,39.9,0.06,46.1,0.05,59.7,0.04,67.7,0.03,94.3,0.14,6.6,0.15,20.39,0.16,19.3,0.17,18.39,0.18,17.6,0.07,0.07,619.083432,1776159143000
1776159145.125,145.125,0.86,6.6,0.85,20.39,0.84,19.3,0.83,18.39,0.82,17.6,0.93,39.9,0.94,46.1,0.95,59.7,0.96,67.7,0.97,94.3,0.07,39.9,0.06,46.1,0.05,59.7,0.04,67.7,0.03,94.3,0.14,6.6,0.15,20.39,0.16,19.3,0.17,18.39,0.18,17.6,0.07,0.07,619.08,1776159144000
1776159146.209,146.209,0.86,6.6,0.85,20.39,0.84,19.3,0.83,18.39,0.82,17.6,0.93,39.9,0.94,46.1,0.95,59.7,0.96,67.7,0.97,94.3,0.07,39.9,0.06,46.1,0.05,59.7,0.04,67.7,0.03,94.3,0.14,6.6,0.15,20.39,0.16,19.3,0.17,18.39,0.18,17.6,0.07,0.07,619.14269,1776159145000
1776159147.309,147.309,0.86,6.6,0.85,20.39,0.84,19.3,0.83,18.39,0.82,17.6,0.93,39.9,0.94,46.1,0.95,59.7,0.96,67.7,0.97,94.3,0.07,39.9,0.06,46.1,0.05,59.7,0.04,67.7,0.03,94.3,0.14,6.6,0.15,20.39,0.16,19.3,0.17,18.39,0.18,17.6,0.07,0.07,619.15696,1776159146000
1776159148.046,148.046,0.86,6.6,0.85,20.39,0.84,19.3,0.83,18.39,0.82,17.6,0.93,39.9,0.94,46.1,0.95,59.7,0.96,67.7,0.97,94.3,0.07,39.9,0.06,46.1,0.05,59.7,0.04,67.7,0.03,94.3,0.14,6.6,0.15,20.39,0.16,19.3,0.17,18.39,0.18,17.6,0.07,0.07,619.183598,1776159147000
1776159149.464,149.464,0.86,6.6,0.85,20.39,0.84,19.3,0.83,18.39,0.82,17.6,0.93,39.9,0.94,46.1,0.95,59.7,0.96,67.7,0.97,94.3,0.07,39.9,0.06,46.1,0.05,59.7,0.04,67.7,0.03,94.3,0.14,6.6,0.15,20.39,0.16,19.3,0.17,18.39,0.18,17.6,0.07,0.07,619.19,1776159148000
1776159150.041,150.041,0.86,6.6,0.85,20.39,0.84,19.3,0.83,18.39,0.82,17.6,0.93,39.9,0.94,46.1,0.95,59.7,0.96,67.7,0.97,94.3,0.07,39.9,0.06,46.1,0.05,59.7,0.04,67.7,0.03,94.3,0.14,6.6,0.15,20.39,0.16,19.3,0.17,18.39,0.18,17.6,0.07,0.07,619.252433,1776159149000
1776159151.174,151.174,0.86,6.6,0.85,20.39,0.84,19.3,0.83,18.39,0.82,17.6,0.93,39.9,0.94,46.1,0.95,59.7,0.96,67.7,0.97,94.3,0.07,39.9,0.06,46.1,0.05,59.7,0.04,67.7,0.03,94.3,0.14,6.6,0.15,20.39,0.16,19.3,0.17,18.39,0.18,17.6,0.07,0.07,619.255,1776159150000
1776159152.175,152.175,0.86,6.6,0.85,20.39,0.84,19.3,0.83,18.39,0.82,17.6,0.93,39.9,0.94,46.1,0.95,59.7,0.96,67.7,0.97,94.3,0.07,39.9,0.06,46.1,0.05,59.7,0.04,67.7,0.03,94.3,0.14,6.6,0.15,20.39,0.16,19.3,0.17,18.39,0.18,17.6,0.07,0.07,619.337,1776159151000
1776159153.413,153.413,0.86,6.6,0.85,20.39,0.84,19.3,0.83,18.39,0.82,17.6,0.93,39.9,0.94,46.1,0.95,59.7,0.96,67.7,0.97,94.3,0.07,39.9,0.06,46.1,0.05,59.7,0.04,67.7,0.03,94.3,0.14,6.6,0.15,20.39,0.16,19.3,0.17,18.39,0.18,17.6,0.07,0.07,619.35545,1776159152000
1776159154.073,154.073,0.86,6.6,0.85,20.39,0.84,19.3,0.83,18.39,0.82,17.6,0.93,39.9,0.94,46.1,0.95,59.7,0.96,67.7,0.97,94.3,0.07,39.9,0.06,46.1,0.05,59.7,0.04,67.7,0.03,94.3,0.14,6.6,0.15,20.39,0.16,19.3,0.17,18.39,0.18,17.6,0.07,0.07,619.37088,1776159153000
1776159155.219,155.219,0.86,6.6,0.85,20.39,0.84,19.3,0.83,18.39,0.82,17.6,0.93,39.9,0.94,46.1,0.95,59.7,0.96,67.7,0.97,94.3,0.07,39.9,0.06,46.1,0.05,59.7,0.04,67.7,0.03,94.3,0.14,6.6,0.15,20.39,0.16,19.3,0.17,18.39,0.18,17.6,0.07,0.07,619.39548,1776159154000
1776159156.329,156.329,0.86,6.6,0.85,20.39,0.84,19.3,0.83,18.39,0.82,17.6,0.93,39.9,0.94,46.1,0.95,59.7,0.96,67.7,0.97,94.3,0.07,39.9,0.06,46.1,0.05,59.7,0.04,67.7,0.03,94.3,0.14,6.6,0.15,20.39,0.16,19.3,0.17,18.39,0.18,17.6,0.07,0.07,619.39871,1776159155000
1776159157.448,157.448,0.86,6.6,0.85,20.39,0.84,19.3,0.83,18.39,0.82,17.6,0.93,39.9,0.94,46.1,0.95,59.7,0.96,67.7,0.97,94.3,0.07,39.9,0.06,46.1,0.05,59.7,0.04,67.7,0.03,94.3,0.14,6.6,0.15,20.39,0.16,19.3,0.17,18.39,0.18,17.6,0.07,0.07,619.39941,1776159156000
1776159157.907,157.907,0.86,6.6,0.85,20.39,0.84,19.3,0.83,18.39,0.82,17.6,0.93,39.9,0.94,46.1,0.95,59.7,0.96,67.7,0.97,94.3,0.07,39.9,0.06,46.1,0.05,59.7,0.04,67.7,0.03,94.3,0.14,6.6,0.15,20.39,0.16,19.3,0.17,18.39,0.18,17.6,0.07,0.07,619.38706,1776159157000
1776159158.882,158.882,0.86,6.6,0.85,20.39,0.84,19.3,0.83,18.39,0.82,17.6,0.93,39.9,0.94,46.1,0.95,59.7,0.96,67.7,0.97,94.3,0.07,39.9,0.06,46.1,0.05,59.7,0.04,67.7,0.03,94.3,0.14,6.6,0.15,20.39,0.16,19.3,0.17,18.39,0.18,17.6,0.07,0.07,619.38764,1776159158000
1776159160.452,160.452,0.86,6.6,0.85,20.39,0.84,19.3,0.83,18.39,0.82,17.6,0.93,39.9,0.94,46.1,0.95,59.7,0.96,67.7,0.97,94.3,0.07,39.9,0.06,46.1,0.05,59.7,0.04,67.7,0.03,94.3,0.14,6.6,0.15,20.39,0.16,19.3,0.17,18.39,0.18,17.6,0.07,0.07,619.39122,1776159159000
1776159160.874,160.874,0.86,6.6,0.85,20.39,0.84,19.3,0.83,18.39,0.82,17.6,0.93,39.9,0.94,46.1,0.95,59.7,0.96,67.7,0.97,94.3,0.07,39.9,0.06,46.1,0.05,59.7,0.04,67.7,0.03,94.3,0.14,6.6,0.15,20.39,0.16,19.3,0.17,18.39,0.18,17.6,0.07,0.07,619.39122,1776159160000
1776159162.274,162.274,0.86,6.6,0.85,20.39,0.84,19.3,0.83,18.39,0.82,17.6,0.93,39.9,0.94,46.1,0.95,59.7,0.96,67.7,0.97,94.3,0.07,39.9,0.06,46.1,0.05,59.7,0.04,67.7,0.03,94.3,0.14,6.6,0.15,20.39,0.16,19.3,0.17,18.39,0.18,17.6,0.07,0.07,619.34491,1776159161000
1776159163.274,163.274,0.86,6.6,0.85,20.39,0.84,19.3,0.83,18.39,0.82,17.6,0.93,39.9,0.94,46.1,0.95,59.7,0.96,67.7,0.97,94.3,0.07,39.9,0.06,46.1,0.05,59.7,0.04,67.7,0.03,94.3,0.14,6.6,0.15,20.39,0.16,19.3,0.17,18.39,0.18,17.6,0.07,0.07,619.377399,1776159162000
1776159164.209,164.209,0.86,6.6,0.85,20.39,0.84,19.3,0.83,18.39,0.82,17.6,0.93,39.9,0.94,46.1,0.95,59.7,0.96,67.7,0.97,94.3,0.07,39.9,0.06,46.1,0.05,59.7,0.04,67.7,0.03,94.3,0.14,6.6,0.15,20.39,0.16,19.3,0.17,18.39,0.18,17.6,0.07,0.07,619.35672,1776159163000
1776159165.257,165.257,0.86,6.6,0.85,20.39,0.84,19.3,0.83,18.39,0.82,17.6,0.93,39.9,0.94,46.1,0.95,59.7,0.96,67.7,0.97,94.3,0.07,39.9,0.06,46.1,0.05,59.7,0.04,67.7,0.03,94.3,0.14,6.6,0.15,20.39,0.16,19.3,0.17,18.39,0.18,17.6,0.07,0.07,619.33572,1776159164000
1776159166.4,166.4,0.86,6.6,0.85,20.39,0.84,19.3,0.83,18.39,0.82,17.6,0.93,39.9,0.94,46.1,0.95,59.7,0.96,67.7,0.97,94.3,0.07,39.9,0.06,46.1,0.05,59.7,0.04,67.7,0.03,94.3,0.14,6.6,0.15,20.39,0.16,19.3,0.17,18.39,0.18,17.6,0.07,0.07,619.32467,1776159165000
1776159167.312,167.312,0.86,6.6,0.85,20.39,0.84,19.3,0.83,18.39,0.82,17.6,0.93,39.9,0.94,46.1,0.95,59.7,0.96,67.7,0.97,94.3,0.07,39.9,0.06,46.1,0.05,59.7,0.04,67.7,0.03,94.3,0.14,6.6,0.15,20.39,0.16,19.3,0.17,18.39,0.18,17.6,0.07,0.07,619.36559,1776159166000
1776159168.346,168.346,0.86,6.6,0.85,20.39,0.84,19.3,0.83,18.39,0.82,17.6,0.93,39.9,0.94,46.1,0.95,59.7,0.96,67.7,0.97,94.3,0.07,39.9,0.06,46.1,0.05,59.7,0.04,67.7,0.03,94.3,0.14,6.6,0.15,20.39,0.16,19.3,0.17,18.39,0.18,17.6,0.07,0.07,619.36478,1776159167000
1776159169.201,169.201,0.86,6.6,0.85,20.39,0.84,19.3,0.83,18.39,0.82,17.6,0.93,39.9,0.94,46.1,0.95,59.7,0.96,67.7,0.97,94.3,0.07,39.9,0.06,46.1,0.05,59.7,0.04,67.7,0.03,94.3,0.14,6.6,0.15,20.39,0.16,19.3,0.17,18.39,0.18,17.6,0.07,0.07,619.36495,1776159168000
1776159170.104,170.104,0.86,6.6,0.85,20.39,0.84,19.3,0.83,18.39,0.82,17.6,0.93,39.9,0.94,46.1,0.95,59.7,0.96,67.7,0.97,94.3,0.07,39.9,0.06,46.1,0.05,59.7,0.04,67.7,0.03,94.3,0.14,6.6,0.15,20.39,0.16,19.3,0.17,18.39,0.18,17.6,0.07,0.07,619.36226,1776159169000
1776159171.052,171.052,0.86,6.6,0.85,20.39,0.84,19.3,0.83,18.39,0.82,17.6,0.93,39.9,0.94,46.1,0.95,59.7,0.96,67.7,0.97,94.3,0.07,39.9,0.06,46.1,0.05,59.7,0.04,67.7,0.03,94.3,0.14,6.6,0.15,20.39,0.16,19.3,0.17,18.39,0.18,17.6,0.07,0.07,619.38143,1776159170000
1776159172.155,172.155,0.86,6.6,0.85,20.39,0.84,19.3,0.83,18.39,0.82,17.6,0.93,39.9,0.94,46.1,0.95,59.7,0.96,67.7,0.97,94.3,0.07,39.9,0.06,46.1,0.05,59.7,0.04,67.7,0.03,94.3,0.14,6.6,0.15,20.39,0.16,19.3,0.17,18.39,0.18,17.6,0.07,0.07,619.38143,1776159171000
1776159173.035,173.035,0.86,6.6,0.85,20.39,0.84,19.3,0.83,18.39,0.82,17.6,0.93,39.9,0.94,46.1,0.95,59.7,0.96,67.7,0.97,94.3,0.07,39.9,0.06,46.1,0.05,59.7,0.04,67.7,0.03,94.3,0.14,6.6,0.15,20.39,0.16,19.3,0.17,18.39,0.18,17.6,0.07,0.07,619.38131,1776159172000
1776159174.023,174.023,0.86,6.6,0.85,20.39,0.84,19.3,0.83,18.39,0.82,17.6,0.93,39.9,0.94,46.1,0.95,59.7,0.96,67.7,0.97,94.3,0.07,39.9,0.06,46.1,0.05,59.7,0.04,67.7,0.03,94.3,0.14,6.6,0.15,20.39,0.16,19.3,0.17,18.39,0.18,17.6,0.07,0.07,619.37136,1776159173000
1776159174.85,174.85,0.97,89.3,0.96,67.7,0.95,54.7,0.94,46.1,0.93,39.9,0.98,10.97,0.99,276.09,,,,,,,0.07,39.9,0.06,46.1,0.05,59.7,0.04,67.7,0.03,94.3,0.14,6.6,0.15,20.39,0.16,19.3,0.17,18.39,0.18,17.6,0.01,0.07,619.37136,1776159173000
1776159175.516,175.516,0.97,89.3,0.96,67.7,0.95,54.7,0.94,46.1,0.93,39.9,0.98,10.97,0.99,276.09,,,,,,,0.02,10.97,0.01,276.09,,,,,,,0.03,89.3,0.04,67.7,0.05,54.7,0.06,46.1,0.07,39.9,0.01,0.01,619.3818,1776159174000
1776159175.985,175.985,0.97,89.3,0.96,67.7,0.95,54.7,0.94,46.1,0.93,39.9,0.98,10.97,0.99,276.09,,,,,,,0.02,10.97,0.01,276.09,,,,,,,0.03,89.3,0.04,67.7,0.05,54.7,0.06,46.1,0.07,39.9,0.01,0.01,619.34086,1776159175000
1776159177.015,177.015,0.97,89.3,0.96,67.7,0.95,54.7,0.94,46.1,0.93,39.9,0.98,10.97,0.99,276.09,,,,,,,0.02,10.97,0.01,276.09,,,,,,,0.03,89.3,0.04,67.7,0.05,54.7,0.06,46.1,0.07,39.9,0.01,0.01,619.395245,1776159176000
1776159178.142,178.142,0.97,89.3,0.96,67.7,0.95,54.7,0.94,46.1,0.93,39.9,0.98,10.97,0.99,276.09,,,,,,,0.02,10.97,0.01,276.09,,,,,,,0.03,89.3,0.04,67.7,0.05,54.7,0.06,46.1,0.07,39.9,0.01,0.01,619.395879,1776159177000
1776159179.088,179.088,0.97,89.3,0.96,67.7,0.95,54.7,0.94,56.1,0.93,39.9,0.98,1.97,0.99,276.09,,,,,,,0.02,10.97,0.01,276.09,,,,,,,0.03,89.3,0.04,67.7,0.05,54.7,0.06,46.1,0.07,39.9,0.01,0.01,619.395879,1776159177000
1776159179.362,179.362,0.97,89.3,0.96,67.7,0.95,54.7,0.94,56.1,0.93,39.9,0.98,1.97,0.99,276.09,,,,,,,0.02,1.97,0.01,276.09,,,,,,,0.03,89.3,0.04,67.7,0.05,54.7,0.06,56.1,0.07,39.9,0.01,0.01,619.389595,1776159178000
1776159180.316,180.316,0.97,89.3,0.96,67.7,0.95,54.7,0.94,56.1,0.93,39.9,0.98,1.97,0.99,276.09,,,,,,,0.02,1.97,0.01,276.09,,,,,,,0.03,89.3,0.04,67.7,0.05,54.7,0.06,56.1,0.07,39.9,0.01,0.01,619.35923,1776159179000
1776159181.217,181.217,0.97,89.3,0.96,67.7,0.95,54.7,0.94,56.1,0.93,39.9,0.98,1.97,0.99,276.09,,,,,,,0.02,1.97,0.01,276.09,,,,,,,0.03,89.3,0.04,67.7,0.05,54.7,0.06,56.1,0.07,39.9,0.01,0.01,619.35962,1776159180000
1776159182.282,182.282,0.97,89.3,0.96,67.7,0.95,54.7,0.94,56.1,0.93,39.9,0.98,1.97,0.99,276.09,,,,,,,0.02,1.97,0.01,276.09,,,,,,,0.03,89.3,0.04,67.7,0.05,54.7,0.06,56.1,0.07,39.9,0.01,0.01,619.36226,1776159181000
1776159182.645,182.645,0.97,89.3,0.96,67.7,0.95,54.7,0.94,56.1,0.93,39.9,0.99,227.06,,,,,,,,,0.02,1.97,0.01,276.09,,,,,,,0.03,89.3,0.04,67.7,0.05,54.7,0.06,56.1,0.07,39.9,0.02,0.01,619.36226,1776159181000
1776159182.984,182.984,0.98,132.69,0.97,89.3,0.96,67.7,0.95,64.7,0.94,46.1,0.99,80.85,,,,,,,,,0.01,227.06,,,,,,,,,0.03,89.3,0.04,67.7,0.05,54.7,0.06,56.1,0.07,39.9,0.01,0.02,619.36226,1776159181000
1776159183.693,183.693,0.98,132.69,0.97,89.3,0.96,67.7,0.95,64.7,0.94,46.1,0.99,78.82,,,,,,,,,0.01,78.82,,,,,,,,,0.02,132.69,0.03,89.3,0.04,67.7,0.05,64.7,0.06,46.1,0.01,0.01,619.38702,1776159182000
1776159184.107,184.107,0.98,132.69,0.97,89.3,0.96,67.7,0.95,64.7,0.94,46.1,0.99,78.82,,,,,,,,,0.01,78.82,,,,,,,,,0.02,132.69,0.03,89.3,0.04,67.7,0.05,64.7,0.06,46.1,0.01,0.01,619.379506,1776159183000
1776159185.121,185.121,0.98,132.69,0.97,89.3,0.96,67.7,0.95,64.7,0.94,46.1,0.99,78.82,,,,,,,,,0.01,78.82,,,,,,,,,0.02,132.69,0.03,89.3,0.04,67.7,0.05,64.7,0.06,46.1,0.01,0.01,619.37034,1776159184000
1776159186.129,186.129,0.98,132.69,0.97,89.3,0.96,67.7,0.95,64.7,0.94,46.1,0.99,78.82,,,,,,,,,0.01,78.82,,,,,,,,,0.02,132.69,0.03,89.3,0.04,67.7,0.05,64.7,0.06,46.1,0.01,0.01,619.36964,1776159185000
1776159187.113,187.113,0.98,132.69,0.97,89.3,0.96,67.7,0.95,64.7,0.94,46.1,0.99,78.82,,,,,,,,,0.01,78.82,,,,,,,,,0.02,132.69,0.03,89.3,0.04,67.7,0.05,64.7,0.06,46.1,0.01,0.01,619.36949,1776159186000
1776159188.123,188.123,0.98,132.69,0.97,89.3,0.96,67.7,0.95,64.7,0.94,46.1,0.99,78.82,,,,,,,,,0.01,78.82,,,,,,,,,0.02,132.69,0.03,89.3,0.04,67.7,0.05,64.7,0.06,46.1,0.01,0.01,619.3701,1776159187000
1776159189.051,189.051,0.98,132.69,0.97,89.3,0.96,67.7,0.95,64.7,0.94,46.1,0.99,78.82,,,,,,,,,0.01,78.82,,,,,,,,,0.02,132.69,0.03,89.3,0.04,67.7,0.05,64.7,0.06,46.1,0.01,0.01,619.37444,1776159188000
1776159190.061,190.061,0.98,132.69,0.97,89.3,0.96,67.7,0.95,64.7,0.94,46.1,0.99,78.82,,,,,,,,,0.01,78.82,,,,,,,,,0.02,132.69,0.03,89.3,0.04,67.7,0.05,64.7,0.06,46.1,0.01,0.01,619.383494,1776159189000
1776159191.006,191.006,0.98,132.69,0.97,89.3,0.96,67.7,0.95,64.7,0.94,46.1,0.99,78.82,,,,,,,,,0.01,78.82,,,,,,,,,0.02,132.69,0.03,89.3,0.04,67.7,0.05,64.7,0.06,46.1,0.01,0.01,619.37736,1776159190000
1776159192.133,192.133,0.98,132.69,0.97,89.3,0.96,67.7,0.95,64.7,0.94,46.1,0.99,78.82,,,,,,,,,0.01,78.82,,,,,,,,,0.02,132.69,0.03,89.3,0.04,67.7,0.05,64.7,0.06,46.1,0.01,0.01,619.466,1776159191000
1776159193.041,193.041,0.98,132.69,0.97,89.3,0.96,67.7,0.95,64.7,0.94,46.1,0.99,78.82,,,,,,,,,0.01,78.82,,,,,,,,,0.02,132.69,0.03,89.3,0.04,67.7,0.05,64.7,0.06,46.1,0.01,0.01,619.479996,1776159192000
1776159193.941,193.941,0.98,132.69,0.97,89.3,0.96,67.7,0.95,64.7,0.94,46.1,0.99,78.82,,,,,,,,,0.01,78.82,,,,,,,,,0.02,132.69,0.03,89.3,0.04,67.7,0.05,64.7,0.06,46.1,0.01,0.01,619.479996,1776159193000
1776159194.917,194.917,0.98,132.69,0.97,89.3,0.96,67.7,0.95,64.7,0.94,46.1,0.99,78.82,,,,,,,,,0.01,78.82,,,,,,,,,0.02,132.69,0.03,89.3,0.04,67.7,0.05,64.7,0.06,46.1,0.01,0.01,619.478799,1776159194000
1776159195.369,195.369,0.98,132.69,0.97,89.3,0.96,77.7,0.95,54.7,0.94,46.1,0.99,72.82,,,,,,,,,0.01,78.82,,,,,,,,,0.02,132.69,0.03,89.3,0.04,67.7,0.05,64.7,0.06,46.1,0.01,0.01,619.478799,1776159194000
1776159196.271,196.271,0.98,132.69,0.97,89.3,0.96,77.7,0.95,54.7,0.94,46.1,0.99,72.82,,,,,,,,,0.01,72.82,,,,,,,,,0.02,132.69,0.03,89.3,0.04,77.7,0.05,54.7,0.06,46.1,0.01,0.01,619.479511,1776159195000
1776159197.354,197.354,0.98,132.69,0.97,89.3,0.96,77.7,0.95,54.7,0.94,46.1,0.99,72.82,,,,,,,,,0.01,72.82,,,,,,,,,0.02,132.69,0.03,89.3,0.04,77.7,0.05,54.7,0.06,46.1,0.01,0.01,619.470003,1776159196000
1776159198.073,198.073,0.98,132.69,0.97,89.3,0.96,77.7,0.95,54.7,0.94,46.1,0.99,72.82,,,,,,,,,0.01,72.82,,,,,,,,,0.02,132.69,0.03,89.3,0.04,77.7,0.05,54.7,0.06,46.1,0.01,0.01,619.46998,1776159197000
1776159199.139,199.139,0.98,132.69,0.97,89.3,0.96,77.7,0.95,54.7,0.94,46.1,0.99,72.82,,,,,,,,,0.01,72.82,,,,,,,,,0.02,132.69,0.03,89.3,0.04,77.7,0.05,54.7,0.06,46.1,0.01,0.01,619.466169,1776159198000
1776159200.251,200.251,0.98,132.69,0.97,89.3,0.96,77.7,0.95,54.7,0.94,46.1,0.99,72.82,,,,,,,,,0.01,72.82,,,,,,,,,0.02,132.69,0.03,89.3,0.04,77.7,0.05,54.7,0.06,46.1,0.01,0.01,619.467388,1776159199000
1776159201.022,201.022,0.98,132.69,0.97,99.3,0.96,67.7,0.95,54.7,0.94,46.1,0.99,71.8,,,,,,,,,0.01,72.82,,,,,,,,,0.02,132.69,0.03,89.3,0.04,77.7,0.05,54.7,0.06,46.1,0.01,0.01,619.467388,1776159199000
1776159201.278,201.278,0.98,132.69,0.97,99.3,0.96,67.7,0.95,54.7,0.94,46.1,0.99,51.59,,,,,,,,,0.01,71.8,,,,,,,,,0.02,132.69,0.03,99.3,0.04,67.7,0.05,54.7,0.06,46.1,0.01,0.01,619.467388,1776159199000
1776159201.94,201.94,0.98,132.69,0.97,99.3,0.96,67.7,0.95,54.7,0.94,46.1,0.99,51.59,,,,,,,,,0.01,51.59,,,,,,,,,0.02,132.69,0.03,99.3,0.04,67.7,0.05,54.7,0.06,46.1,0.01,0.01,619.50125,1776159201000
1776159203.081,203.081,0.98,132.69,0.97,99.3,0.96,67.7,0.95,54.7,0.94,46.1,0.99,51.59,,,,,,,,,0.01,51.59,,,,,,,,,0.02,132.69,0.03,99.3,0.04,67.7,0.05,54.7,0.06,46.1,0.01,0.01,619.49904,1776159202000
1776159204.062,204.062,0.98,132.69,0.97,99.3,0.96,67.7,0.95,54.7,0.94,46.1,0.99,51.59,,,,,,,,,0.01,51.59,,,,,,,,,0.02,132.69,0.03,99.3,0.04,67.7,0.05,54.7,0.06,46.1,0.01,0.01,619.50582,1776159203000
1776159205.289,205.289,0.98,132.69,0.97,99.3,0.96,67.7,0.95,54.7,0.94,46.1,0.99,51.59,,,,,,,,,0.01,51.59,,,,,,,,,0.02,132.69,0.03,99.3,0.04,67.7,0.05,54.7,0.06,46.1,0.01,0.01,619.49738,1776159204000
1776159206.324,206.324,0.98,132.69,0.97,99.3,0.96,67.7,0.95,54.7,0.94,46.1,0.99,51.59,,,,,,,,,0.01,51.59,,,,,,,,,0.02,132.69,0.03,99.3,0.04,67.7,0.05,54.7,0.06,46.1,0.01,0.01,619.495315,1776159205000
1776159207.476,207.476,0.98,132.69,0.97,99.3,0.96,67.7,0.95,54.7,0.94,46.1,0.99,51.59,,,,,,,,,0.01,51.59,,,,,,,,,0.02,132.69,0.03,99.3,0.04,67.7,0.05,54.7,0.06,46.1,0.01,0.01,619.46629,1776159206000
1776159208.123,208.123,0.98,132.69,0.97,99.3,0.96,67.7,0.95,54.7,0.94,46.1,0.99,51.59,,,,,,,,,0.01,51.59,,,,,,,,,0.02,132.69,0.03,99.3,0.04,67.7,0.05,54.7,0.06,46.1,0.01,0.01,619.46666,1776159207000
1776159209.11,209.11,0.98,132.69,0.97,99.3,0.96,67.7,0.95,54.7,0.94,46.1,0.99,51.59,,,,,,,,,0.01,51.59,,,,,,,,,0.02,132.69,0.03,99.3,0.04,67.7,0.05,54.7,0.06,46.1,0.01,0.01,619.46611,1776159208000
1776159210.629,210.629,0.98,132.69,0.97,99.3,0.96,67.7,0.95,54.7,0.94,46.1,0.99,33.59,,,,,,,,,0.01,51.59,,,,,,,,,0.02,132.69,0.03,99.3,0.04,67.7,0.05,54.7,0.06,46.1,0.01,0.01,619.46611,1776159208000
1776159211.233,211.233,0.98,132.69,0.97,99.3,0.96,67.7,0.95,54.7,0.94,46.1,0.99,33.59,,,,,,,,,0.01,33.59,,,,,,,,,0.02,132.69,0.03,99.3,0.04,67.7,0.05,54.7,0.06,46.1,0.01,0.01,619.464296,1776159210000
1776159212.218,212.218,0.98,132.69,0.97,99.3,0.96,67.7,0.95,54.7,0.94,46.1,0.99,33.59,,,,,,,,,0.01,33.59,,,,,,,,,0.02,132.69,0.03,99.3,0.04,67.7,0.05,54.7,0.06,46.1,0.01,0.01,619.460995,1776159211000
1776159213.176,213.176,0.98,132.69,0.97,99.3,0.96,67.7,0.95,54.7,0.94,46.1,0.99,33.59,,,,,,,,,0.01,33.59,,,,,,,,,0.02,132.69,0.03,99.3,0.04,67.7,0.05,54.7,0.06,46.1,0.01,0.01,619.46084,1776159212000
1776159214.133,214.133,0.98,132.69,0.97,99.3,0.96,67.7,0.95,54.7,0.94,46.1,0.99,33.59,,,,,,,,,0.01,33.59,,,,,,,,,0.02,132.69,0.03,99.3,0.04,67.7,0.05,54.7,0.06,46.1,0.01,0.01,619.43688,1776159213000
1776159215.179,215.179,0.98,132.69,0.97,99.3,0.96,67.7,0.95,54.7,0.94,46.1,0.99,33.59,,,,,,,,,0.01,33.59,,,,,,,,,0.02,132.69,0.03,99.3,0.04,67.7,0.05,54.7,0.06,46.1,0.01,0.01,619.43688,1776159214000
1776159216.067,216.067,0.98,132.69,0.97,99.3,0.96,67.7,0.95,54.7,0.94,46.1,0.99,33.59,,,,,,,,,0.01,33.59,,,,,,,,,0.02,132.69,0.03,99.3,0.04,67.7,0.05,54.7,0.06,46.1,0.01,0.01,619.36763,1776159215000
1776159217.047,217.047,0.98,132.69,0.97,99.3,0.96,67.7,0.95,54.7,0.94,46.1,0.99,33.59,,,,,,,,,0.01,33.59,,,,,,,,,0.02,132.69,0.03,99.3,0.04,67.7,0.05,54.7,0.06,46.1,0.01,0.01,619.359,1776159216000
1776159217.955,217.955,0.98,132.69,0.97,99.3,0.96,67.7,0.95,54.7,0.94,46.1,0.99,33.59,,,,,,,,,0.01,33.59,,,,,,,,,0.02,132.69,0.03,99.3,0.04,67.7,0.05,54.7,0.06,46.1,0.01,0.01,619.364,1776159217000
1776159219.002,219.002,0.98,132.69,0.97,99.3,0.96,67.7,0.95,54.7,0.94,46.1,0.99,33.59,,,,,,,,,0.01,33.59,,,,,,,,,0.02,132.69,0.03,99.3,0.04,67.7,0.05,54.7,0.06,46.1,0.01,0.01,619.364,1776159218000
1776159219.948,219.948,0.98,132.69,0.97,99.3,0.96,67.7,0.95,54.7,0.94,46.1,0.99,33.59,,,,,,,,,0.01,33.59,,,,,,,,,0.02,132.69,0.03,99.3,0.04,67.7,0.05,54.7,0.06,46.1,0.01,0.01,619.361,1776159219000
1776159221.026,221.026,0.98,132.69,0.97,99.3,0.96,67.7,0.95,54.7,0.94,46.1,0.99,33.59,,,,,,,,,0.01,33.59,,,,,,,,,0.02,132.69,0.03,99.3,0.04,67.7,0.05,54.7,0.06,46.1,0.01,0.01,619.35284,1776159220000
1776159222.045,222.045,0.98,132.69,0.97,99.3,0.96,67.7,0.95,54.7,0.94,46.1,0.99,33.59,,,,,,,,,0.01,33.59,,,,,,,,,0.02,132.69,0.03,99.3,0.04,67.7,0.05,54.7,0.06,46.1,0.01,0.01,619.33976,1776159221000
1776159223.365,223.365,0.98,132.69,0.97,99.3,0.96,67.7,0.95,54.7,0.94,46.1,0.99,33.59,,,,,,,,,0.01,33.59,,,,,,,,,0.02,132.69,0.03,99.3,0.04,67.7,0.05,54.7,0.06,46.1,0.01,0.01,619.348837,1776159222000
1776159223.896,223.896,0.98,132.69,0.97,99.3,0.96,67.7,0.95,54.7,0.94,46.1,0.99,33.59,,,,,,,,,0.01,33.59,,,,,,,,,0.02,132.69,0.03,99.3,0.04,67.7,0.05,54.7,0.06,46.1,0.01,0.01,619.36138,1776159223000
1776159225.356,225.356,0.98,132.69,0.97,99.3,0.96,67.7,0.95,54.7,0.94,46.1,0.99,33.59,,,,,,,,,0.01,33.59,,,,,,,,,0.02,132.69,0.03,99.3,0.04,67.7,0.05,54.7,0.06,46.1,0.01,0.01,619.34329,1776159224000
1776159226.05,226.05,0.98,132.69,0.97,99.3,0.96,67.7,0.95,54.7,0.94,46.1,0.99,33.59,,,,,,,,,0.01,33.59,,,,,,,,,0.02,132.69,0.03,99.3,0.04,67.7,0.05,54.7,0.06,46.1,0.01,0.01,619.3325,1776159225000
1776159227.072,227.072,0.98,132.69,0.97,99.3,0.96,67.7,0.95,54.7,0.94,46.1,0.99,33.59,,,,,,,,,0.01,33.59,,,,,,,,,0.02,132.69,0.03,99.3,0.04,67.7,0.05,54.7,0.06,46.1,0.01,0.01,619.33429,1776159226000
1776159228.592,228.592,0.98,132.69,0.97,99.3,0.96,67.7,0.95,54.7,0.94,46.1,0.99,33.59,,,,,,,,,0.01,33.59,,,,,,,,,0.02,132.69,0.03,99.3,0.04,67.7,0.05,54.7,0.06,46.1,0.01,0.01,619.33436,1776159227000
1776159228.918,228.918,0.98,132.69,0.97,89.3,0.96,77.7,0.95,54.7,0.94,46.1,0.99,27.52,,,,,,,,,0.01,33.59,,,,,,,,,0.02,132.69,0.03,99.3,0.04,67.7,0.05,54.7,0.06,46.1,0.01,0.01,619.33436,1776159227000
1776159230.329,230.329,0.98,132.69,0.97,89.3,0.96,77.7,0.95,54.7,0.94,46.1,0.99,27.52,,,,,,,,,0.01,27.52,,,,,,,,,0.02,132.69,0.03,89.3,0.04,77.7,0.05,54.7,0.06,46.1,0.01,0.01,619.30851,1776159229000
1776159231.175,231.175,0.98,132.69,0.97,89.3,0.96,77.7,0.95,54.7,0.94,46.1,0.99,26.5,,,,,,,,,0.01,27.52,,,,,,,,,0.02,132.69,0.03,89.3,0.04,77.7,0.05,54.7,0.06,46.1,0.01,0.01,619.30851,1776159229000
1776159231.441,231.441,0.98,132.69,0.97,89.3,0.96,77.7,0.95,54.7,0.94,46.1,0.99,26.5,,,,,,,,,0.01,26.5,,,,,,,,,0.02,132.69,0.03,89.3,0.04,77.7,0.05,54.7,0.06,46.1,0.01,0.01,619.305,1776159230000
1776159232.047,232.047,0.98,132.69,0.97,89.3,0.96,77.7,0.95,54.7,0.94,46.1,0.99,26.5,,,,,,,,,0.01,26.5,,,,,,,,,0.02,132.69,0.03,89.3,0.04,77.7,0.05,54.7,0.06,46.1,0.01,0.01,619.299,1776159231000
1776159232.564,232.564,0.98,132.69,0.97,89.3,0.96,77.7,0.95,54.7,0.94,46.1,0.99,21.5,,,,,,,,,0.01,26.5,,,,,,,,,0.02,132.69,0.03,89.3,0.04,77.7,0.05,54.7,0.06,46.1,0.01,0.01,619.299,1776159231000
1776159233.239,233.239,0.98,132.69,0.97,89.3,0.96,77.7,0.95,54.7,0.94,46.1,0.99,21.5,,,,,,,,,0.01,21.5,,,,,,,,,0.02,132.69,0.03,89.3,0.04,77.7,0.05,54.7,0.06,46.1,0.01,0.01,619.297,1776159232000
1776159234.32,234.32,0.98,132.69,0.97,89.3,0.96,77.7,0.95,54.7,0.94,46.1,0.99,21.5,,,,,,,,,0.01,21.5,,,,,,,,,0.02,132.69,0.03,89.3,0.04,77.7,0.05,54.7,0.06,46.1,0.01,0.01,619.295,1776159233000
1776159234.991,234.991,0.98,132.69,0.97,89.3,0.96,77.7,0.95,54.7,0.94,46.1,0.99,21.5,,,,,,,,,0.01,21.5,,,,,,,,,0.02,132.69,0.03,89.3,0.04,77.7,0.05,54.7,0.06,46.1,0.01,0.01,619.295,1776159234000
1776159236.129,236.129,0.98,132.69,0.97,89.3,0.96,77.7,0.95,54.7,0.94,46.1,0.99,21.5,,,,,,,,,0.01,21.5,,,,,,,,,0.02,132.69,0.03,89.3,0.04,77.7,0.05,54.7,0.06,46.1,0.01,0.01,619.295,1776159235000
1776159237.276,237.276,0.98,132.69,0.97,89.3,0.96,77.7,0.95,54.7,0.94,46.1,0.99,21.5,,,,,,,,,0.01,21.5,,,,,,,,,0.02,132.69,0.03,89.3,0.04,77.7,0.05,54.7,0.06,46.1,0.01,0.01,619.295,1776159236000
1776159238.912,238.912,0.98,132.69,0.97,89.3,0.96,77.7,0.95,54.7,0.94,46.1,0.99,21.5,,,,,,,,,0.01,21.5,,,,,,,,,0.02,132.69,0.03,89.3,0.04,77.7,0.05,54.7,0.06,46.1,0.01,0.01,619.296,1776159237000
1776159239.404,239.404,0.98,132.69,0.97,89.3,0.96,77.7,0.95,54.7,0.94,46.1,0.99,21.5,,,,,,,,,0.01,21.5,,,,,,,,,0.02,132.69,0.03,89.3,0.04,77.7,0.05,54.7,0.06,46.1,0.01,0.01,619.298,1776159238000
1776159240.214,240.214,0.98,132.69,0.97,89.3,0.96,77.7,0.95,54.7,0.94,46.1,0.99,21.5,,,,,,,,,0.01,21.5,,,,,,,,,0.02,132.69,0.03,89.3,0.04,77.7,0.05,54.7,0.06,46.1,0.01,0.01,619.298,1776159239000
1776159241.489,241.489,0.98,132.69,0.97,89.3,0.96,77.7,0.95,54.7,0.94,46.1,0.99,21.5,,,,,,,,,0.01,21.5,,,,,,,,,0.02,132.69,0.03,89.3,0.04,77.7,0.05,54.7,0.06,46.1,0.01,0.01,619.3,1776159240000
1776159242.054,242.054,0.98,132.69,0.97,89.3,0.96,77.7,0.95,54.7,0.94,46.1,0.99,21.5,,,,,,,,,0.01,21.5,,,,,,,,,0.02,132.69,0.03,89.3,0.04,77.7,0.05,54.7,0.06,46.1,0.01,0.01,619.3,1776159241000
1776159243.088,243.088,0.98,132.69,0.97,89.3,0.96,77.7,0.95,54.7,0.94,46.1,0.99,21.5,,,,,,,,,0.01,21.5,,,,,,,,,0.02,132.69,0.03,89.3,0.04,77.7,0.05,54.7,0.06,46.1,0.01,0.01,619.304,1776159242000
1776159244.196,244.196,0.98,132.69,0.97,89.3,0.96,77.7,0.95,54.7,0.94,46.1,0.99,21.5,,,,,,,,,0.01,21.5,,,,,,,,,0.02,132.69,0.03,89.3,0.04,77.7,0.05,54.7,0.06,46.1,0.01,0.01,619.312,1776159243000
1776159245.457,245.457,0.98,132.69,0.97,89.3,0.96,77.7,0.95,54.7,0.94,46.1,0.99,21.5,,,,,,,,,0.01,21.5,,,,,,,,,0.02,132.69,0.03,89.3,0.04,77.7,0.05,54.7,0.06,46.1,0.01,0.01,619.314,1776159244000
1776159245.763,245.763,0.98,132.69,0.97,119.3,0.96,67.7,0.95,54.7,0.94,46.1,0.99,16.45,,,,,,,,,0.01,21.5,,,,,,,,,0.02,132.69,0.03,89.3,0.04,77.7,0.05,54.7,0.06,46.1,0.01,0.01,619.314,1776159244000
1776159247.07,247.07,0.98,132.69,0.97,119.3,0.96,67.7,0.95,54.7,0.94,46.1,0.99,16.45,,,,,,,,,0.01,16.45,,,,,,,,,0.02,132.69,0.03,119.3,0.04,67.7,0.05,54.7,0.06,46.1,0.01,0.01,619.308,1776159246000
1776159248.118,248.118,0.98,132.69,0.97,119.3,0.96,67.7,0.95,54.7,0.94,46.1,0.99,16.45,,,,,,,,,0.01,16.45,,,,,,,,,0.02,132.69,0.03,119.3,0.04,67.7,0.05,54.7,0.06,46.1,0.01,0.01,619.308,1776159247000
1776159249.373,249.373,0.98,132.69,0.97,119.3,0.96,67.7,0.95,54.7,0.94,46.1,0.99,16.45,,,,,,,,,0.01,16.45,,,,,,,,,0.02,132.69,0.03,119.3,0.04,67.7,0.05,54.7,0.06,46.1,0.01,0.01,619.243609,1776159248000
1776159250.297,250.297,0.98,132.69,0.97,119.3,0.96,67.7,0.95,54.7,0.94,46.1,0.99,16.45,,,,,,,,,0.01,16.45,,,,,,,,,0.02,132.69,0.03,119.3,0.04,67.7,0.05,54.7,0.06,46.1,0.01,0.01,619.22276,1776159249000
1776159251.372,251.372,0.98,132.69,0.97,119.3,0.96,67.7,0.95,54.7,0.94,46.1,0.99,16.45,,,,,,,,,0.01,16.45,,,,,,,,,0.02,132.69,0.03,119.3,0.04,67.7,0.05,54.7,0.06,46.1,0.01,0.01,619.15318,1776159250000
1776159252.376,252.376,0.98,132.69,0.97,119.3,0.96,67.7,0.95,54.7,0.94,46.1,0.99,16.45,,,,,,,,,0.01,16.45,,,,,,,,,0.02,132.69,0.03,119.3,0.04,67.7,0.05,54.7,0.06,46.1,0.01,0.01,619.109702,1776159251000
1776159253.93,253.93,0.98,132.69,0.97,119.3,0.96,67.7,0.95,54.7,0.94,46.1,0.99,16.45,,,,,,,,,0.01,16.45,,,,,,,,,0.02,132.69,0.03,119.3,0.04,67.7,0.05,54.7,0.06,46.1,0.01,0.01,619.09127,1776159252000
1776159254.936,254.936,0.98,132.69,0.97,119.3,0.96,67.7,0.95,54.7,0.94,46.1,0.99,16.45,,,,,,,,,0.01,16.45,,,,,,,,,0.02,132.69,0.03,119.3,0.04,67.7,0.05,54.7,0.06,46.1,0.01,0.01,619.132,1776159253000
1776159255.536,255.536,0.98,132.69,0.97,119.3,0.96,67.7,0.95,54.7,0.94,46.1,0.99,16.45,,,,,,,,,0.01,16.45,,,,,,,,,0.02,132.69,0.03,119.3,0.04,67.7,0.05,54.7,0.06,46.1,0.01,0.01,619.13185,1776159254000
1776159256.355,256.355,0.98,132.69,0.97,119.3,0.96,67.7,0.95,54.7,0.94,46.1,0.99,16.45,,,,,,,,,0.01,16.45,,,,,,,,,0.02,132.69,0.03,119.3,0.04,67.7,0.05,54.7,0.06,46.1,0.01,0.01,619.12807,1776159255000
1776159257.791,257.791,0.98,132.69,0.97,119.3,0.96,67.7,0.95,54.7,0.94,46.1,0.99,16.45,,,,,,,,,0.01,16.45,,,,,,,,,0.02,132.69,0.03,119.3,0.04,67.7,0.05,54.7,0.06,46.1,0.01,0.01,619.05969,1776159256000
1776159258.444,258.444,0.96,24.77,0.95,54.7,0.94,46.1,0.93,39.9,0.92,35.29,0.99,21.45,0.998,50.0,0.999,650.0,,,,,0.01,16.45,,,,,,,,,0.02,132.69,0.03,119.3,0.04,67.7,0.05,54.7,0.06,46.1,0.03,0.01,619.05969,1776159256000
1776159259.193,259.193,0.96,24.77,0.95,54.7,0.94,46.1,0.93,39.9,0.92,35.29,0.99,21.45,0.998,50.0,0.999,650.0,,,,,0.01,21.45,0.002,50.0,0.001,650.0,,,,,0.04,24.77,0.05,54.7,0.06,46.1,0.07,39.9,0.08,35.29,0.03,0.03,619.02984,1776159258000
1776159260.419,260.419,0.96,24.77,0.95,54.7,0.94,46.1,0.93,39.9,0.92,35.29,0.99,21.45,0.998,50.0,0.999,650.0,,,,,0.01,21.45,0.002,50.0,0.001,650.0,,,,,0.04,24.77,0.05,54.7,0.06,46.1,0.07,39.9,0.08,35.29,0.03,0.03,619.02631,1776159259000
1776159261.016,261.016,0.96,24.77,0.95,54.7,0.94,46.1,0.93,39.9,0.92,35.29,0.99,21.45,0.998,50.0,0.999,650.0,,,,,0.01,21.45,0.002,50.0,0.001,650.0,,,,,0.04,24.77,0.05,54.7,0.06,46.1,0.07,39.9,0.08,35.29,0.03,0.03,619.02933,1776159260000
1776159262.431,262.431,0.96,24.77,0.95,54.7,0.94,46.1,0.93,39.9,0.92,35.29,0.99,16.45,0.998,50.0,0.999,400.0,,,,,0.01,21.45,0.002,50.0,0.001,650.0,,,,,0.04,24.77,0.05,54.7,0.06,46.1,0.07,39.9,0.08,35.29,0.03,0.03,619.02933,1776159260000
1776159263.075,263.075,0.96,24.77,0.95,54.7,0.94,46.1,0.93,39.9,0.92,35.29,0.99,16.45,0.998,50.0,0.999,400.0,,,,,0.01,16.45,0.002,50.0,0.001,400.0,,,,,0.04,24.77,0.05,54.7,0.06,46.1,0.07,39.9,0.08,35.29,0.03,0.03,619.02053,1776159262000
1776159264.624,264.624,0.96,24.77,0.95,54.7,0.94,46.1,0.93,39.9,0.92,35.29,0.99,16.45,0.998,50.0,0.999,400.0,,,,,0.01,16.45,0.002,50.0,0.001,400.0,,,,,0.04,24.77,0.05,54.7,0.06,46.1,0.07,39.9,0.08,35.29,0.03,0.03,619.01824,1776159263000
1776159265.21,265.21,0.96,24.77,0.95,54.7,0.94,46.1,0.93,39.9,0.92,35.29,0.99,16.45,0.998,50.0,0.999,400.0,,,,,0.01,16.45,0.002,50.0,0.001,400.0,,,,,0.04,24.77,0.05,54.7,0.06,46.1,0.07,39.9,0.08,35.29,0.03,0.03,619.009694,1776159264000
1776159266.505,266.505,0.96,24.77,0.95,54.7,0.94,46.1,0.93,39.9,0.92,35.29,0.99,16.45,0.998,50.0,0.999,400.0,,,,,0.01,16.45,0.002,50.0,0.001,400.0,,,,,0.04,24.77,0.05,54.7,0.06,46.1,0.07,39.9,0.08,35.29,0.03,0.03,618.996,1776159265000
1776159267.034,267.034,0.94,20.42,0.93,39.9,0.92,35.29,0.91,31.7,0.9,28.9,0.99,16.45,0.999,400.0,,,,,,,0.01,16.45,0.002,50.0,0.001,400.0,,,,,0.04,24.77,0.05,54.7,0.06,46.1,0.07,39.9,0.08,35.29,0.05,0.03,618.996,1776159265000
1776159267.421,267.421,0.94,20.42,0.93,39.9,0.92,35.29,0.91,31.7,0.9,28.9,0.99,16.45,0.999,400.0,,,,,,,0.01,16.45,0.001,400.0,,,,,,,0.06,20.42,0.07,39.9,0.08,35.29,0.09,31.7,0.1,28.9,0.05,0.05,618.994,1776159266000
1776159268.044,268.044,0.94,20.42,0.93,39.9,0.92,35.29,0.91,31.7,0.9,28.9,0.99,16.45,0.999,400.0,,,,,,,0.01,16.45,0.001,400.0,,,,,,,0.06,20.42,0.07,39.9,0.08,35.29,0.09,31.7,0.1,28.9,0.05,0.05,618.992,1776159267000
1776159269.206,269.206,0.94,20.42,0.93,39.9,0.92,35.29,0.91,31.7,0.9,28.9,0.99,6.45,0.999,400.0,,,,,,,0.01,16.45,0.001,400.0,,,,,,,0.06,20.42,0.07,39.9,0.08,35.29,0.09,31.7,0.1,28.9,0.05,0.05,618.992,1776159267000
1776159269.547,269.547,0.94,20.42,0.93,39.9,0.92,35.29,0.91,31.7,0.9,28.9,0.99,6.45,0.999,400.0,,,,,,,0.01,6.45,0.001,400.0,,,,,,,0.06,20.42,0.07,39.9,0.08,35.29,0.09,31.7,0.1,28.9,0.05,0.05,618.99,1776159268000
1776159270.146,270.146,0.94,20.42,0.93,39.9,0.92,35.29,0.91,31.7,0.9,28.9,0.99,6.45,0.999,400.0,,,,,,,0.01,6.45,0.001,400.0,,,,,,,0.06,20.42,0.07,39.9,0.08,35.29,0.09,31.7,0.1,28.9,0.05,0.05,618.995,1776159269000
1776159271.717,271.717,0.94,20.42,0.93,39.9,0.92,35.29,0.91,31.7,0.9,28.9,0.99,6.45,0.999,400.0,,,,,,,0.01,6.45,0.001,400.0,,,,,,,0.06,20.42,0.07,39.9,0.08,35.29,0.09,31.7,0.1,28.9,0.05,0.05,618.995,1776159270000
1776159272.434,272.434,0.94,20.42,0.93,39.9,0.92,35.29,0.91,31.7,0.9,28.9,0.99,6.45,0.999,400.0,,,,,,,0.01,6.45,0.001,400.0,,,,,,,0.06,20.42,0.07,39.9,0.08,35.29,0.09,31.7,0.1,28.9,0.05,0.05,618.995,1776159271000
1776159273.091,273.091,0.94,20.42,0.93,39.9,0.92,35.29,0.91,31.7,0.9,28.9,0.99,6.45,0.999,400.0,,,,,,,0.01,6.45,0.001,400.0,,,,,,,0.06,20.42,0.07,39.9,0.08,35.29,0.09,31.7,0.1,28.9,0.05,0.05,618.995,1776159272000
1776159274.503,274.503,0.94,20.42,0.93,39.9,0.92,35.29,0.91,31.7,0.9,28.9,0.99,6.45,0.999,400.0,,,,,,,0.01,6.45,0.001,400.0,,,,,,,0.06,20.42,0.07,39.9,0.08,35.29,0.09,31.7,0.1,28.9,0.05,0.05,618.997,1776159273000
1776159275.016,275.016,0.94,20.42,0.93,39.9,0.92,35.29,0.91,31.7,0.9,28.9,0.99,6.45,0.999,400.0,,,,,,,0.01,6.45,0.001,400.0,,,,,,,0.06,20.42,0.07,39.9,0.08,35.29,0.09,31.7,0.1,28.9,0.05,0.05,618.997,1776159274000
1776159276.24,276.24,0.94,20.42,0.93,39.9,0.92,35.29,0.91,31.7,0.9,28.9,0.99,6.45,0.999,400.0,,,,,,,0.01,6.45,0.001,400.0,,,,,,,0.06,20.42,0.07,39.9,0.08,35.29,0.09,31.7,0.1,28.9,0.05,0.05,618.992,1776159275000
1776159277.344,277.344,0.94,20.42,0.93,39.9,0.92,35.29,0.91,31.7,0.9,28.9,0.99,6.45,0.999,400.0,,,,,,,0.01,6.45,0.001,400.0,,,,,,,0.06,20.42,0.07,39.9,0.08,35.29,0.09,31.7,0.1,28.9,0.05,0.05,618.994,1776159276000
1776159277.832,277.832,0.915,10.0,0.91,38.0,0.88,5.0,0.81,50.0,0.8,6.0,0.99,3.41,0.999,400.0,,,,,,,0.01,6.45,0.001,400.0,,,,,,,0.06,20.42,0.07,39.9,0.08,35.29,0.09,31.7,0.1,28.9,0.075,0.05,618.994,1776159276000
1776159279.048,279.048,0.915,10.0,0.91,38.0,0.88,5.0,0.81,50.0,0.8,6.0,0.99,3.41,0.999,400.0,,,,,,,0.01,3.41,0.001,400.0,,,,,,,0.085,10.0,0.09,38.0,0.12,5.0,0.19,50.0,0.2,6.0,0.075,0.075,618.972,1776159278000
1776159280.15,280.15,0.915,10.0,0.91,38.0,0.88,5.0,0.81,50.0,0.8,6.0,0.99,3.41,0.999,400.0,,,,,,,0.01,3.41,0.001,400.0,,,,,,,0.085,10.0,0.09,38.0,0.12,5.0,0.19,50.0,0.2,6.0,0.075,0.075,618.967,1776159279000
1776159281.264,281.264,0.915,10.0,0.91,38.0,0.88,5.0,0.81,50.0,0.8,6.0,0.99,3.41,0.999,400.0,,,,,,,0.01,3.41,0.001,400.0,,,,,,,0.085,10.0,0.09,38.0,0.12,5.0,0.19,50.0,0.2,6.0,0.075,0.075,618.962,1776159280000
1776159282.449,282.449,0.915,10.0,0.91,38.0,0.88,5.0,0.81,50.0,0.8,6.0,0.99,3.41,0.999,400.0,,,,,,,0.01,3.41,0.001,400.0,,,,,,,0.085,10.0,0.09,38.0,0.12,5.0,0.19,50.0,0.2,6.0,0.075,0.075,618.965,1776159281000
1776159283.02,283.02,0.915,10.0,0.91,38.0,0.88,5.0,0.81,50.0,0.8,6.0,0.99,3.41,0.999,400.0,,,,,,,0.01,3.41,0.001,400.0,,,,,,,0.085,10.0,0.09,38.0,0.12,5.0,0.19,50.0,0.2,6.0,0.075,0.075,618.965,1776159282000
1776159284.149,284.149,0.915,10.0,0.91,38.0,0.88,5.0,0.81,50.0,0.8,6.0,0.99,3.41,0.999,400.0,,,,,,,0.01,3.41,0.001,400.0,,,,,,,0.085,10.0,0.09,38.0,0.12,5.0,0.19,50.0,0.2,6.0,0.075,0.075,618.967,1776159283000
1776159285.315,285.315,0.915,10.0,0.91,38.0,0.88,5.0,0.81,50.0,0.8,6.0,0.99,3.41,0.999,400.0,,,,,,,0.01,3.41,0.001,400.0,,,,,,,0.085,10.0,0.09,38.0,0.12,5.0,0.19,50.0,0.2,6.0,0.075,0.075,618.942,1776159284000
1776159286.928,286.928,0.915,10.0,0.91,38.0,0.88,5.0,0.81,50.0,0.8,6.0,0.99,3.41,0.999,400.0,,,,,,,0.01,3.41,0.001,400.0,,,,,,,0.085,10.0,0.09,38.0,0.12,5.0,0.19,50.0,0.2,6.0,0.075,0.075,618.917325,1776159285000
1776159287.542,287.542,0.915,10.0,0.91,38.0,0.88,5.0,0.81,50.0,0.8,6.0,0.99,3.41,0.999,400.0,,,,,,,0.01,3.41,0.001,400.0,,,,,,,0.085,10.0,0.09,38.0,0.12,5.0,0.19,50.0,0.2,6.0,0.075,0.075,618.858,1776159286000
1776159288.054,288.054,0.915,10.0,0.91,38.0,0.88,5.0,0.81,50.0,0.8,6.0,0.99,3.41,0.999,400.0,,,,,,,0.01,3.41,0.001,400.0,,,,,,,0.085,10.0,0.09,38.0,0.12,5.0,0.19,50.0,0.2,6.0,0.075,0.075,618.858,1776159287000
1776159289.141,289.141,0.915,10.0,0.91,38.0,0.88,5.0,0.81,50.0,0.8,6.0,0.99,3.41,0.999,400.0,,,,,,,0.01,3.41,0.001,400.0,,,,,,,0.085,10.0,0.09,38.0,0.12,5.0,0.19,50.0,0.2,6.0,0.075,0.075,618.839,1776159288000
1776159290.402,290.402,0.915,10.0,0.91,38.0,0.88,5.0,0.81,50.0,0.8,6.0,0.99,3.41,0.999,400.0,,,,,,,0.01,3.41,0.001,400.0,,,,,,,0.085,10.0,0.09,38.0,0.12,5.0,0.19,50.0,0.2,6.0,0.075,0.075,618.839,1776159289000
1776159291.405,291.405,0.915,10.0,0.91,38.0,0.88,5.0,0.81,50.0,0.8,6.0,0.99,3.41,0.999,400.0,,,,,,,0.01,3.41,0.001,400.0,,,,,,,0.085,10.0,0.09,38.0,0.12,5.0,0.19,50.0,0.2,6.0,0.075,0.075,618.837,1776159290000
1776159291.907,291.907,0.81,11.46,0.8,6.0,0.79,1.55,0.71,50.0,0.61,50.0,0.99,3.41,0.999,400.0,,,,,,,0.01,3.41,0.001,400.0,,,,,,,0.19,11.46,0.2,6.0,0.21,1.55,0.29,50.0,0.39,50.0,0.18,0.18,618.837,1776159291000
1776159293.017,293.017,0.81,11.46,0.8,6.0,0.79,1.55,0.71,50.0,0.61,50.0,0.99,3.41,0.999,400.0,,,,,,,0.01,3.41,0.001,400.0,,,,,,,0.19,11.46,0.2,6.0,0.21,1.55,0.29,50.0,0.39,50.0,0.18,0.18,618.842,1776159292000
1776159293.594,293.594,0.81,11.46,0.8,6.0,0.79,1.55,0.71,50.0,0.706,10.0,0.99,0.41,0.999,400.0,,,,,,,0.01,3.41,0.001,400.0,,,,,,,0.19,11.46,0.2,6.0,0.21,1.55,0.29,50.0,0.39,50.0,0.18,0.18,618.842,1776159292000
1776159294.08,294.08,0.81,11.46,0.8,6.0,0.79,1.55,0.71,50.0,0.706,10.0,0.99,0.41,0.999,400.0,,,,,,,0.01,0.41,0.001,400.0,,,,,,,0.19,11.46,0.2,6.0,0.21,1.55,0.29,50.0,0.294,10.0,0.18,0.18,618.82051,1776159293000
1776159295.189,295.189,0.81,11.46,0.8,6.0,0.79,1.55,0.71,50.0,0.706,10.0,0.99,0.41,0.999,400.0,,,,,,,0.01,0.41,0.001,400.0,,,,,,,0.19,11.46,0.2,6.0,0.21,1.55,0.29,50.0,0.294,10.0,0.18,0.18,618.78116,1776159294000
1776159295.584,295.584,0.81,6.42,0.8,6.0,0.79,1.55,0.71,50.0,0.61,50.0,0.99,100.41,0.999,400.0,,,,,,,0.01,0.41,0.001,400.0,,,,,,,0.19,11.46,0.2,6.0,0.21,1.55,0.29,50.0,0.294,10.0,0.18,0.18,618.78116,1776159294000
1776159296.232,296.232,0.81,6.42,0.8,6.0,0.79,1.55,0.71,50.0,0.61,50.0,0.99,100.41,0.999,400.0,,,,,,,0.01,100.41,0.001,400.0,,,,,,,0.19,6.42,0.2,6.0,0.21,1.55,0.29,50.0,0.39,50.0,0.18,0.18,618.78175,1776159295000
1776159297.209,297.209,0.81,6.42,0.8,6.0,0.79,1.55,0.71,50.0,0.61,50.0,0.99,100.41,0.999,400.0,,,,,,,0.01,100.41,0.001,400.0,,,,,,,0.19,6.42,0.2,6.0,0.21,1.55,0.29,50.0,0.39,50.0,0.18,0.18,618.7818,1776159296000
1776159297.766,297.766,0.81,6.42,0.8,6.0,0.79,1.55,0.71,50.0,0.61,50.0,0.999,390.0,,,,,,,,,0.001,400.0,,,,,,,,,0.19,6.42,0.2,6.0,0.21,1.55,0.29,50.0,0.39,50.0,0.189,0.189,618.7818,1776159296000
1776159298.331,298.331,0.81,6.42,0.8,6.0,0.79,1.55,0.71,50.0,0.61,50.0,0.999,390.0,,,,,,,,,0.001,390.0,,,,,,,,,0.19,6.42,0.2,6.0,0.21,1.55,0.29,50.0,0.39,50.0,0.189,0.189,618.78248,1776159297000
1776159298.709,298.709,0.99,11.0,0.81,6.42,0.8,6.0,0.79,1.55,0.71,50.0,0.999,350.0,,,,,,,,,0.001,390.0,,,,,,,,,0.19,6.42,0.2,6.0,0.21,1.55,0.29,50.0,0.39,50.0,0.009,0.189,618.78248,1776159297000
1776159299.38,299.38,0.99,11.0,0.81,6.42,0.8,6.0,0.79,1.55,0.71,50.0,0.999,340.0,,,,,,,,,0.001,340.0,,,,,,,,,0.01,11.0,0.19,6.42,0.2,6.0,0.21,1.55,0.29,50.0,0.009,0.009,618.78214,1776159298000
1776159299.715,299.715,0.99,807.0,0.8,6.0,0.79,1.55,0.61,6.0,0.51,7.0,0.999,340.0,,,,,,,,,0.001,340.0,,,,,,,,,0.01,11.0,0.19,6.42,0.2,6.0,0.21,1.55,0.29,50.0,0.009,0.009,618.78214,1776159298000
1776159300.263,300.263,0.99,1668.15,0.8,14.0,0.79,1.55,0.7,12.0,0.65,22.0,0.999,82.99,,,,,,,,,0.001,340.0,,,,,,,,,0.01,807.0,0.2,6.0,0.21,1.55,0.39,6.0,0.49,7.0,0.009,0.009,618.78214,1776159298000
1776159301.053,301.053,0.999,174.02,0.99,1668.15,0.8,14.0,0.79,1.55,0.7,12.0,,,,,,,,,,,,,,,,,,,,,0.001,174.02,0.01,1668.15,0.2,14.0,0.21,1.55,0.3,12.0,,,618.811663,1776159299000

# RESULT,winner=Up,slug=bnb-updown-5m-1776159000,ticks=317
