timestamp,elapsed_sec,up_bid_p1,up_bid_s1,up_bid_p2,up_bid_s2,up_ask_p1,up_ask_s1,up_ask_p2,up_ask_s2,down_bid_p1,down_bid_s1,down_bid_p2,down_bid_s2,down_ask_p1,down_ask_s1,down_ask_p2,down_ask_s2,up_spread,down_spread,bnb_price,bnb_oracle_ts
1776221411.172,11.172,,,,,,,,,,,,,,,,,,,615.661,1776221410000
1776221411.655,11.655,0.47,10.0,0.46,5.0,0.55,10.0,0.6,10.0,0.45,10.0,0.4,10.0,0.53,10.0,0.54,5.0,0.08,0.08,615.661,1776221410000
1776221412.186,12.186,0.47,10.0,0.46,5.0,0.55,10.0,0.6,10.0,0.45,10.0,0.4,10.0,0.53,10.0,0.54,5.0,0.08,0.08,615.661,1776221411000
1776221413.103,13.103,0.47,10.0,0.46,5.0,0.55,10.0,0.6,10.0,0.45,10.0,0.4,10.0,0.53,10.0,0.54,5.0,0.08,0.08,615.661,1776221412000
1776221414.053,14.053,0.47,10.0,0.46,5.0,0.55,10.0,0.6,10.0,0.45,10.0,0.4,10.0,0.53,10.0,0.54,5.0,0.08,0.08,615.665,1776221413000
1776221415.052,15.052,0.47,10.0,0.46,5.0,0.55,10.0,0.6,10.0,0.45,10.0,0.4,10.0,0.53,10.0,0.54,5.0,0.08,0.08,615.665,1776221414000
1776221416.141,16.141,0.47,10.0,0.46,5.0,0.55,10.0,0.6,10.0,0.45,10.0,0.4,10.0,0.53,10.0,0.54,5.0,0.08,0.08,615.666,1776221415000
1776221417.169,17.169,0.47,10.0,0.46,5.0,0.55,10.0,0.6,10.0,0.45,10.0,0.4,10.0,0.53,10.0,0.54,5.0,0.08,0.08,615.666,1776221416000
1776221418.183,18.183,0.47,10.0,0.46,5.0,0.55,10.0,0.6,10.0,0.45,10.0,0.4,10.0,0.53,10.0,0.54,5.0,0.08,0.08,615.678,1776221417000
1776221419.229,19.229,0.47,10.0,0.46,5.0,0.55,10.0,0.6,10.0,0.45,10.0,0.4,10.0,0.53,10.0,0.54,5.0,0.08,0.08,615.682,1776221418000
1776221420.294,20.294,0.47,10.0,0.46,5.0,0.55,10.0,0.6,10.0,0.45,10.0,0.4,10.0,0.53,10.0,0.54,5.0,0.08,0.08,615.686,1776221419000
1776221421.281,21.281,0.47,10.0,0.46,5.0,0.55,10.0,0.6,10.0,0.45,10.0,0.4,10.0,0.53,10.0,0.54,5.0,0.08,0.08,615.688,1776221420000
1776221422.404,22.404,0.47,10.0,0.46,5.0,0.55,10.0,0.6,10.0,0.45,10.0,0.4,10.0,0.53,10.0,0.54,5.0,0.08,0.08,615.684,1776221421000
1776221422.896,22.896,0.47,10.0,0.46,5.0,0.55,10.0,0.6,10.0,0.45,10.0,0.4,10.0,0.53,10.0,0.54,5.0,0.08,0.08,615.684,1776221422000
1776221423.935,23.935,0.47,10.0,0.46,5.0,0.55,10.0,0.6,10.0,0.45,10.0,0.4,10.0,0.53,10.0,0.54,5.0,0.08,0.08,615.684,1776221423000
1776221424.92,24.92,0.47,10.0,0.46,5.0,0.55,10.0,0.6,10.0,0.45,10.0,0.4,10.0,0.53,10.0,0.54,5.0,0.08,0.08,615.683,1776221424000
1776221426.012,26.012,0.47,10.0,0.46,5.0,0.55,10.0,0.6,10.0,0.45,10.0,0.4,10.0,0.53,10.0,0.54,5.0,0.08,0.08,615.683,1776221425000
1776221427.007,27.007,0.47,10.0,0.46,5.0,0.55,10.0,0.6,10.0,0.45,10.0,0.4,10.0,0.53,10.0,0.54,5.0,0.08,0.08,615.689,1776221426000
1776221428.124,28.124,0.47,10.0,0.46,5.0,0.55,10.0,0.6,10.0,0.45,10.0,0.4,10.0,0.53,10.0,0.54,5.0,0.08,0.08,615.674,1776221427000
1776221429.152,29.152,0.47,10.0,0.46,5.0,0.55,10.0,0.6,10.0,0.45,10.0,0.4,10.0,0.53,10.0,0.54,5.0,0.08,0.08,615.685775,1776221428000
1776221430.179,30.179,0.47,10.0,0.46,5.0,0.55,10.0,0.6,10.0,0.45,10.0,0.4,10.0,0.53,10.0,0.54,5.0,0.08,0.08,615.697535,1776221429000
1776221431.907,31.907,0.47,10.0,0.46,5.0,0.55,10.0,0.6,10.0,0.45,10.0,0.4,10.0,0.53,10.0,0.54,5.0,0.08,0.08,615.763,1776221430000
1776221432.989,32.989,0.47,10.0,0.46,5.0,0.55,10.0,0.6,10.0,0.45,10.0,0.4,10.0,0.53,10.0,0.54,5.0,0.08,0.08,615.75291,1776221431000
1776221433.587,33.587,0.47,10.0,0.46,5.0,0.55,10.0,0.6,10.0,0.45,10.0,0.4,10.0,0.53,10.0,0.54,5.0,0.08,0.08,615.75291,1776221432000
1776221434.503,34.503,0.47,10.0,0.46,5.0,0.55,10.0,0.6,10.0,0.45,10.0,0.4,10.0,0.53,10.0,0.54,5.0,0.08,0.08,615.754262,1776221433000
1776221435.247,35.247,0.47,10.0,0.46,5.0,0.55,10.0,0.6,10.0,0.45,10.0,0.4,10.0,0.53,10.0,0.54,5.0,0.08,0.08,615.753343,1776221434000
1776221436.745,36.745,0.47,10.0,0.46,5.0,0.55,10.0,0.6,10.0,0.45,10.0,0.4,10.0,0.53,10.0,0.54,5.0,0.08,0.08,615.751775,1776221435000
1776221437.582,37.582,0.47,10.0,0.46,5.0,0.55,10.0,0.6,10.0,0.45,10.0,0.4,10.0,0.53,10.0,0.54,5.0,0.08,0.08,615.750695,1776221436000
1776221438.266,38.266,0.47,10.0,0.46,5.0,0.55,10.0,0.6,10.0,0.45,10.0,0.4,10.0,0.53,10.0,0.54,5.0,0.08,0.08,615.750716,1776221437000
1776221439.623,39.623,0.47,10.0,0.46,5.0,0.55,10.0,0.6,10.0,0.45,10.0,0.4,10.0,0.53,10.0,0.54,5.0,0.08,0.08,615.738405,1776221438000
1776221440.352,40.352,0.47,10.0,0.46,5.0,0.55,10.0,0.6,10.0,0.45,10.0,0.4,10.0,0.53,10.0,0.54,5.0,0.08,0.08,615.738405,1776221439000
1776221441.054,41.054,0.47,10.0,0.46,5.0,0.55,10.0,0.6,10.0,0.45,10.0,0.4,10.0,0.53,10.0,0.54,5.0,0.08,0.08,615.738405,1776221440000
1776221442.486,42.486,0.47,10.0,0.46,5.0,0.55,10.0,0.6,10.0,0.45,10.0,0.4,10.0,0.53,10.0,0.54,5.0,0.08,0.08,615.738414,1776221441000
1776221443.179,43.179,0.47,10.0,0.46,5.0,0.55,10.0,0.6,10.0,0.45,10.0,0.4,10.0,0.53,10.0,0.54,5.0,0.08,0.08,615.737793,1776221442000
1776221444.647,44.647,0.47,10.0,0.46,5.0,0.55,10.0,0.6,10.0,0.45,10.0,0.4,10.0,0.53,10.0,0.54,5.0,0.08,0.08,615.748486,1776221443000
1776221445.264,45.264,0.47,10.0,0.46,5.0,0.55,10.0,0.6,10.0,0.45,10.0,0.4,10.0,0.53,10.0,0.54,5.0,0.08,0.08,615.748486,1776221444000
1776221446.715,46.715,0.47,10.0,0.46,5.0,0.55,10.0,0.6,10.0,0.45,10.0,0.4,10.0,0.53,10.0,0.54,5.0,0.08,0.08,615.748486,1776221445000
1776221447.467,47.467,0.47,10.0,0.46,5.0,0.55,10.0,0.6,10.0,0.45,10.0,0.4,10.0,0.53,10.0,0.54,5.0,0.08,0.08,615.747753,1776221446000
1776221448.15,48.15,0.47,10.0,0.46,5.0,0.55,10.0,0.6,10.0,0.45,10.0,0.4,10.0,0.53,10.0,0.54,5.0,0.08,0.08,615.750624,1776221447000
1776221449.51,49.51,0.47,10.0,0.46,5.0,0.55,10.0,0.6,10.0,0.45,10.0,0.4,10.0,0.53,10.0,0.54,5.0,0.08,0.08,615.759111,1776221448000
1776221450.506,50.506,0.47,10.0,0.46,5.0,0.55,10.0,0.6,10.0,0.45,10.0,0.4,10.0,0.53,10.0,0.54,5.0,0.08,0.08,615.759039,1776221449000
1776221451.217,51.217,0.47,10.0,0.46,5.0,0.55,10.0,0.6,10.0,0.45,10.0,0.4,10.0,0.53,10.0,0.54,5.0,0.08,0.08,615.759039,1776221450000
1776221452.186,52.186,0.47,10.0,0.46,5.0,0.55,10.0,0.6,10.0,0.45,10.0,0.4,10.0,0.53,10.0,0.54,5.0,0.08,0.08,615.759795,1776221451000
1776221453.155,53.155,0.47,10.0,0.46,5.0,0.55,10.0,0.6,10.0,0.45,10.0,0.4,10.0,0.53,10.0,0.54,5.0,0.08,0.08,615.759795,1776221452000
1776221454.168,54.168,0.47,10.0,0.46,5.0,0.55,10.0,0.6,10.0,0.45,10.0,0.4,10.0,0.53,10.0,0.54,5.0,0.08,0.08,615.759774,1776221453000
1776221455.202,55.202,0.47,10.0,0.46,5.0,0.55,10.0,0.6,10.0,0.45,10.0,0.4,10.0,0.53,10.0,0.54,5.0,0.08,0.08,615.759768,1776221454000
1776221456.314,56.314,0.47,10.0,0.46,5.0,0.55,10.0,0.6,10.0,0.45,10.0,0.4,10.0,0.53,10.0,0.54,5.0,0.08,0.08,615.760891,1776221455000
1776221457.311,57.311,0.47,10.0,0.46,5.0,0.55,10.0,0.6,10.0,0.45,10.0,0.4,10.0,0.53,10.0,0.54,5.0,0.08,0.08,615.746587,1776221456000
1776221458.354,58.354,0.47,10.0,0.46,5.0,0.55,10.0,0.6,10.0,0.45,10.0,0.4,10.0,0.53,10.0,0.54,5.0,0.08,0.08,615.746811,1776221457000
1776221459.266,59.266,0.47,10.0,0.46,5.0,0.55,10.0,0.6,10.0,0.45,10.0,0.4,10.0,0.53,10.0,0.54,5.0,0.08,0.08,615.746007,1776221458000
1776221459.79,59.79,0.47,10.0,0.46,5.0,0.55,10.0,0.6,10.0,0.45,10.0,0.4,10.0,0.53,10.0,0.54,5.0,0.08,0.08,615.746007,1776221459000
1776221460.846,60.846,0.47,10.0,0.46,5.0,0.55,10.0,0.6,10.0,0.45,10.0,0.4,10.0,0.53,10.0,0.54,5.0,0.08,0.08,615.744274,1776221460000
1776221462.288,62.288,0.47,10.0,0.46,5.0,0.55,10.0,0.6,10.0,0.45,10.0,0.4,10.0,0.53,10.0,0.54,5.0,0.08,0.08,615.748942,1776221461000
1776221463.994,63.994,0.47,10.0,0.46,5.0,0.55,10.0,0.6,10.0,0.45,10.0,0.4,10.0,0.53,10.0,0.54,5.0,0.08,0.08,615.748601,1776221462000
1776221464.526,64.526,0.47,10.0,0.46,5.0,0.55,10.0,0.6,10.0,0.45,10.0,0.4,10.0,0.53,10.0,0.54,5.0,0.08,0.08,615.747507,1776221463000
1776221465.032,65.032,0.47,10.0,0.46,5.0,0.55,10.0,0.6,10.0,0.45,10.0,0.4,10.0,0.53,10.0,0.54,5.0,0.08,0.08,615.747507,1776221464000
1776221466.202,66.202,0.47,10.0,0.46,5.0,0.55,10.0,0.6,10.0,0.45,10.0,0.4,10.0,0.53,10.0,0.54,5.0,0.08,0.08,615.741042,1776221465000
1776221467.297,67.297,0.47,10.0,0.46,5.0,0.55,10.0,0.6,10.0,0.45,10.0,0.4,10.0,0.53,10.0,0.54,5.0,0.08,0.08,615.738305,1776221466000
1776221468.744,68.744,0.47,10.0,0.46,5.0,0.55,10.0,0.6,10.0,0.45,10.0,0.4,10.0,0.53,10.0,0.54,5.0,0.08,0.08,615.738159,1776221467000
1776221469.296,69.296,0.47,10.0,0.46,5.0,0.55,10.0,0.6,10.0,0.45,10.0,0.4,10.0,0.53,10.0,0.54,5.0,0.08,0.08,615.727872,1776221468000
1776221469.946,69.946,0.47,10.0,0.46,5.0,0.55,10.0,0.6,10.0,0.45,10.0,0.4,10.0,0.53,10.0,0.54,5.0,0.08,0.08,615.727872,1776221469000
1776221471.094,71.094,0.47,10.0,0.46,5.0,0.55,10.0,0.6,10.0,0.45,10.0,0.4,10.0,0.53,10.0,0.54,5.0,0.08,0.08,615.727387,1776221470000
1776221472.207,72.207,0.47,10.0,0.46,5.0,0.55,10.0,0.6,10.0,0.45,10.0,0.4,10.0,0.53,10.0,0.54,5.0,0.08,0.08,615.727388,1776221471000
1776221473.26,73.26,0.47,10.0,0.46,5.0,0.55,10.0,0.6,10.0,0.45,10.0,0.4,10.0,0.53,10.0,0.54,5.0,0.08,0.08,615.726278,1776221472000
1776221474.401,74.401,0.47,10.0,0.46,5.0,0.55,10.0,0.6,10.0,0.45,10.0,0.4,10.0,0.53,10.0,0.54,5.0,0.08,0.08,615.735984,1776221473000
1776221474.904,74.904,0.47,10.0,0.46,5.0,0.55,10.0,0.6,10.0,0.45,10.0,0.4,10.0,0.53,10.0,0.54,5.0,0.08,0.08,615.735984,1776221474000
1776221476.053,76.053,0.47,10.0,0.46,5.0,0.55,10.0,0.6,10.0,0.45,10.0,0.4,10.0,0.53,10.0,0.54,5.0,0.08,0.08,615.735971,1776221475000
1776221477.206,77.206,0.47,10.0,0.46,5.0,0.55,10.0,0.6,10.0,0.45,10.0,0.4,10.0,0.53,10.0,0.54,5.0,0.08,0.08,615.735989,1776221476000
1776221479.107,79.107,0.47,10.0,0.46,5.0,0.55,10.0,0.6,10.0,0.45,10.0,0.4,10.0,0.53,10.0,0.54,5.0,0.08,0.08,615.729958,1776221477000
1776221479.879,79.879,0.47,10.0,0.46,5.0,0.55,10.0,0.6,10.0,0.45,10.0,0.4,10.0,0.53,10.0,0.54,5.0,0.08,0.08,615.730025,1776221478000
1776221480.447,80.447,0.47,10.0,0.46,5.0,0.55,10.0,0.6,10.0,0.45,10.0,0.4,10.0,0.53,10.0,0.54,5.0,0.08,0.08,615.731485,1776221479000
1776221481.176,81.176,0.47,10.0,0.46,5.0,0.55,10.0,0.6,10.0,0.45,10.0,0.4,10.0,0.53,10.0,0.54,5.0,0.08,0.08,615.734814,1776221480000
1776221482.437,82.437,0.47,10.0,0.46,5.0,0.55,10.0,0.6,10.0,0.45,10.0,0.4,10.0,0.53,10.0,0.54,5.0,0.08,0.08,615.734815,1776221481000
1776221483.08,83.08,0.47,10.0,0.46,5.0,0.55,10.0,0.6,10.0,0.45,10.0,0.4,10.0,0.53,10.0,0.54,5.0,0.08,0.08,615.752308,1776221482000
1776221484.858,84.858,0.47,10.0,0.46,5.0,0.55,10.0,0.6,10.0,0.45,10.0,0.4,10.0,0.53,10.0,0.54,5.0,0.08,0.08,615.753236,1776221483000
1776221485.472,85.472,0.47,10.0,0.46,5.0,0.55,10.0,0.6,10.0,0.45,10.0,0.4,10.0,0.53,10.0,0.54,5.0,0.08,0.08,615.753236,1776221484000
1776221486.095,86.095,0.47,10.0,0.46,5.0,0.55,10.0,0.6,10.0,0.45,10.0,0.4,10.0,0.53,10.0,0.54,5.0,0.08,0.08,615.753236,1776221485000
1776221487.406,87.406,0.47,10.0,0.46,5.0,0.55,10.0,0.6,10.0,0.45,10.0,0.4,10.0,0.53,10.0,0.54,5.0,0.08,0.08,615.736795,1776221486000
1776221488.107,88.107,0.47,10.0,0.46,5.0,0.55,10.0,0.6,10.0,0.45,10.0,0.4,10.0,0.53,10.0,0.54,5.0,0.08,0.08,615.736795,1776221487000
1776221489.308,89.308,0.47,10.0,0.46,5.0,0.55,10.0,0.6,10.0,0.45,10.0,0.4,10.0,0.53,10.0,0.54,5.0,0.08,0.08,615.737484,1776221488000
1776221490.016,90.016,0.47,10.0,0.46,5.0,0.55,10.0,0.6,10.0,0.45,10.0,0.4,10.0,0.53,10.0,0.54,5.0,0.08,0.08,615.737489,1776221489000
1776221491.272,91.272,0.47,10.0,0.46,5.0,0.55,10.0,0.6,10.0,0.45,10.0,0.4,10.0,0.53,10.0,0.54,5.0,0.08,0.08,615.739048,1776221490000
1776221491.679,91.679,0.54,0.06,0.53,10.4,0.61,10.0,0.62,5.0,0.45,10.0,0.4,10.0,0.53,10.0,0.54,5.0,0.07,0.08,615.739048,1776221490000
1776221492.551,92.551,0.54,0.06,0.53,10.4,0.61,10.0,0.62,5.0,0.39,10.0,0.38,5.0,0.46,0.06,0.47,10.4,0.07,0.07,615.741125,1776221491000
1776221493.224,93.224,0.54,0.06,0.53,10.4,0.61,10.0,0.62,5.0,0.39,10.0,0.38,5.0,0.46,0.06,0.47,10.4,0.07,0.07,615.741124,1776221492000
1776221494.578,94.578,0.54,0.06,0.53,10.4,0.61,10.0,0.62,5.0,0.39,10.0,0.38,5.0,0.46,0.06,0.47,10.4,0.07,0.07,615.743389,1776221493000
1776221495.157,95.157,0.54,0.06,0.53,10.4,0.61,10.0,0.62,5.0,0.39,10.0,0.38,5.0,0.46,0.06,0.47,10.4,0.07,0.07,615.743318,1776221494000
1776221496.204,96.204,0.54,0.06,0.53,10.4,0.61,10.0,0.62,5.0,0.39,10.0,0.38,5.0,0.46,0.06,0.47,10.4,0.07,0.07,615.746916,1776221495000
1776221497.346,97.346,0.54,0.06,0.53,10.4,0.61,10.0,0.62,5.0,0.39,10.0,0.38,5.0,0.46,0.06,0.47,10.4,0.07,0.07,615.746922,1776221496000
1776221498.496,98.496,0.54,0.06,0.53,10.4,0.61,10.0,0.62,5.0,0.39,10.0,0.38,5.0,0.46,0.06,0.47,10.4,0.07,0.07,615.747921,1776221497000
1776221499.005,99.005,0.54,0.06,0.53,10.4,0.61,10.0,0.62,5.0,0.39,10.0,0.38,5.0,0.46,0.06,0.47,10.4,0.07,0.07,615.747838,1776221498000
1776221500.106,100.106,0.54,0.06,0.53,10.4,0.61,10.0,0.62,5.0,0.39,10.0,0.38,5.0,0.46,0.06,0.47,10.4,0.07,0.07,615.747947,1776221499000
1776221501.236,101.236,0.54,0.06,0.53,10.4,0.61,10.0,0.62,5.0,0.39,10.0,0.38,5.0,0.46,0.06,0.47,10.4,0.07,0.07,615.747039,1776221500000
1776221502.313,102.313,0.54,0.06,0.53,10.4,0.61,10.0,0.62,5.0,0.39,10.0,0.38,5.0,0.46,0.06,0.47,10.4,0.07,0.07,615.748627,1776221501000
1776221502.884,102.884,0.54,0.06,0.53,10.4,0.61,10.0,0.62,5.0,0.39,10.0,0.38,5.0,0.46,0.06,0.47,10.4,0.07,0.07,615.748626,1776221502000
1776221504.049,104.049,0.54,0.06,0.53,10.4,0.61,10.0,0.62,5.0,0.39,10.0,0.38,5.0,0.46,0.06,0.47,10.4,0.07,0.07,615.746718,1776221503000
1776221505.096,105.096,0.54,0.06,0.53,10.4,0.61,10.0,0.62,5.0,0.39,10.0,0.38,5.0,0.46,0.06,0.47,10.4,0.07,0.07,615.729811,1776221504000
1776221506.088,106.088,0.54,0.06,0.53,10.4,0.61,10.0,0.62,5.0,0.39,10.0,0.38,5.0,0.46,0.06,0.47,10.4,0.07,0.07,615.727957,1776221505000
1776221507.149,107.149,0.54,0.06,0.53,10.4,0.61,10.0,0.62,5.0,0.39,10.0,0.38,5.0,0.46,0.06,0.47,10.4,0.07,0.07,615.746809,1776221506000
1776221508.205,108.205,0.54,0.06,0.53,10.4,0.61,10.0,0.62,5.0,0.39,10.0,0.38,5.0,0.46,0.06,0.47,10.4,0.07,0.07,615.748105,1776221507000
1776221509.222,109.222,0.54,0.06,0.53,10.4,0.61,10.0,0.62,5.0,0.39,10.0,0.38,5.0,0.46,0.06,0.47,10.4,0.07,0.07,615.758796,1776221508000
1776221510.324,110.324,0.54,0.06,0.53,10.4,0.61,10.0,0.62,5.0,0.39,10.0,0.38,5.0,0.46,0.06,0.47,10.4,0.07,0.07,615.758898,1776221509000
1776221511.212,111.212,0.54,0.06,0.53,10.4,0.61,10.0,0.62,5.0,0.39,10.0,0.38,5.0,0.46,0.06,0.47,10.4,0.07,0.07,615.758971,1776221510000
1776221511.867,111.867,0.54,0.06,0.53,10.4,0.61,10.0,0.62,5.0,0.39,10.0,0.38,5.0,0.46,0.06,0.47,10.4,0.07,0.07,615.758971,1776221511000
1776221513.347,113.347,0.54,0.06,0.53,10.4,0.61,10.0,0.62,5.0,0.39,10.0,0.38,5.0,0.46,0.06,0.47,10.4,0.07,0.07,615.755637,1776221512000
1776221513.932,113.932,0.54,0.06,0.53,10.4,0.61,10.0,0.62,5.0,0.39,10.0,0.38,5.0,0.46,0.06,0.47,10.4,0.07,0.07,615.755687,1776221513000
1776221515.001,115.001,0.54,0.06,0.53,10.4,0.61,10.0,0.62,5.0,0.39,10.0,0.38,5.0,0.46,0.06,0.47,10.4,0.07,0.07,615.755687,1776221514000
1776221516.073,116.073,0.54,0.06,0.53,10.4,0.61,10.0,0.62,5.0,0.39,10.0,0.38,5.0,0.46,0.06,0.47,10.4,0.07,0.07,615.754449,1776221515000
1776221517.249,117.249,0.54,0.06,0.53,10.4,0.61,10.0,0.62,5.0,0.39,10.0,0.38,5.0,0.46,0.06,0.47,10.4,0.07,0.07,615.738334,1776221516000
1776221518.769,118.769,0.54,0.06,0.53,10.4,0.61,10.0,0.62,5.0,0.39,10.0,0.38,5.0,0.46,0.06,0.47,10.4,0.07,0.07,615.738333,1776221517000
1776221519.289,119.289,0.54,0.06,0.53,10.4,0.61,10.0,0.62,5.0,0.39,10.0,0.38,5.0,0.46,0.06,0.47,10.4,0.07,0.07,615.738332,1776221518000
1776221520.369,120.369,0.54,0.06,0.53,10.4,0.61,10.0,0.62,5.0,0.39,10.0,0.38,5.0,0.46,0.06,0.47,10.4,0.07,0.07,615.739836,1776221519000
1776221520.704,120.704,0.55,5.0,0.54,10.5,0.6,5.0,0.63,22.86,0.39,10.0,0.38,5.0,0.46,0.06,0.47,10.4,0.05,0.07,615.739836,1776221519000
1776221521.019,121.019,0.55,5.0,0.54,10.5,0.6,5.0,0.63,22.86,0.4,5.0,0.37,22.86,0.45,5.0,0.46,10.5,0.05,0.05,615.739836,1776221520000
1776221522.206,122.206,0.58,5.0,0.55,15.5,0.63,14.86,0.69,10.0,0.37,14.86,0.31,10.0,0.42,5.0,0.45,15.5,0.05,0.05,615.756353,1776221521000
1776221523.275,123.275,0.58,5.0,0.55,15.5,0.63,14.86,0.69,10.0,0.37,14.86,0.31,10.0,0.42,5.0,0.45,15.5,0.05,0.05,615.805397,1776221522000
1776221523.477,123.477,0.6,10.8,0.59,10.7,0.63,14.86,0.69,10.0,0.37,14.86,0.31,10.0,0.42,5.0,0.45,15.5,0.03,0.05,615.805397,1776221522000
1776221524.884,124.884,0.6,10.8,0.59,10.7,0.63,14.86,0.69,10.0,0.37,14.86,0.31,10.0,0.4,10.8,0.41,10.7,0.03,0.03,615.804216,1776221523000
1776221525.653,125.653,0.6,10.8,0.59,10.7,0.63,14.86,0.69,10.0,0.37,14.86,0.31,10.0,0.4,10.8,0.41,10.7,0.03,0.03,615.804116,1776221524000
1776221526.271,126.271,0.6,10.8,0.59,10.7,0.62,5.0,0.63,14.86,0.38,5.0,0.37,14.86,0.4,10.8,0.41,10.7,0.02,0.02,615.804367,1776221525000
1776221526.483,126.483,0.6,10.8,0.59,10.7,0.63,14.86,0.69,10.0,0.38,5.0,0.37,14.86,0.4,10.8,0.41,10.7,0.03,0.02,615.804367,1776221525000
1776221526.909,126.909,0.6,10.8,0.59,10.7,0.63,14.86,0.69,10.0,0.37,14.86,0.31,10.0,0.4,10.8,0.41,10.7,0.03,0.03,615.792888,1776221526000
1776221528.62,128.62,0.6,10.8,0.59,10.7,0.63,14.86,0.69,10.0,0.37,14.86,0.31,10.0,0.4,10.8,0.41,10.7,0.03,0.03,615.792931,1776221527000
1776221529.186,129.186,0.6,10.8,0.59,10.7,0.63,14.86,0.69,10.0,0.37,14.86,0.31,10.0,0.4,10.8,0.41,10.7,0.03,0.03,615.790532,1776221528000
1776221530.331,130.331,0.6,10.8,0.59,10.7,0.63,14.86,0.69,10.0,0.37,14.86,0.31,10.0,0.4,10.8,0.41,10.7,0.03,0.03,615.790608,1776221529000
1776221531.1,131.1,0.6,10.8,0.59,10.7,0.63,14.86,0.69,10.0,0.37,14.86,0.31,10.0,0.4,10.8,0.41,10.7,0.03,0.03,615.784902,1776221530000
1776221532.362,132.362,0.6,10.8,0.59,10.7,0.63,14.86,0.69,10.0,0.37,14.86,0.31,10.0,0.4,10.8,0.41,10.7,0.03,0.03,615.784908,1776221531000
1776221533.021,133.021,0.6,10.8,0.59,10.7,0.63,14.86,0.69,10.0,0.37,14.86,0.31,10.0,0.4,10.8,0.41,10.7,0.03,0.03,615.786773,1776221532000
1776221534.47,134.47,0.6,10.8,0.59,10.7,0.63,14.86,0.69,10.0,0.37,14.86,0.31,10.0,0.4,10.8,0.41,10.7,0.03,0.03,615.802967,1776221533000
1776221535.117,135.117,0.61,50.0,0.58,15.7,0.63,14.86,0.7,10.0,0.37,14.86,0.3,10.0,0.39,50.0,0.42,15.7,0.02,0.02,615.8062,1776221534000
1776221536.327,136.327,0.61,50.0,0.58,15.7,0.63,14.86,0.7,10.0,0.37,14.86,0.3,10.0,0.39,50.0,0.42,15.7,0.02,0.02,615.8062,1776221535000
1776221536.971,136.971,0.61,50.0,0.58,15.7,0.63,14.86,0.7,10.0,0.37,14.86,0.3,10.0,0.39,50.0,0.42,15.7,0.02,0.02,615.804561,1776221536000
1776221537.502,137.502,0.62,10.0,0.61,50.0,0.7,10.0,0.73,13.2,0.37,14.86,0.3,10.0,0.39,50.0,0.42,15.7,0.08,0.02,615.804561,1776221536000
1776221538.319,138.319,0.62,10.0,0.61,50.0,0.7,10.0,0.73,13.2,0.3,10.0,0.27,13.2,0.38,10.0,0.39,50.0,0.08,0.08,615.804559,1776221537000
1776221539.538,139.538,0.62,10.0,0.61,50.0,0.7,10.0,0.73,13.2,0.3,10.0,0.27,13.2,0.38,10.0,0.39,50.0,0.08,0.08,615.796226,1776221538000
1776221539.758,139.758,0.62,10.0,0.61,50.0,0.67,5.0,0.72,12.9,0.3,10.0,0.27,13.2,0.38,10.0,0.39,50.0,0.05,0.08,615.796226,1776221538000
1776221540.258,140.258,0.62,10.0,0.61,50.0,0.67,5.0,0.72,12.9,0.33,5.0,0.28,12.9,0.38,10.0,0.39,50.0,0.05,0.05,615.796236,1776221539000
1776221542.966,142.966,0.62,10.0,0.61,50.0,0.67,5.0,0.72,12.9,0.33,5.0,0.28,12.9,0.38,10.0,0.39,50.0,0.05,0.05,615.79,1776221542000
1776221544.847,144.847,0.62,10.0,0.61,50.0,0.67,5.0,0.72,12.9,0.33,5.0,0.28,12.9,0.38,10.0,0.39,50.0,0.05,0.05,615.78707,1776221543000
1776221545.522,145.522,0.62,10.0,0.61,50.0,0.67,5.0,0.72,12.9,0.33,5.0,0.28,12.9,0.38,10.0,0.39,50.0,0.05,0.05,615.783768,1776221544000
1776221546.145,146.145,0.62,10.0,0.61,50.0,0.67,5.0,0.72,12.9,0.33,5.0,0.28,12.9,0.38,10.0,0.39,50.0,0.05,0.05,615.783876,1776221545000
1776221547.281,147.281,0.62,10.0,0.61,50.0,0.67,5.0,0.72,12.9,0.33,5.0,0.28,12.9,0.38,10.0,0.39,50.0,0.05,0.05,615.782856,1776221546000
1776221548.478,148.478,0.62,10.0,0.61,50.0,0.67,5.0,0.72,12.9,0.33,5.0,0.28,12.9,0.38,10.0,0.39,50.0,0.05,0.05,615.784515,1776221547000
1776221549.072,149.072,0.62,10.0,0.61,50.0,0.67,5.0,0.72,12.9,0.33,5.0,0.28,12.9,0.38,10.0,0.39,50.0,0.05,0.05,615.784515,1776221548000
1776221550.174,150.174,0.62,10.0,0.61,50.0,0.67,5.0,0.72,12.9,0.33,5.0,0.28,12.9,0.38,10.0,0.39,50.0,0.05,0.05,615.785635,1776221549000
1776221551.109,151.109,0.62,7.0,0.61,50.0,0.68,16.9,0.69,12.2,0.33,5.0,0.28,12.9,0.38,10.0,0.39,50.0,0.06,0.05,615.785635,1776221549000
1776221551.359,151.359,0.62,7.0,0.61,50.0,0.68,16.9,0.69,12.2,0.32,16.9,0.31,12.2,0.38,7.0,0.39,50.0,0.06,0.06,615.783285,1776221550000
1776221551.999,151.999,0.62,7.0,0.61,50.0,0.68,16.9,0.69,12.2,0.32,16.9,0.31,12.2,0.38,7.0,0.39,50.0,0.06,0.06,615.780505,1776221551000
1776221553.132,153.132,0.62,7.0,0.61,50.0,0.68,16.9,0.69,12.2,0.32,16.9,0.31,12.2,0.38,7.0,0.39,50.0,0.06,0.06,615.780505,1776221552000
1776221554.599,154.599,0.62,7.0,0.61,50.0,0.68,16.9,0.69,12.2,0.32,16.9,0.31,12.2,0.38,7.0,0.39,50.0,0.06,0.06,615.779756,1776221553000
1776221555.714,155.714,0.62,7.0,0.61,50.0,0.68,16.9,0.69,12.2,0.32,16.9,0.31,12.2,0.38,7.0,0.39,50.0,0.06,0.06,615.778588,1776221554000
1776221556.239,156.239,0.62,7.0,0.61,50.0,0.68,16.9,0.69,12.2,0.32,16.9,0.31,12.2,0.38,7.0,0.39,50.0,0.06,0.06,615.77238,1776221555000
1776221557.487,157.487,0.62,7.0,0.61,50.0,0.68,16.9,0.69,12.2,0.32,16.9,0.31,12.2,0.38,7.0,0.39,50.0,0.06,0.06,615.770495,1776221556000
1776221558.293,158.293,0.62,7.0,0.61,50.0,0.68,16.9,0.69,12.2,0.32,16.9,0.31,12.2,0.38,7.0,0.39,50.0,0.06,0.06,615.770357,1776221557000
1776221559.098,159.098,0.62,7.0,0.61,50.0,0.68,16.9,0.69,12.2,0.32,16.9,0.31,12.2,0.38,7.0,0.39,50.0,0.06,0.06,615.768571,1776221558000
1776221560.161,160.161,0.62,7.0,0.61,50.0,0.68,16.9,0.69,12.2,0.32,16.9,0.31,12.2,0.38,7.0,0.39,50.0,0.06,0.06,615.760244,1776221559000
1776221561.21,161.21,0.62,7.0,0.61,50.0,0.68,16.9,0.69,12.2,0.32,16.9,0.31,12.2,0.38,7.0,0.39,50.0,0.06,0.06,615.760216,1776221560000
1776221562.291,162.291,0.62,7.0,0.61,50.0,0.68,16.9,0.69,12.2,0.32,16.9,0.31,12.2,0.38,7.0,0.39,50.0,0.06,0.06,615.763538,1776221561000
1776221563.336,163.336,0.62,7.0,0.61,50.0,0.68,16.9,0.69,12.2,0.32,16.9,0.31,12.2,0.38,7.0,0.39,50.0,0.06,0.06,615.781798,1776221562000
1776221564.305,164.305,0.62,7.0,0.61,50.0,0.68,16.9,0.69,12.2,0.32,16.9,0.31,12.2,0.38,7.0,0.39,50.0,0.06,0.06,615.781846,1776221563000
1776221565.333,165.333,0.62,7.0,0.61,50.0,0.68,16.9,0.69,12.2,0.32,16.9,0.31,12.2,0.38,7.0,0.39,50.0,0.06,0.06,615.781846,1776221564000
1776221565.904,165.904,0.62,7.0,0.61,50.0,0.68,16.9,0.69,12.2,0.32,16.9,0.31,12.2,0.38,7.0,0.39,50.0,0.06,0.06,615.781798,1776221565000
1776221566.903,166.903,0.62,7.0,0.61,50.0,0.68,16.9,0.69,12.2,0.32,16.9,0.31,12.2,0.38,7.0,0.39,50.0,0.06,0.06,615.78179,1776221566000
1776221567.863,167.863,0.62,7.0,0.61,50.0,0.68,16.9,0.69,12.2,0.32,16.9,0.31,12.2,0.38,7.0,0.39,50.0,0.06,0.06,615.784577,1776221567000
1776221568.849,168.849,0.62,7.0,0.61,50.0,0.68,16.9,0.69,12.2,0.32,16.9,0.31,12.2,0.38,7.0,0.39,50.0,0.06,0.06,615.783537,1776221568000
1776221569.835,169.835,0.62,7.0,0.61,50.0,0.68,16.9,0.69,12.2,0.32,16.9,0.31,12.2,0.38,7.0,0.39,50.0,0.06,0.06,615.781878,1776221569000
1776221571.356,171.356,0.62,7.0,0.61,50.0,0.68,16.9,0.69,12.2,0.32,16.9,0.31,12.2,0.38,7.0,0.39,50.0,0.06,0.06,615.780245,1776221570000
1776221572.323,172.323,0.62,7.0,0.61,50.0,0.68,16.9,0.69,12.2,0.32,16.9,0.31,12.2,0.38,7.0,0.39,50.0,0.06,0.06,615.781343,1776221571000
1776221573.156,173.156,0.62,7.0,0.61,50.0,0.68,16.9,0.69,12.2,0.32,16.9,0.31,12.2,0.38,7.0,0.39,50.0,0.06,0.06,615.781206,1776221572000
1776221574.289,174.289,0.62,7.0,0.61,50.0,0.68,16.9,0.69,12.2,0.32,16.9,0.31,12.2,0.38,7.0,0.39,50.0,0.06,0.06,615.781206,1776221573000
1776221575.379,175.379,0.62,7.0,0.61,50.0,0.68,16.9,0.69,12.2,0.32,16.9,0.31,12.2,0.38,7.0,0.39,50.0,0.06,0.06,615.781206,1776221574000
1776221575.941,175.941,0.62,7.0,0.61,50.0,0.68,16.9,0.69,12.2,0.32,16.9,0.31,12.2,0.38,7.0,0.39,50.0,0.06,0.06,615.781206,1776221575000
1776221577.056,177.056,0.62,7.0,0.61,50.0,0.68,16.9,0.69,12.2,0.32,16.9,0.31,12.2,0.38,7.0,0.39,50.0,0.06,0.06,615.781116,1776221576000
1776221578.044,178.044,0.62,7.0,0.61,50.0,0.68,16.9,0.69,12.2,0.32,16.9,0.31,12.2,0.38,7.0,0.39,50.0,0.06,0.06,615.781116,1776221577000
1776221579.094,179.094,0.62,7.0,0.61,50.0,0.68,16.9,0.69,12.2,0.32,16.9,0.31,12.2,0.38,7.0,0.39,50.0,0.06,0.06,615.781272,1776221578000
1776221580.361,180.361,0.62,7.0,0.61,50.0,0.68,16.9,0.69,12.2,0.32,16.9,0.31,12.2,0.38,7.0,0.39,50.0,0.06,0.06,615.781271,1776221579000
1776221581.364,181.364,0.62,7.0,0.61,50.0,0.68,16.9,0.69,12.2,0.32,16.9,0.31,12.2,0.38,7.0,0.39,50.0,0.06,0.06,615.773367,1776221580000
1776221581.896,181.896,0.62,7.0,0.61,50.0,0.68,16.9,0.69,12.2,0.32,16.9,0.31,12.2,0.38,7.0,0.39,50.0,0.06,0.06,615.773367,1776221581000
1776221582.988,182.988,0.62,7.0,0.61,50.0,0.68,16.9,0.69,12.2,0.32,16.9,0.31,12.2,0.38,7.0,0.39,50.0,0.06,0.06,615.773371,1776221582000
1776221584.118,184.118,0.62,7.0,0.61,50.0,0.68,16.9,0.69,12.2,0.32,16.9,0.31,12.2,0.38,7.0,0.39,50.0,0.06,0.06,615.772344,1776221583000
1776221585.232,185.232,0.62,7.0,0.61,50.0,0.68,16.9,0.69,12.2,0.32,16.9,0.31,12.2,0.38,7.0,0.39,50.0,0.06,0.06,615.769241,1776221584000
1776221586.4,186.4,0.62,7.0,0.61,50.0,0.68,16.9,0.69,12.2,0.32,16.9,0.31,12.2,0.38,7.0,0.39,50.0,0.06,0.06,615.771,1776221585000
1776221587.592,187.592,0.62,7.0,0.61,50.0,0.68,16.9,0.69,12.2,0.32,16.9,0.31,12.2,0.38,7.0,0.39,50.0,0.06,0.06,615.77,1776221586000
1776221588.275,188.275,0.62,7.0,0.61,50.0,0.68,16.9,0.69,12.2,0.32,16.9,0.31,12.2,0.38,7.0,0.39,50.0,0.06,0.06,615.77,1776221587000
1776221589.644,189.644,0.62,7.0,0.61,50.0,0.68,16.9,0.69,12.2,0.32,16.9,0.31,12.2,0.38,7.0,0.39,50.0,0.06,0.06,615.769,1776221588000
1776221590.182,190.182,0.62,7.0,0.61,50.0,0.68,16.9,0.69,12.2,0.32,16.9,0.31,12.2,0.38,7.0,0.39,50.0,0.06,0.06,615.768925,1776221589000
1776221591.51,191.51,0.62,7.0,0.61,50.0,0.68,16.9,0.69,12.2,0.32,16.9,0.31,12.2,0.38,7.0,0.39,50.0,0.06,0.06,615.767,1776221590000
1776221592.131,192.131,0.62,7.0,0.61,50.0,0.68,16.9,0.69,12.2,0.32,16.9,0.31,12.2,0.38,7.0,0.39,50.0,0.06,0.06,615.767,1776221591000
1776221593.438,193.438,0.62,7.0,0.61,50.0,0.68,16.9,0.69,12.2,0.32,16.9,0.31,12.2,0.38,7.0,0.39,50.0,0.06,0.06,615.769,1776221592000
1776221594.002,194.002,0.62,7.0,0.61,50.0,0.68,16.9,0.69,12.2,0.32,16.9,0.31,12.2,0.38,7.0,0.39,50.0,0.06,0.06,615.780706,1776221593000
1776221595.282,195.282,0.62,7.0,0.61,50.0,0.68,16.9,0.69,12.2,0.32,16.9,0.31,12.2,0.38,7.0,0.39,50.0,0.06,0.06,615.780663,1776221594000
1776221596.534,196.534,0.62,7.0,0.61,50.0,0.68,16.9,0.69,12.2,0.32,16.9,0.31,12.2,0.38,7.0,0.39,50.0,0.06,0.06,615.78195,1776221595000
1776221597.122,197.122,0.62,7.0,0.61,50.0,0.68,16.9,0.69,12.2,0.32,16.9,0.31,12.2,0.38,7.0,0.39,50.0,0.06,0.06,615.78195,1776221596000
1776221598.409,198.409,0.62,7.0,0.61,50.0,0.68,16.9,0.69,12.2,0.32,16.9,0.31,12.2,0.38,7.0,0.39,50.0,0.06,0.06,615.782193,1776221597000
1776221598.987,198.987,0.62,7.0,0.61,50.0,0.68,16.9,0.69,12.2,0.32,16.9,0.31,12.2,0.38,7.0,0.39,50.0,0.06,0.06,615.782362,1776221598000
1776221600.568,200.568,0.62,7.0,0.61,50.0,0.68,16.9,0.69,12.2,0.32,16.9,0.31,12.2,0.38,7.0,0.39,50.0,0.06,0.06,615.782942,1776221599000
1776221601.191,201.191,0.66,11.6,0.65,11.4,0.72,1.0,0.76,5.0,0.28,1.0,0.24,5.0,0.34,11.6,0.35,11.4,0.06,0.06,615.789,1776221600000
1776221602.466,202.466,0.66,11.6,0.65,11.4,0.72,1.0,0.76,5.0,0.28,1.0,0.24,5.0,0.34,11.6,0.35,11.4,0.06,0.06,615.804,1776221601000
1776221603.099,203.099,0.66,11.6,0.65,11.4,0.72,1.0,0.76,5.0,0.28,1.0,0.24,5.0,0.34,11.6,0.35,11.4,0.06,0.06,615.804,1776221602000
1776221604.262,204.262,0.66,11.6,0.65,11.4,0.72,1.0,0.76,5.0,0.28,1.0,0.24,5.0,0.34,11.6,0.35,11.4,0.06,0.06,615.804,1776221603000
1776221606.307,206.307,0.66,11.6,0.65,11.4,0.72,1.0,0.76,5.0,0.28,1.0,0.24,5.0,0.34,11.6,0.35,11.4,0.06,0.06,615.853777,1776221605000
1776221606.992,206.992,0.66,11.6,0.65,11.4,0.72,1.0,0.76,5.0,0.28,1.0,0.24,5.0,0.34,11.6,0.35,11.4,0.06,0.06,615.876938,1776221606000
1776221608.64,208.64,0.66,11.6,0.65,11.4,0.72,1.0,0.76,5.0,0.28,1.0,0.24,5.0,0.34,11.6,0.35,11.4,0.06,0.06,615.964092,1776221607000
1776221609.264,209.264,0.66,11.6,0.65,11.4,0.72,1.0,0.76,5.0,0.28,1.0,0.24,5.0,0.34,11.6,0.35,11.4,0.06,0.06,615.964092,1776221608000
1776221610.051,210.051,0.66,11.6,0.65,11.4,0.72,1.0,0.76,5.0,0.28,1.0,0.24,5.0,0.34,11.6,0.35,11.4,0.06,0.06,615.9759,1776221609000
1776221611.412,211.412,0.66,11.6,0.65,11.4,0.72,1.0,0.76,5.0,0.28,1.0,0.24,5.0,0.34,11.6,0.35,11.4,0.06,0.06,615.97655,1776221610000
1776221612.125,212.125,0.66,11.6,0.65,11.4,0.72,1.0,0.76,5.0,0.28,1.0,0.24,5.0,0.34,11.6,0.35,11.4,0.06,0.06,615.96943,1776221611000
1776221613.519,213.519,0.66,11.6,0.65,11.4,0.72,1.0,0.76,5.0,0.28,1.0,0.24,5.0,0.34,11.6,0.35,11.4,0.06,0.06,615.97004,1776221612000
1776221614.24,214.24,0.66,11.6,0.65,11.4,0.72,1.0,0.76,5.0,0.28,1.0,0.24,5.0,0.34,11.6,0.35,11.4,0.06,0.06,615.952718,1776221613000
1776221615.789,215.789,0.66,11.6,0.65,11.4,0.72,1.0,0.76,5.0,0.28,1.0,0.24,5.0,0.34,11.6,0.35,11.4,0.06,0.06,615.935066,1776221614000
1776221616.476,216.476,0.66,11.6,0.65,11.4,0.72,1.0,0.76,5.0,0.28,1.0,0.24,5.0,0.34,11.6,0.35,11.4,0.06,0.06,615.879,1776221615000
1776221617.283,217.283,0.66,11.6,0.65,11.4,0.72,1.0,0.76,5.0,0.28,1.0,0.24,5.0,0.34,11.6,0.35,11.4,0.06,0.06,615.879,1776221616000
1776221618.648,218.648,0.66,11.6,0.65,11.4,0.72,1.0,0.76,5.0,0.28,1.0,0.24,5.0,0.34,11.6,0.35,11.4,0.06,0.06,615.861154,1776221617000
1776221619.3,219.3,0.66,11.6,0.65,11.4,0.72,1.0,0.76,5.0,0.28,1.0,0.24,5.0,0.34,11.6,0.35,11.4,0.06,0.06,615.869251,1776221618000
1776221620.028,220.028,0.66,11.6,0.65,11.4,0.72,1.0,0.76,5.0,0.28,1.0,0.24,5.0,0.34,11.6,0.35,11.4,0.06,0.06,615.875,1776221619000
1776221621.524,221.524,0.66,11.6,0.65,11.4,0.72,1.0,0.76,5.0,0.28,1.0,0.24,5.0,0.34,11.6,0.35,11.4,0.06,0.06,615.873,1776221620000
1776221622.278,222.278,0.66,11.6,0.65,11.4,0.72,1.0,0.76,5.0,0.28,1.0,0.24,5.0,0.34,11.6,0.35,11.4,0.06,0.06,615.878,1776221621000
1776221623.264,223.264,0.66,11.6,0.65,11.4,0.72,1.0,0.76,5.0,0.28,1.0,0.24,5.0,0.34,11.6,0.35,11.4,0.06,0.06,615.882,1776221622000
1776221624.285,224.285,0.66,11.6,0.65,11.4,0.72,1.0,0.76,5.0,0.28,1.0,0.24,5.0,0.34,11.6,0.35,11.4,0.06,0.06,615.864,1776221623000
1776221625.282,225.282,0.66,11.6,0.65,11.4,0.72,1.0,0.76,5.0,0.28,1.0,0.24,5.0,0.34,11.6,0.35,11.4,0.06,0.06,615.872,1776221624000
1776221626.335,226.335,0.66,11.6,0.65,11.4,0.72,1.0,0.76,5.0,0.28,1.0,0.24,5.0,0.34,11.6,0.35,11.4,0.06,0.06,615.868,1776221625000
1776221626.859,226.859,0.66,11.6,0.65,11.4,0.72,1.0,0.76,5.0,0.28,1.0,0.24,5.0,0.34,11.6,0.35,11.4,0.06,0.06,615.868,1776221626000
1776221627.855,227.855,0.66,11.6,0.65,11.4,0.72,1.0,0.76,5.0,0.28,1.0,0.24,5.0,0.34,11.6,0.35,11.4,0.06,0.06,615.85388,1776221627000
1776221628.976,228.976,0.66,11.6,0.65,11.4,0.72,1.0,0.76,5.0,0.28,1.0,0.24,5.0,0.34,11.6,0.35,11.4,0.06,0.06,615.856533,1776221628000
1776221630.066,230.066,0.66,11.6,0.65,11.4,0.72,1.0,0.76,5.0,0.28,1.0,0.24,5.0,0.34,11.6,0.35,11.4,0.06,0.06,615.858817,1776221629000
1776221631.156,231.156,0.66,11.6,0.65,11.4,0.72,1.0,0.76,5.0,0.28,1.0,0.24,5.0,0.34,11.6,0.35,11.4,0.06,0.06,615.85835,1776221630000
1776221632.247,232.247,0.66,11.6,0.65,11.4,0.72,1.0,0.76,5.0,0.28,1.0,0.24,5.0,0.34,11.6,0.35,11.4,0.06,0.06,615.855427,1776221631000
1776221633.285,233.285,0.66,11.6,0.65,11.4,0.72,1.0,0.76,5.0,0.28,1.0,0.24,5.0,0.34,11.6,0.35,11.4,0.06,0.06,615.855427,1776221632000
1776221634.41,234.41,0.66,11.6,0.65,11.4,0.72,1.0,0.76,5.0,0.28,1.0,0.24,5.0,0.34,11.6,0.35,11.4,0.06,0.06,615.854891,1776221633000
1776221634.834,234.834,0.66,11.6,0.65,11.4,0.72,1.0,0.76,5.0,0.28,1.0,0.24,5.0,0.34,11.6,0.35,11.4,0.06,0.06,615.852892,1776221634000
1776221635.895,235.895,0.66,11.6,0.65,11.4,0.72,1.0,0.76,5.0,0.28,1.0,0.24,5.0,0.34,11.6,0.35,11.4,0.06,0.06,615.855427,1776221635000
1776221637.007,237.007,0.66,11.6,0.65,11.4,0.72,1.0,0.76,5.0,0.28,1.0,0.24,5.0,0.34,11.6,0.35,11.4,0.06,0.06,615.859,1776221636000
1776221638.098,238.098,0.66,11.6,0.65,11.4,0.72,1.0,0.76,5.0,0.28,1.0,0.24,5.0,0.34,11.6,0.35,11.4,0.06,0.06,615.86,1776221637000
1776221639.156,239.156,0.66,11.6,0.65,11.4,0.72,1.0,0.76,5.0,0.28,1.0,0.24,5.0,0.34,11.6,0.35,11.4,0.06,0.06,615.861,1776221638000
1776221640.177,240.177,0.66,11.6,0.65,11.4,0.72,1.0,0.76,5.0,0.28,1.0,0.24,5.0,0.34,11.6,0.35,11.4,0.06,0.06,615.865,1776221639000
1776221641.202,241.202,0.66,11.6,0.65,11.4,0.72,1.0,0.76,5.0,0.28,1.0,0.24,5.0,0.34,11.6,0.35,11.4,0.06,0.06,615.863,1776221640000
1776221642.284,242.284,0.66,11.6,0.65,11.4,0.72,1.0,0.76,5.0,0.28,1.0,0.24,5.0,0.34,11.6,0.35,11.4,0.06,0.06,615.862,1776221641000
1776221643.293,243.293,0.66,11.6,0.65,11.4,0.72,1.0,0.76,5.0,0.28,1.0,0.24,5.0,0.34,11.6,0.35,11.4,0.06,0.06,615.871,1776221642000
1776221643.817,243.817,0.66,11.6,0.65,11.4,0.72,1.0,0.76,5.0,0.28,1.0,0.24,5.0,0.34,11.6,0.35,11.4,0.06,0.06,615.871,1776221643000
1776221644.94,244.94,0.66,11.6,0.65,11.4,0.72,1.0,0.76,5.0,0.28,1.0,0.24,5.0,0.34,11.6,0.35,11.4,0.06,0.06,615.874,1776221644000
1776221646.123,246.123,0.66,11.6,0.65,11.4,0.72,1.0,0.76,5.0,0.28,1.0,0.24,5.0,0.34,11.6,0.35,11.4,0.06,0.06,615.882,1776221645000
1776221647.239,247.239,0.66,11.6,0.65,11.4,0.72,1.0,0.76,5.0,0.28,1.0,0.24,5.0,0.34,11.6,0.35,11.4,0.06,0.06,615.879,1776221646000
1776221648.191,248.191,0.66,11.6,0.65,11.4,0.72,1.0,0.76,5.0,0.28,1.0,0.24,5.0,0.34,11.6,0.35,11.4,0.06,0.06,615.879,1776221647000
1776221649.312,249.312,0.66,11.6,0.65,11.4,0.72,1.0,0.76,5.0,0.28,1.0,0.24,5.0,0.34,11.6,0.35,11.4,0.06,0.06,615.88,1776221648000
1776221650.959,250.959,0.66,11.6,0.65,11.4,0.72,1.0,0.76,5.0,0.28,1.0,0.24,5.0,0.34,11.6,0.35,11.4,0.06,0.06,615.868,1776221649000
1776221651.492,251.492,0.66,11.6,0.65,11.4,0.72,1.0,0.76,5.0,0.28,1.0,0.24,5.0,0.34,11.6,0.35,11.4,0.06,0.06,615.874,1776221650000
1776221652.087,252.087,0.66,11.6,0.65,11.4,0.72,1.0,0.76,5.0,0.28,1.0,0.24,5.0,0.34,11.6,0.35,11.4,0.06,0.06,615.874,1776221651000
1776221653.114,253.114,0.66,11.6,0.65,11.4,0.72,1.0,0.76,5.0,0.28,1.0,0.24,5.0,0.34,11.6,0.35,11.4,0.06,0.06,615.887521,1776221652000
1776221654.31,254.31,0.66,11.6,0.65,11.4,0.72,1.0,0.76,5.0,0.28,1.0,0.24,5.0,0.34,11.6,0.35,11.4,0.06,0.06,615.899,1776221653000
1776221654.948,254.948,0.66,11.6,0.65,11.4,0.72,1.0,0.76,5.0,0.28,1.0,0.24,5.0,0.34,11.6,0.35,11.4,0.06,0.06,615.899,1776221654000
1776221656.015,256.015,0.66,11.6,0.65,11.4,0.72,1.0,0.76,5.0,0.28,1.0,0.24,5.0,0.34,11.6,0.35,11.4,0.06,0.06,615.899,1776221655000
1776221657.128,257.128,0.66,11.6,0.65,11.4,0.72,1.0,0.76,5.0,0.28,1.0,0.24,5.0,0.34,11.6,0.35,11.4,0.06,0.06,615.88,1776221656000
1776221658.265,258.265,0.66,11.6,0.65,11.4,0.72,1.0,0.76,5.0,0.28,1.0,0.24,5.0,0.34,11.6,0.35,11.4,0.06,0.06,615.861432,1776221657000
1776221659.181,259.181,0.66,11.6,0.65,11.4,0.72,1.0,0.76,5.0,0.28,1.0,0.24,5.0,0.34,11.6,0.35,11.4,0.06,0.06,615.864,1776221658000
1776221660.358,260.358,0.66,11.6,0.65,11.4,0.72,1.0,0.76,5.0,0.28,1.0,0.24,5.0,0.34,11.6,0.35,11.4,0.06,0.06,615.86,1776221659000
1776221661.359,261.359,0.66,11.6,0.65,11.4,0.72,1.0,0.76,5.0,0.28,1.0,0.24,5.0,0.34,11.6,0.35,11.4,0.06,0.06,615.852,1776221660000
1776221662.078,262.078,0.87,23.0,0.86,21.6,0.94,46.1,0.95,54.7,0.28,1.0,0.24,5.0,0.34,11.6,0.35,11.4,0.07,0.06,615.852,1776221660000
1776221662.434,262.434,0.87,23.0,0.86,21.6,0.94,46.1,0.95,54.7,0.06,46.1,0.05,54.7,0.13,23.0,0.14,21.6,0.07,0.07,615.857,1776221661000
1776221662.905,262.905,0.87,23.0,0.86,21.6,0.94,46.1,0.95,54.7,0.06,46.1,0.05,54.7,0.13,23.0,0.14,21.6,0.07,0.07,615.857,1776221662000
1776221664.004,264.004,0.87,23.0,0.86,21.6,0.94,46.1,0.95,54.7,0.06,46.1,0.05,54.7,0.13,23.0,0.14,21.6,0.07,0.07,615.856,1776221663000
1776221665.12,265.12,0.87,23.0,0.86,21.6,0.94,46.1,0.95,54.7,0.06,46.1,0.05,54.7,0.13,23.0,0.14,21.6,0.07,0.07,615.864,1776221664000
1776221666.292,266.292,0.87,23.0,0.86,21.6,0.94,46.1,0.95,54.7,0.06,46.1,0.05,54.7,0.13,23.0,0.14,21.6,0.07,0.07,615.879,1776221665000
1776221666.829,266.829,0.87,23.0,0.86,21.6,0.94,46.1,0.95,54.7,0.06,46.1,0.05,54.7,0.13,23.0,0.14,21.6,0.07,0.07,615.872472,1776221666000
1776221668.103,268.103,0.87,23.0,0.86,21.6,0.94,46.1,0.95,54.7,0.06,46.1,0.05,54.7,0.13,23.0,0.14,21.6,0.07,0.07,615.879,1776221667000
1776221669.383,269.383,0.87,23.0,0.86,21.6,0.94,46.1,0.95,54.7,0.06,46.1,0.05,54.7,0.13,23.0,0.14,21.6,0.07,0.07,615.894,1776221668000
1776221670.13,270.13,0.87,23.0,0.86,21.6,0.94,46.1,0.95,54.7,0.06,46.1,0.05,54.7,0.13,23.0,0.14,21.6,0.07,0.07,615.869,1776221669000
1776221671.257,271.257,0.87,23.0,0.86,21.6,0.94,46.1,0.95,54.7,0.06,46.1,0.05,54.7,0.13,23.0,0.14,21.6,0.07,0.07,615.864,1776221670000
1776221672.335,272.335,0.87,23.0,0.86,21.6,0.94,46.1,0.95,54.7,0.06,46.1,0.05,54.7,0.13,23.0,0.14,21.6,0.07,0.07,615.864,1776221671000
1776221672.919,272.919,0.87,23.0,0.86,21.6,0.94,46.1,0.95,54.7,0.06,46.1,0.05,54.7,0.13,23.0,0.14,21.6,0.07,0.07,615.864,1776221672000
1776221674.083,274.083,0.87,23.0,0.86,21.6,0.94,46.1,0.95,54.7,0.06,46.1,0.05,54.7,0.13,23.0,0.14,21.6,0.07,0.07,615.872,1776221673000
1776221675.296,275.296,0.87,23.0,0.86,21.6,0.94,46.1,0.95,54.7,0.06,46.1,0.05,54.7,0.13,23.0,0.14,21.6,0.07,0.07,615.871,1776221674000
1776221676.428,276.428,0.87,23.0,0.86,21.6,0.94,46.1,0.95,54.7,0.06,46.1,0.05,54.7,0.13,23.0,0.14,21.6,0.07,0.07,615.871,1776221675000
1776221677.088,277.088,0.87,23.0,0.86,21.6,0.94,46.1,0.95,54.7,0.06,46.1,0.05,54.7,0.13,23.0,0.14,21.6,0.07,0.07,615.871,1776221676000
1776221678.425,278.425,0.87,23.0,0.86,21.6,0.94,46.1,0.95,54.7,0.06,46.1,0.05,54.7,0.13,23.0,0.14,21.6,0.07,0.07,615.872,1776221677000
1776221679.003,279.003,0.87,23.0,0.86,21.6,0.94,46.1,0.95,54.7,0.06,46.1,0.05,54.7,0.13,23.0,0.14,21.6,0.07,0.07,615.872,1776221678000
1776221680.723,280.723,0.87,23.0,0.86,21.6,0.94,46.1,0.95,54.7,0.06,46.1,0.05,54.7,0.13,23.0,0.14,21.6,0.07,0.07,615.873,1776221679000
1776221681.266,281.266,0.87,23.0,0.86,21.6,0.94,46.1,0.95,54.7,0.06,46.1,0.05,54.7,0.13,23.0,0.14,21.6,0.07,0.07,615.87,1776221680000
1776221682.598,282.598,0.87,23.0,0.86,21.6,0.94,46.1,0.95,54.7,0.06,46.1,0.05,54.7,0.13,23.0,0.14,21.6,0.07,0.07,615.86,1776221681000
1776221683.431,283.431,0.87,23.0,0.86,21.6,0.94,46.1,0.95,54.7,0.06,46.1,0.05,54.7,0.13,23.0,0.14,21.6,0.07,0.07,615.869988,1776221682000
1776221684.158,284.158,0.87,23.0,0.86,21.6,0.94,46.1,0.95,54.7,0.06,46.1,0.05,54.7,0.13,23.0,0.14,21.6,0.07,0.07,615.867,1776221683000
1776221685.304,285.304,0.87,23.0,0.86,21.6,0.94,46.1,0.95,54.7,0.06,46.1,0.05,54.7,0.13,23.0,0.14,21.6,0.07,0.07,615.876,1776221684000
1776221686.497,286.497,0.87,23.0,0.86,21.6,0.94,46.1,0.95,54.7,0.06,46.1,0.05,54.7,0.13,23.0,0.14,21.6,0.07,0.07,615.869,1776221685000
1776221687.265,287.265,0.87,23.0,0.86,21.6,0.94,46.1,0.95,54.7,0.06,46.1,0.05,54.7,0.13,23.0,0.14,21.6,0.07,0.07,615.871,1776221686000
1776221688.579,288.579,0.87,23.0,0.86,21.6,0.94,46.1,0.95,54.7,0.06,46.1,0.05,54.7,0.13,23.0,0.14,21.6,0.07,0.07,615.867,1776221687000
1776221689.248,289.248,0.87,23.0,0.86,21.6,0.94,46.1,0.95,54.7,0.06,46.1,0.05,54.7,0.13,23.0,0.14,21.6,0.07,0.07,615.867,1776221688000
1776221690.604,290.604,0.87,23.0,0.86,21.6,0.94,46.1,0.95,54.7,0.06,46.1,0.05,54.7,0.13,23.0,0.14,21.6,0.07,0.07,615.883,1776221689000
1776221691.139,291.139,0.95,10.0,0.81,50.0,0.97,85.0,0.98,10.0,0.03,85.0,0.02,10.0,0.05,10.0,0.19,50.0,0.02,0.02,615.883,1776221690000
1776221691.351,291.351,0.95,10.0,0.81,50.0,0.97,42.5,0.98,10.0,0.03,85.0,0.02,10.0,0.05,10.0,0.19,50.0,0.02,0.02,615.883,1776221690000
1776221692.442,292.442,0.95,10.0,0.81,50.0,0.97,42.5,0.98,10.0,0.03,42.5,0.02,10.0,0.05,10.0,0.19,50.0,0.02,0.02,615.877,1776221691000
1776221693.105,293.105,0.95,10.0,0.81,50.0,0.97,42.5,0.98,10.0,0.03,42.5,0.02,10.0,0.05,10.0,0.19,50.0,0.02,0.02,615.877,1776221692000
1776221694.329,294.329,0.95,10.0,0.81,50.0,0.97,21.25,0.98,10.0,0.03,21.25,0.02,10.0,0.05,10.0,0.19,50.0,0.02,0.02,615.90949,1776221693000
1776221695.019,295.019,0.95,10.0,0.81,50.0,0.97,21.25,0.98,10.0,0.03,21.25,0.02,10.0,0.05,10.0,0.19,50.0,0.02,0.02,615.91416,1776221694000
1776221695.37,295.37,0.95,10.0,0.81,50.0,0.98,10.0,0.99,215.0,0.03,21.25,0.02,10.0,0.05,10.0,0.19,50.0,0.03,0.02,615.91416,1776221694000
1776221695.832,295.832,0.95,10.0,0.81,50.0,0.98,7.97,0.99,215.0,0.02,10.0,0.01,215.0,0.05,10.0,0.19,50.0,0.03,0.03,615.91416,1776221694000
1776221696.362,296.362,0.95,10.0,0.81,50.0,0.98,7.97,0.99,215.0,0.02,7.97,0.01,215.0,0.05,10.0,0.19,50.0,0.03,0.03,615.899,1776221695000
1776221697.33,297.33,0.95,10.0,0.81,50.0,0.99,207.63,,,0.02,6.85,0.01,215.0,0.05,10.0,0.19,50.0,0.04,0.03,615.899,1776221695000
1776221697.729,297.729,0.95,5.0,0.81,50.0,,,,,,,,,0.01,19.17,0.05,5.0,,,615.899,1776221696000
1776221698.04,298.04,0.95,5.0,0.81,50.0,,,,,,,,,0.05,5.0,0.19,50.0,,,615.899,1776221696000
1776221698.386,298.386,0.95,5.0,0.81,50.0,,,,,,,,,0.05,5.0,0.19,50.0,,,615.901,1776221697000
1776221699.162,299.162,0.95,5.0,0.81,50.0,,,,,,,,,0.05,5.0,0.19,50.0,,,615.904,1776221698000
1776221700.388,300.388,0.95,5.0,0.81,50.0,,,,,,,,,0.05,5.0,0.19,50.0,,,615.90451,1776221699000
1776221700.905,300.905,0.95,5.0,0.81,50.0,,,,,,,,,0.05,5.0,0.19,50.0,,,615.86401,1776221700000
1776221701.973,301.973,0.95,5.0,0.81,50.0,,,,,,,,,0.05,5.0,0.19,50.0,,,615.869497,1776221701000
1776221702.962,302.962,0.95,5.0,0.81,50.0,,,,,,,,,0.05,5.0,0.19,50.0,,,615.91154,1776221702000

# RESULT,winner=Up,slug=bnb-updown-5m-1776221400,ticks=304
