timestamp,elapsed_sec,up_bid_p1,up_bid_s1,up_bid_p2,up_bid_s2,up_ask_p1,up_ask_s1,up_ask_p2,up_ask_s2,down_bid_p1,down_bid_s1,down_bid_p2,down_bid_s2,down_ask_p1,down_ask_s1,down_ask_p2,down_ask_s2,up_spread,down_spread,bnb_price,bnb_oracle_ts
1776227411.185,11.185,,,,,,,,,,,,,,,,,,,615.01,1776227410000
1776227411.407,11.407,0.52,10.0,0.46,5.0,0.55,10.0,0.6,10.0,0.45,10.0,0.4,10.0,0.48,10.0,0.54,5.0,0.03,0.03,615.01,1776227410000
1776227411.706,11.706,0.47,10.0,0.46,5.0,0.55,10.0,0.6,10.0,0.45,10.0,0.4,10.0,0.48,10.0,0.54,5.0,0.08,0.03,615.01,1776227410000
1776227412.258,12.258,0.47,10.0,0.46,5.0,0.55,10.0,0.6,10.0,0.45,10.0,0.4,10.0,0.53,10.0,0.54,5.0,0.08,0.08,615.012,1776227411000
1776227413.36,13.36,0.47,10.0,0.46,5.0,0.55,10.0,0.6,10.0,0.45,10.0,0.4,10.0,0.53,10.0,0.54,5.0,0.08,0.08,615.014,1776227412000
1776227414.16,14.16,0.47,10.0,0.45,5.0,0.55,5.99,0.6,10.0,0.45,10.0,0.4,10.0,0.53,10.0,0.54,5.0,0.08,0.08,615.014,1776227412000
1776227414.595,14.595,0.47,10.0,0.45,5.0,0.55,1.38,0.56,5.0,0.45,5.99,0.4,10.0,0.53,10.0,0.55,5.0,0.08,0.08,615.013,1776227413000
1776227415.412,15.412,0.47,10.0,0.45,5.0,0.55,1.38,0.56,5.0,0.45,1.38,0.44,5.0,0.53,10.0,0.55,5.0,0.08,0.08,615.013,1776227414000
1776227415.841,15.841,0.47,10.0,0.45,5.0,0.55,1.38,0.56,5.0,0.45,1.38,0.44,5.0,0.53,10.0,0.55,5.0,0.08,0.08,615.013,1776227415000
1776227417.068,17.068,0.47,10.0,0.45,5.0,0.55,1.38,0.56,5.0,0.45,1.38,0.44,5.0,0.53,10.0,0.55,5.0,0.08,0.08,615.013,1776227416000
1776227417.352,17.352,0.46,6.5,0.45,5.0,0.56,5.0,0.57,5.0,0.45,1.38,0.44,5.0,0.53,10.0,0.55,5.0,0.1,0.08,615.013,1776227416000
1776227418.033,18.033,0.46,6.5,0.45,5.0,0.56,5.0,0.57,5.0,0.44,5.0,0.43,5.0,0.54,6.5,0.55,5.0,0.1,0.1,615.012,1776227417000
1776227419.134,19.134,0.46,6.5,0.45,5.0,0.56,5.0,0.57,5.0,0.44,5.0,0.43,5.0,0.54,6.5,0.55,5.0,0.1,0.1,615.012,1776227418000
1776227420.219,20.219,0.46,6.5,0.45,5.0,0.56,5.0,0.57,5.0,0.44,5.0,0.43,5.0,0.54,6.5,0.55,5.0,0.1,0.1,615.013,1776227419000
1776227421.313,21.313,0.46,6.5,0.45,5.0,0.56,5.0,0.57,5.0,0.44,5.0,0.43,5.0,0.54,6.5,0.55,5.0,0.1,0.1,615.039,1776227420000
1776227421.887,21.887,0.46,6.5,0.45,5.0,0.56,5.0,0.57,5.0,0.44,5.0,0.43,5.0,0.54,6.5,0.55,5.0,0.1,0.1,615.039,1776227421000
1776227423.111,23.111,0.46,6.5,0.45,5.0,0.56,5.0,0.57,5.0,0.44,5.0,0.43,5.0,0.54,6.5,0.55,5.0,0.1,0.1,615.039,1776227422000
1776227424.796,24.796,0.45,2.29,0.44,5.0,0.56,5.0,0.57,5.0,0.44,5.0,0.43,5.0,0.54,6.5,0.55,5.0,0.11,0.1,615.039,1776227422000
1776227425.81,25.81,0.45,2.29,0.44,5.0,0.56,5.0,0.57,5.0,0.44,5.0,0.43,5.0,0.55,2.29,0.56,5.0,0.11,0.11,615.047,1776227424000
1776227426.382,26.382,0.45,2.29,0.44,5.0,0.56,5.0,0.57,5.0,0.44,5.0,0.43,5.0,0.55,2.29,0.56,5.0,0.11,0.11,615.047,1776227425000
1776227426.888,26.888,0.45,2.29,0.44,5.0,0.56,5.0,0.57,5.0,0.44,5.0,0.43,5.0,0.55,2.29,0.56,5.0,0.11,0.11,615.045,1776227426000
1776227427.806,27.806,0.45,2.29,0.44,5.0,0.56,5.0,0.57,5.0,0.44,5.0,0.43,5.0,0.55,2.29,0.56,5.0,0.11,0.11,615.045,1776227427000
1776227428.13,28.13,0.59,23.0,0.56,5.0,0.63,0.68,0.68,5.0,0.44,5.0,0.43,5.0,0.55,2.29,0.56,5.0,0.04,0.11,615.045,1776227427000
1776227428.887,28.887,0.59,23.0,0.56,5.0,0.69,1.93,0.74,5.0,0.31,1.93,0.26,5.0,0.41,23.0,0.44,5.0,0.1,0.1,615.051,1776227428000
1776227429.888,29.888,0.59,23.0,0.56,5.0,0.69,1.93,0.74,5.0,0.31,1.93,0.26,5.0,0.41,23.0,0.44,5.0,0.1,0.1,615.101142,1776227429000
1776227430.846,30.846,0.59,23.0,0.56,5.0,0.69,1.93,0.74,5.0,0.31,1.93,0.26,5.0,0.41,23.0,0.44,5.0,0.1,0.1,615.196,1776227430000
1776227431.787,31.787,0.59,23.0,0.56,5.0,0.69,1.93,0.74,5.0,0.31,1.93,0.26,5.0,0.41,23.0,0.44,5.0,0.1,0.1,615.196,1776227431000
1776227432.651,32.651,0.6,10.0,0.59,23.0,0.69,5.0,0.71,10.0,0.31,1.93,0.26,5.0,0.41,23.0,0.44,5.0,0.09,0.1,615.196,1776227431000
1776227433.372,33.372,0.6,10.0,0.59,23.0,0.69,5.0,0.71,10.0,0.31,5.0,0.29,10.0,0.4,10.0,0.41,23.0,0.09,0.09,615.216,1776227432000
1776227434.329,34.329,0.6,10.0,0.59,23.0,0.69,5.0,0.71,10.0,0.31,5.0,0.29,10.0,0.4,10.0,0.41,23.0,0.09,0.09,615.219,1776227433000
1776227435.279,35.279,0.6,10.0,0.59,23.0,0.69,5.0,0.71,10.0,0.31,5.0,0.29,10.0,0.4,10.0,0.41,23.0,0.09,0.09,615.218,1776227434000
1776227436.241,36.241,0.6,10.0,0.59,23.0,0.69,5.0,0.71,10.0,0.31,5.0,0.29,10.0,0.4,10.0,0.41,23.0,0.09,0.09,615.22,1776227435000
1776227437.268,37.268,0.6,10.0,0.59,23.0,0.69,5.0,0.71,10.0,0.31,5.0,0.29,10.0,0.4,10.0,0.41,23.0,0.09,0.09,615.22,1776227436000
1776227438.731,38.731,0.6,10.0,0.59,23.0,0.69,5.0,0.71,10.0,0.31,5.0,0.29,10.0,0.4,10.0,0.41,23.0,0.09,0.09,615.222,1776227437000
1776227439.262,39.262,0.6,10.0,0.59,23.0,0.69,5.0,0.71,10.0,0.31,5.0,0.29,10.0,0.4,10.0,0.41,23.0,0.09,0.09,615.224,1776227438000
1776227440.312,40.312,0.6,10.0,0.59,23.0,0.69,5.0,0.71,10.0,0.31,5.0,0.29,10.0,0.4,10.0,0.41,23.0,0.09,0.09,615.231,1776227439000
1776227441.375,41.375,0.6,10.0,0.59,23.0,0.69,5.0,0.71,10.0,0.31,5.0,0.29,10.0,0.4,10.0,0.41,23.0,0.09,0.09,615.232,1776227440000
1776227442.033,42.033,0.6,10.0,0.59,23.0,0.69,5.0,0.71,10.0,0.31,5.0,0.29,10.0,0.4,10.0,0.41,23.0,0.09,0.09,615.232,1776227441000
1776227442.965,42.965,0.6,10.0,0.59,23.0,0.69,5.0,0.71,10.0,0.31,5.0,0.29,10.0,0.4,10.0,0.41,23.0,0.09,0.09,615.179,1776227442000
1776227443.961,43.961,0.6,10.0,0.59,23.0,0.69,5.0,0.71,10.0,0.31,5.0,0.29,10.0,0.4,10.0,0.41,23.0,0.09,0.09,615.179,1776227443000
1776227445.005,45.005,0.6,10.0,0.59,23.0,0.69,5.0,0.71,10.0,0.31,5.0,0.29,10.0,0.4,10.0,0.41,23.0,0.09,0.09,615.176,1776227444000
1776227446.175,46.175,0.6,10.0,0.59,23.0,0.69,5.0,0.71,10.0,0.31,5.0,0.29,10.0,0.4,10.0,0.41,23.0,0.09,0.09,615.201,1776227445000
1776227447.244,47.244,0.6,10.0,0.59,23.0,0.69,5.0,0.71,10.0,0.31,5.0,0.29,10.0,0.4,10.0,0.41,23.0,0.09,0.09,615.2,1776227446000
1776227448.354,48.354,0.6,10.0,0.59,23.0,0.69,5.0,0.71,10.0,0.31,5.0,0.29,10.0,0.4,10.0,0.41,23.0,0.09,0.09,615.201,1776227447000
1776227448.887,48.887,0.6,10.0,0.59,23.0,0.69,5.0,0.71,10.0,0.31,5.0,0.29,10.0,0.4,10.0,0.41,23.0,0.09,0.09,615.201,1776227448000
1776227449.903,49.903,0.6,10.0,0.59,23.0,0.69,5.0,0.71,10.0,0.31,5.0,0.29,10.0,0.4,10.0,0.41,23.0,0.09,0.09,615.214,1776227449000
1776227450.911,50.911,0.6,10.0,0.59,23.0,0.69,5.0,0.71,10.0,0.31,5.0,0.29,10.0,0.4,10.0,0.41,23.0,0.09,0.09,615.204,1776227450000
1776227452.507,52.507,0.6,10.0,0.59,23.0,0.69,5.0,0.71,10.0,0.31,5.0,0.29,10.0,0.4,10.0,0.41,23.0,0.09,0.09,615.21,1776227451000
1776227453.09,53.09,0.6,10.0,0.59,23.0,0.69,5.0,0.71,10.0,0.31,5.0,0.29,10.0,0.4,10.0,0.41,23.0,0.09,0.09,615.21,1776227452000
1776227454.332,54.332,0.6,10.0,0.59,23.0,0.69,5.0,0.71,10.0,0.31,5.0,0.29,10.0,0.4,10.0,0.41,23.0,0.09,0.09,615.214,1776227453000
1776227455.55,55.55,0.6,10.0,0.59,23.0,0.69,5.0,0.71,10.0,0.31,5.0,0.29,10.0,0.4,10.0,0.41,23.0,0.09,0.09,615.204,1776227454000
1776227456.094,56.094,0.6,10.0,0.59,23.0,0.69,5.0,0.71,10.0,0.31,5.0,0.29,10.0,0.4,10.0,0.41,23.0,0.09,0.09,615.204,1776227455000
1776227457.286,57.286,0.6,10.0,0.59,23.0,0.69,5.0,0.71,10.0,0.31,5.0,0.29,10.0,0.4,10.0,0.41,23.0,0.09,0.09,615.193,1776227456000
1776227458.516,58.516,0.6,10.0,0.59,23.0,0.69,5.0,0.71,10.0,0.31,5.0,0.29,10.0,0.4,10.0,0.41,23.0,0.09,0.09,615.193,1776227457000
1776227459.178,59.178,0.6,10.0,0.59,23.0,0.69,5.0,0.71,10.0,0.31,5.0,0.29,10.0,0.4,10.0,0.41,23.0,0.09,0.09,615.193,1776227458000
1776227460.316,60.316,0.6,10.0,0.59,23.0,0.69,5.0,0.71,10.0,0.31,5.0,0.29,10.0,0.4,10.0,0.41,23.0,0.09,0.09,615.19,1776227459000
1776227460.949,60.949,0.6,10.0,0.59,23.0,0.69,5.0,0.71,10.0,0.31,5.0,0.29,10.0,0.4,10.0,0.41,23.0,0.09,0.09,615.19,1776227460000
1776227462.183,62.183,0.6,10.0,0.59,23.0,0.69,5.0,0.71,10.0,0.31,5.0,0.29,10.0,0.4,10.0,0.41,23.0,0.09,0.09,615.178,1776227461000
1776227463.521,63.521,0.6,10.0,0.59,23.0,0.69,5.0,0.71,10.0,0.31,5.0,0.29,10.0,0.4,10.0,0.41,23.0,0.09,0.09,615.127956,1776227462000
1776227463.978,63.978,0.6,10.0,0.59,23.0,0.69,5.0,0.71,10.0,0.31,5.0,0.29,10.0,0.4,10.0,0.41,23.0,0.09,0.09,615.127956,1776227463000
1776227465.18,65.18,0.6,10.0,0.59,23.0,0.69,5.0,0.71,10.0,0.31,5.0,0.29,10.0,0.4,10.0,0.41,23.0,0.09,0.09,615.127956,1776227464000
1776227466.598,66.598,0.6,10.0,0.59,23.0,0.69,5.0,0.71,10.0,0.31,5.0,0.29,10.0,0.4,10.0,0.41,23.0,0.09,0.09,615.126177,1776227465000
1776227467.136,67.136,0.6,10.0,0.59,23.0,0.69,5.0,0.71,10.0,0.31,5.0,0.29,10.0,0.4,10.0,0.41,23.0,0.09,0.09,615.126177,1776227466000
1776227468.235,68.235,0.6,10.0,0.59,23.0,0.69,5.0,0.71,10.0,0.31,5.0,0.29,10.0,0.4,10.0,0.41,23.0,0.09,0.09,615.126177,1776227467000
1776227469.758,69.758,0.6,10.0,0.59,23.0,0.69,5.0,0.71,10.0,0.31,5.0,0.29,10.0,0.4,10.0,0.41,23.0,0.09,0.09,615.126177,1776227468000
1776227470.21,70.21,0.6,10.0,0.59,23.0,0.69,5.0,0.71,10.0,0.31,5.0,0.29,10.0,0.4,10.0,0.41,23.0,0.09,0.09,615.126939,1776227469000
1776227471.602,71.602,0.6,10.0,0.59,23.0,0.69,5.0,0.71,10.0,0.31,5.0,0.29,10.0,0.4,10.0,0.41,23.0,0.09,0.09,615.126939,1776227470000
1776227472.19,72.19,0.6,10.0,0.59,23.0,0.69,5.0,0.71,10.0,0.31,5.0,0.29,10.0,0.4,10.0,0.41,23.0,0.09,0.09,615.126939,1776227471000
1776227473.607,73.607,0.6,10.0,0.59,23.0,0.69,5.0,0.71,10.0,0.31,5.0,0.29,10.0,0.4,10.0,0.41,23.0,0.09,0.09,615.126939,1776227472000
1776227474.248,74.248,0.6,10.0,0.59,23.0,0.69,5.0,0.71,10.0,0.31,5.0,0.29,10.0,0.4,10.0,0.41,23.0,0.09,0.09,615.126939,1776227473000
1776227475.493,75.493,0.6,10.0,0.59,23.0,0.69,5.0,0.71,10.0,0.31,5.0,0.29,10.0,0.4,10.0,0.41,23.0,0.09,0.09,615.126939,1776227474000
1776227476.199,76.199,0.6,10.0,0.59,23.0,0.69,5.0,0.71,10.0,0.31,5.0,0.29,10.0,0.4,10.0,0.41,23.0,0.09,0.09,615.126939,1776227475000
1776227477.273,77.273,0.6,10.0,0.59,23.0,0.69,5.0,0.71,10.0,0.31,5.0,0.29,10.0,0.4,10.0,0.41,23.0,0.09,0.09,615.126939,1776227476000
1776227478.447,78.447,0.6,10.0,0.59,23.0,0.69,5.0,0.71,10.0,0.31,5.0,0.29,10.0,0.4,10.0,0.41,23.0,0.09,0.09,615.126939,1776227477000
1776227479.226,79.226,0.6,10.0,0.59,23.0,0.69,5.0,0.71,10.0,0.31,5.0,0.29,10.0,0.4,10.0,0.41,23.0,0.09,0.09,615.126939,1776227478000
1776227480.284,80.284,0.6,10.0,0.59,23.0,0.69,5.0,0.71,10.0,0.31,5.0,0.29,10.0,0.4,10.0,0.41,23.0,0.09,0.09,615.126939,1776227479000
1776227480.893,80.893,0.6,10.0,0.59,23.0,0.69,5.0,0.71,10.0,0.31,5.0,0.29,10.0,0.4,10.0,0.41,23.0,0.09,0.09,615.120624,1776227480000
1776227482.054,82.054,0.6,10.0,0.59,23.0,0.69,5.0,0.71,10.0,0.31,5.0,0.29,10.0,0.4,10.0,0.41,23.0,0.09,0.09,615.120624,1776227481000
1776227483.213,83.213,0.6,10.0,0.59,23.0,0.69,5.0,0.71,10.0,0.31,5.0,0.29,10.0,0.4,10.0,0.41,23.0,0.09,0.09,615.121386,1776227482000
1776227484.28,84.28,0.6,10.0,0.59,23.0,0.69,5.0,0.71,10.0,0.31,5.0,0.29,10.0,0.4,10.0,0.41,23.0,0.09,0.09,615.122147,1776227483000
1776227485.181,85.181,0.6,10.0,0.59,23.0,0.69,5.0,0.71,10.0,0.31,5.0,0.29,10.0,0.4,10.0,0.41,23.0,0.09,0.09,615.122147,1776227484000
1776227486.222,86.222,0.6,10.0,0.59,23.0,0.69,5.0,0.71,10.0,0.31,5.0,0.29,10.0,0.4,10.0,0.41,23.0,0.09,0.09,615.121005,1776227485000
1776227486.67,86.67,0.61,5.0,0.49,10.4,0.64,5.0,0.65,16.4,0.31,5.0,0.29,10.0,0.4,10.0,0.41,23.0,0.03,0.09,615.121005,1776227485000
1776227487.275,87.275,0.61,5.0,0.49,10.4,0.64,5.0,0.65,16.4,0.36,5.0,0.35,16.4,0.39,5.0,0.51,10.4,0.03,0.03,615.078288,1776227486000
1776227488.466,88.466,0.61,5.0,0.49,10.4,0.64,5.0,0.65,16.4,0.36,5.0,0.35,16.4,0.39,5.0,0.51,10.4,0.03,0.03,615.078378,1776227487000
1776227489.027,89.027,0.61,5.0,0.49,10.4,0.64,5.0,0.65,16.4,0.36,5.0,0.35,16.4,0.39,5.0,0.51,10.4,0.03,0.03,615.078384,1776227488000
1776227490.119,90.119,0.61,5.0,0.49,10.4,0.64,5.0,0.65,16.4,0.36,5.0,0.35,16.4,0.39,5.0,0.51,10.4,0.03,0.03,615.078428,1776227489000
1776227491.167,91.167,0.61,5.0,0.49,10.4,0.64,5.0,0.65,16.4,0.36,5.0,0.35,16.4,0.39,5.0,0.51,10.4,0.03,0.03,615.075705,1776227490000
1776227492.264,92.264,0.61,5.0,0.49,10.4,0.64,5.0,0.65,16.4,0.36,5.0,0.35,16.4,0.39,5.0,0.51,10.4,0.03,0.03,615.03,1776227491000
1776227493.277,93.277,0.61,5.0,0.49,10.4,0.64,5.0,0.65,16.4,0.36,5.0,0.35,16.4,0.39,5.0,0.51,10.4,0.03,0.03,615.026,1776227492000
1776227494.363,94.363,0.61,5.0,0.49,10.4,0.64,5.0,0.65,16.4,0.36,5.0,0.35,16.4,0.39,5.0,0.51,10.4,0.03,0.03,615.01239,1776227493000
1776227494.948,94.948,0.61,5.0,0.49,10.4,0.64,5.0,0.65,16.4,0.36,5.0,0.35,16.4,0.39,5.0,0.51,10.4,0.03,0.03,615.010611,1776227494000
1776227496.044,96.044,0.61,5.0,0.49,10.4,0.64,5.0,0.65,16.4,0.36,5.0,0.35,16.4,0.39,5.0,0.51,10.4,0.03,0.03,615.010611,1776227495000
1776227497.102,97.102,0.61,5.0,0.49,10.4,0.64,5.0,0.65,16.4,0.36,5.0,0.35,16.4,0.39,5.0,0.51,10.4,0.03,0.03,615.01239,1776227496000
1776227498.2,98.2,0.61,5.0,0.49,10.4,0.64,5.0,0.65,16.4,0.36,5.0,0.35,16.4,0.39,5.0,0.51,10.4,0.03,0.03,615.010611,1776227497000
1776227499.222,99.222,0.61,5.0,0.49,10.4,0.64,5.0,0.65,16.4,0.36,5.0,0.35,16.4,0.39,5.0,0.51,10.4,0.03,0.03,615.008326,1776227498000
1776227500.371,100.371,0.61,5.0,0.49,10.4,0.64,5.0,0.65,16.4,0.36,5.0,0.35,16.4,0.39,5.0,0.51,10.4,0.03,0.03,615.008326,1776227499000
1776227500.91,100.91,0.61,5.0,0.49,10.4,0.64,5.0,0.65,16.4,0.36,5.0,0.35,16.4,0.39,5.0,0.51,10.4,0.03,0.03,615.008326,1776227500000
1776227502.024,102.024,0.61,5.0,0.49,10.4,0.64,5.0,0.65,16.4,0.36,5.0,0.35,16.4,0.39,5.0,0.51,10.4,0.03,0.03,615.008707,1776227501000
1776227503.108,103.108,0.61,5.0,0.49,10.4,0.64,5.0,0.65,16.4,0.36,5.0,0.35,16.4,0.39,5.0,0.51,10.4,0.03,0.03,615.008707,1776227502000
1776227504.103,104.103,0.61,5.0,0.49,10.4,0.64,5.0,0.65,16.4,0.36,5.0,0.35,16.4,0.39,5.0,0.51,10.4,0.03,0.03,615.008707,1776227503000
1776227505.244,105.244,0.47,9.18,0.46,10.5,0.61,5.0,0.62,5.0,0.39,5.0,0.38,5.0,0.53,9.18,0.54,10.5,0.14,0.14,615.009849,1776227504000
1776227505.916,105.916,0.47,9.18,0.46,10.5,0.61,5.0,0.62,5.0,0.39,5.0,0.38,5.0,0.53,9.18,0.54,10.5,0.14,0.14,615.009849,1776227505000
1776227507.021,107.021,0.47,9.18,0.46,10.5,0.61,5.0,0.62,5.0,0.39,5.0,0.38,5.0,0.53,9.18,0.54,10.5,0.14,0.14,615.009468,1776227506000
1776227507.498,107.498,0.48,4.8,0.46,10.5,0.61,5.0,0.62,5.0,0.39,5.0,0.38,5.0,0.53,9.18,0.54,10.5,0.13,0.14,615.009468,1776227506000
1776227508.137,108.137,0.48,4.8,0.46,10.5,0.61,5.0,0.62,5.0,0.39,5.0,0.38,5.0,0.52,4.8,0.54,10.5,0.13,0.13,615.015964,1776227507000
1776227509.338,109.338,0.48,4.8,0.46,10.5,0.61,5.0,0.62,5.0,0.39,5.0,0.38,5.0,0.52,4.8,0.54,10.5,0.13,0.13,615.015964,1776227508000
1776227510.451,110.451,0.48,4.8,0.46,10.5,0.61,5.0,0.62,5.0,0.39,5.0,0.38,5.0,0.52,4.8,0.54,10.5,0.13,0.13,615.015964,1776227509000
1776227511.079,111.079,0.48,4.8,0.46,10.5,0.61,5.0,0.62,5.0,0.39,5.0,0.38,5.0,0.52,4.8,0.54,10.5,0.13,0.13,615.01599,1776227510000
1776227513.007,113.007,0.48,4.8,0.46,10.5,0.61,5.0,0.62,5.0,0.39,5.0,0.38,5.0,0.52,4.8,0.54,10.5,0.13,0.13,615.016654,1776227511000
1776227513.902,113.902,0.48,4.8,0.46,10.5,0.61,5.0,0.62,5.0,0.39,5.0,0.38,5.0,0.52,4.8,0.54,10.5,0.13,0.13,615.016654,1776227512000
1776227514.529,114.529,0.48,4.8,0.46,10.5,0.61,5.0,0.62,5.0,0.39,5.0,0.38,5.0,0.52,4.8,0.54,10.5,0.13,0.13,615.016654,1776227513000
1776227515.329,115.329,0.48,4.8,0.46,10.5,0.61,5.0,0.62,5.0,0.39,5.0,0.38,5.0,0.52,4.8,0.54,10.5,0.13,0.13,615.016654,1776227514000
1776227516.727,116.727,0.48,4.8,0.46,10.5,0.61,5.0,0.62,5.0,0.39,5.0,0.38,5.0,0.52,4.8,0.54,10.5,0.13,0.13,615.016654,1776227515000
1776227517.304,117.304,0.48,4.8,0.46,10.5,0.61,5.0,0.62,5.0,0.39,5.0,0.38,5.0,0.52,4.8,0.54,10.5,0.13,0.13,615.016654,1776227516000
1776227518.019,118.019,0.48,4.8,0.46,10.5,0.61,5.0,0.62,5.0,0.39,5.0,0.38,5.0,0.52,4.8,0.54,10.5,0.13,0.13,615.018612,1776227517000
1776227519.402,119.402,0.48,4.8,0.46,10.5,0.61,5.0,0.62,5.0,0.39,5.0,0.38,5.0,0.52,4.8,0.54,10.5,0.13,0.13,615.018612,1776227518000
1776227519.966,119.966,0.48,4.8,0.46,10.5,0.61,5.0,0.62,5.0,0.39,5.0,0.38,5.0,0.52,4.8,0.54,10.5,0.13,0.13,615.017285,1776227519000
1776227521.283,121.283,0.48,4.8,0.46,10.5,0.61,5.0,0.62,5.0,0.39,5.0,0.38,5.0,0.52,4.8,0.54,10.5,0.13,0.13,615.017285,1776227520000
1776227522.704,122.704,0.48,4.8,0.46,10.5,0.61,5.0,0.62,5.0,0.39,5.0,0.38,5.0,0.52,4.8,0.54,10.5,0.13,0.13,615.015327,1776227521000
1776227523.492,123.492,0.48,4.8,0.46,10.5,0.61,5.0,0.62,5.0,0.39,5.0,0.38,5.0,0.52,4.8,0.54,10.5,0.13,0.13,615.015327,1776227522000
1776227524.497,124.497,0.48,4.8,0.46,10.5,0.61,5.0,0.62,5.0,0.39,5.0,0.38,5.0,0.52,4.8,0.54,10.5,0.13,0.13,615.015327,1776227523000
1776227525.261,125.261,0.48,4.8,0.46,10.5,0.61,5.0,0.62,5.0,0.39,5.0,0.38,5.0,0.52,4.8,0.54,10.5,0.13,0.13,615.015327,1776227524000
1776227526.941,126.941,0.48,4.8,0.46,10.5,0.61,5.0,0.62,5.0,0.39,5.0,0.38,5.0,0.52,4.8,0.54,10.5,0.13,0.13,615.015327,1776227525000
1776227527.772,127.772,0.48,4.8,0.46,10.5,0.61,5.0,0.62,5.0,0.39,5.0,0.38,5.0,0.52,4.8,0.54,10.5,0.13,0.13,615.015327,1776227526000
1776227528.519,128.519,0.48,4.8,0.46,10.5,0.61,5.0,0.62,5.0,0.39,5.0,0.38,5.0,0.52,4.8,0.54,10.5,0.13,0.13,615.015327,1776227527000
1776227529.197,129.197,0.48,4.8,0.46,10.5,0.61,5.0,0.62,5.0,0.39,5.0,0.38,5.0,0.52,4.8,0.54,10.5,0.13,0.13,615.015327,1776227528000
1776227531.117,131.117,0.48,4.8,0.46,10.5,0.61,5.0,0.62,5.0,0.39,5.0,0.38,5.0,0.52,4.8,0.54,10.5,0.13,0.13,615.015327,1776227529000
1776227532.354,132.354,0.48,4.8,0.46,10.5,0.61,5.0,0.62,5.0,0.39,5.0,0.38,5.0,0.52,4.8,0.54,10.5,0.13,0.13,615.015327,1776227531000
1776227532.984,132.984,0.48,4.8,0.46,10.5,0.61,5.0,0.62,5.0,0.39,5.0,0.38,5.0,0.52,4.8,0.54,10.5,0.13,0.13,615.015327,1776227532000
1776227534.687,134.687,0.48,4.8,0.46,10.5,0.61,5.0,0.62,5.0,0.39,5.0,0.38,5.0,0.52,4.8,0.54,10.5,0.13,0.13,615.015327,1776227533000
1776227535.245,135.245,0.48,4.8,0.46,10.5,0.61,5.0,0.62,5.0,0.39,5.0,0.38,5.0,0.52,4.8,0.54,10.5,0.13,0.13,615.015327,1776227534000
1776227536.826,136.826,0.48,4.8,0.46,10.5,0.61,5.0,0.62,5.0,0.39,5.0,0.38,5.0,0.52,4.8,0.54,10.5,0.13,0.13,615.015327,1776227535000
1776227537.647,137.647,0.48,4.8,0.46,10.5,0.61,5.0,0.62,5.0,0.39,5.0,0.38,5.0,0.52,4.8,0.54,10.5,0.13,0.13,615.015327,1776227536000
1776227538.316,138.316,0.48,4.8,0.46,10.5,0.61,5.0,0.62,5.0,0.39,5.0,0.38,5.0,0.52,4.8,0.54,10.5,0.13,0.13,615.015327,1776227537000
1776227539.127,139.127,0.48,4.8,0.46,10.5,0.61,5.0,0.62,5.0,0.39,5.0,0.38,5.0,0.52,4.8,0.54,10.5,0.13,0.13,615.016654,1776227538000
1776227540.673,140.673,0.48,4.8,0.46,10.5,0.61,5.0,0.62,5.0,0.39,5.0,0.38,5.0,0.52,4.8,0.54,10.5,0.13,0.13,615.016654,1776227539000
1776227541.312,141.312,0.48,4.8,0.46,10.5,0.61,5.0,0.62,5.0,0.39,5.0,0.38,5.0,0.52,4.8,0.54,10.5,0.13,0.13,615.016654,1776227540000
1776227542.12,142.12,0.48,4.8,0.46,10.5,0.61,5.0,0.62,5.0,0.39,5.0,0.38,5.0,0.52,4.8,0.54,10.5,0.13,0.13,615.01599,1776227541000
1776227543.456,143.456,0.48,4.8,0.46,10.5,0.61,5.0,0.62,5.0,0.39,5.0,0.38,5.0,0.52,4.8,0.54,10.5,0.13,0.13,615.01599,1776227542000
1776227544.154,144.154,0.48,4.8,0.46,10.5,0.61,5.0,0.62,5.0,0.39,5.0,0.38,5.0,0.52,4.8,0.54,10.5,0.13,0.13,615.01599,1776227543000
1776227545.479,145.479,0.48,4.8,0.46,10.5,0.61,5.0,0.62,5.0,0.39,5.0,0.38,5.0,0.52,4.8,0.54,10.5,0.13,0.13,615.01599,1776227544000
1776227546.175,146.175,0.48,4.8,0.46,10.5,0.61,5.0,0.62,5.0,0.39,5.0,0.38,5.0,0.52,4.8,0.54,10.5,0.13,0.13,615.01599,1776227545000
1776227547.629,147.629,0.48,4.8,0.46,10.5,0.61,5.0,0.62,5.0,0.39,5.0,0.38,5.0,0.52,4.8,0.54,10.5,0.13,0.13,615.01599,1776227546000
1776227548.36,148.36,0.48,4.8,0.46,10.5,0.61,5.0,0.62,5.0,0.39,5.0,0.38,5.0,0.52,4.8,0.54,10.5,0.13,0.13,615.01599,1776227547000
1776227549.689,149.689,0.48,4.8,0.46,10.5,0.61,5.0,0.62,5.0,0.39,5.0,0.38,5.0,0.52,4.8,0.54,10.5,0.13,0.13,615.01599,1776227548000
1776227550.876,150.876,0.48,4.8,0.46,10.5,0.61,5.0,0.62,5.0,0.39,5.0,0.38,5.0,0.52,4.8,0.54,10.5,0.13,0.13,615.01599,1776227549000
1776227551.704,151.704,0.48,4.8,0.46,10.5,0.61,5.0,0.62,5.0,0.39,5.0,0.38,5.0,0.52,4.8,0.54,10.5,0.13,0.13,615.008737,1776227550000
1776227552.457,152.457,0.48,4.8,0.46,10.5,0.61,5.0,0.62,5.0,0.39,5.0,0.38,5.0,0.52,4.8,0.54,10.5,0.13,0.13,615.008737,1776227551000
1776227553.015,153.015,0.48,4.8,0.46,10.5,0.61,5.0,0.62,5.0,0.39,5.0,0.38,5.0,0.52,4.8,0.54,10.5,0.13,0.13,615.008737,1776227552000
1776227554.295,154.295,0.48,4.8,0.46,10.5,0.61,5.0,0.62,5.0,0.39,5.0,0.38,5.0,0.52,4.8,0.54,10.5,0.13,0.13,615.008737,1776227553000
1776227555.638,155.638,0.48,4.8,0.46,10.5,0.61,5.0,0.62,5.0,0.39,5.0,0.38,5.0,0.52,4.8,0.54,10.5,0.13,0.13,615.008737,1776227554000
1776227556.451,156.451,0.48,4.8,0.46,10.5,0.61,5.0,0.62,5.0,0.39,5.0,0.38,5.0,0.52,4.8,0.54,10.5,0.13,0.13,615.008737,1776227555000
1776227557.233,157.233,0.48,4.8,0.46,10.5,0.61,5.0,0.62,5.0,0.39,5.0,0.38,5.0,0.52,4.8,0.54,10.5,0.13,0.13,615.008737,1776227556000
1776227558.521,158.521,0.48,4.8,0.46,10.5,0.61,5.0,0.62,5.0,0.39,5.0,0.38,5.0,0.52,4.8,0.54,10.5,0.13,0.13,615.008737,1776227557000
1776227559.401,159.401,0.48,4.8,0.46,10.5,0.61,5.0,0.62,5.0,0.39,5.0,0.38,5.0,0.52,4.8,0.54,10.5,0.13,0.13,615.008737,1776227558000
1776227560.084,160.084,0.48,4.8,0.46,10.5,0.61,5.0,0.62,5.0,0.39,5.0,0.38,5.0,0.52,4.8,0.54,10.5,0.13,0.13,615.008737,1776227559000
1776227561.679,161.679,0.48,4.8,0.46,10.5,0.61,5.0,0.62,5.0,0.39,5.0,0.38,5.0,0.52,4.8,0.54,10.5,0.13,0.13,615.008737,1776227560000
1776227562.248,162.248,0.48,4.8,0.46,10.5,0.61,5.0,0.62,5.0,0.39,5.0,0.38,5.0,0.52,4.8,0.54,10.5,0.13,0.13,615.008737,1776227561000
1776227563.438,163.438,0.48,4.8,0.46,10.5,0.61,5.0,0.62,5.0,0.39,5.0,0.38,5.0,0.52,4.8,0.54,10.5,0.13,0.13,615.0094,1776227562000
1776227564.184,164.184,0.48,4.8,0.46,10.5,0.61,5.0,0.62,5.0,0.39,5.0,0.38,5.0,0.52,4.8,0.54,10.5,0.13,0.13,615.009732,1776227563000
1776227565.381,165.381,0.48,4.8,0.46,10.5,0.61,5.0,0.62,5.0,0.39,5.0,0.38,5.0,0.52,4.8,0.54,10.5,0.13,0.13,615.009069,1776227564000
1776227565.854,165.854,0.48,4.8,0.46,10.5,0.61,5.0,0.62,5.0,0.39,5.0,0.38,5.0,0.52,4.8,0.54,10.5,0.13,0.13,615.009069,1776227565000
1776227566.935,166.935,0.48,4.8,0.46,10.5,0.61,5.0,0.62,5.0,0.39,5.0,0.38,5.0,0.52,4.8,0.54,10.5,0.13,0.13,615.009069,1776227566000
1776227568.894,168.894,0.48,4.8,0.46,10.5,0.61,5.0,0.62,5.0,0.39,5.0,0.38,5.0,0.52,4.8,0.54,10.5,0.13,0.13,614.998455,1776227567000
1776227569.418,169.418,0.48,4.8,0.46,10.5,0.61,5.0,0.62,5.0,0.39,5.0,0.38,5.0,0.52,4.8,0.54,10.5,0.13,0.13,614.998207,1776227568000
1776227569.933,169.933,0.48,4.8,0.46,10.5,0.61,5.0,0.62,5.0,0.39,5.0,0.38,5.0,0.52,4.8,0.54,10.5,0.13,0.13,614.998207,1776227569000
1776227571.017,171.017,0.48,4.8,0.46,10.5,0.61,5.0,0.62,5.0,0.39,5.0,0.38,5.0,0.52,4.8,0.54,10.5,0.13,0.13,614.996067,1776227570000
1776227572.023,172.023,0.48,4.8,0.46,10.5,0.61,5.0,0.62,5.0,0.39,5.0,0.38,5.0,0.52,4.8,0.54,10.5,0.13,0.13,614.996067,1776227571000
1776227573.072,173.072,0.48,4.8,0.46,10.5,0.61,5.0,0.62,5.0,0.39,5.0,0.38,5.0,0.52,4.8,0.54,10.5,0.13,0.13,614.987976,1776227572000
1776227574.129,174.129,0.48,4.8,0.46,10.5,0.61,5.0,0.62,5.0,0.39,5.0,0.38,5.0,0.52,4.8,0.54,10.5,0.13,0.13,614.987976,1776227573000
1776227575.038,175.038,0.48,4.8,0.46,10.5,0.61,5.0,0.62,5.0,0.39,5.0,0.38,5.0,0.52,4.8,0.54,10.5,0.13,0.13,614.987976,1776227574000
1776227576.195,176.195,0.48,4.8,0.46,10.5,0.61,5.0,0.62,5.0,0.39,5.0,0.38,5.0,0.52,4.8,0.54,10.5,0.13,0.13,614.987976,1776227575000
1776227577.265,177.265,0.48,4.8,0.46,10.5,0.61,5.0,0.62,5.0,0.39,5.0,0.38,5.0,0.52,4.8,0.54,10.5,0.13,0.13,614.987976,1776227576000
1776227578.223,178.223,0.48,4.8,0.46,10.5,0.61,5.0,0.62,5.0,0.39,5.0,0.38,5.0,0.52,4.8,0.54,10.5,0.13,0.13,614.987976,1776227577000
1776227579.201,179.201,0.48,4.8,0.46,10.5,0.61,5.0,0.62,5.0,0.39,5.0,0.38,5.0,0.52,4.8,0.54,10.5,0.13,0.13,614.987976,1776227578000
1776227580.186,180.186,0.48,4.8,0.46,10.5,0.61,5.0,0.62,5.0,0.39,5.0,0.38,5.0,0.52,4.8,0.54,10.5,0.13,0.13,614.987976,1776227579000
1776227581.247,181.247,0.48,4.8,0.46,10.5,0.61,5.0,0.62,5.0,0.39,5.0,0.38,5.0,0.52,4.8,0.54,10.5,0.13,0.13,614.987976,1776227580000
1776227582.478,182.478,0.48,4.8,0.46,10.5,0.61,5.0,0.62,5.0,0.39,5.0,0.38,5.0,0.52,4.8,0.54,10.5,0.13,0.13,614.963816,1776227581000
1776227583.052,183.052,0.48,4.8,0.46,10.5,0.61,5.0,0.62,5.0,0.39,5.0,0.38,5.0,0.52,4.8,0.54,10.5,0.13,0.13,614.927,1776227582000
1776227584.295,184.295,0.48,4.8,0.46,10.5,0.61,5.0,0.62,5.0,0.39,5.0,0.38,5.0,0.52,4.8,0.54,10.5,0.13,0.13,614.841,1776227583000
1776227584.964,184.964,0.48,4.8,0.46,10.5,0.61,5.0,0.62,5.0,0.39,5.0,0.38,5.0,0.52,4.8,0.54,10.5,0.13,0.13,614.841,1776227584000
1776227586.08,186.08,0.48,4.8,0.46,10.5,0.61,5.0,0.62,5.0,0.39,5.0,0.38,5.0,0.52,4.8,0.54,10.5,0.13,0.13,614.829554,1776227585000
1776227587.249,187.249,0.48,4.8,0.46,10.5,0.61,5.0,0.62,5.0,0.39,5.0,0.38,5.0,0.52,4.8,0.54,10.5,0.13,0.13,614.829554,1776227586000
1776227588.511,188.511,0.48,4.8,0.46,10.5,0.61,5.0,0.62,5.0,0.39,5.0,0.38,5.0,0.52,4.8,0.54,10.5,0.13,0.13,614.829554,1776227587000
1776227589.08,189.08,0.48,4.8,0.46,10.5,0.61,5.0,0.62,5.0,0.39,5.0,0.38,5.0,0.52,4.8,0.54,10.5,0.13,0.13,614.829554,1776227588000
1776227590.282,190.282,0.48,4.8,0.46,10.5,0.61,5.0,0.62,5.0,0.39,5.0,0.38,5.0,0.52,4.8,0.54,10.5,0.13,0.13,614.825261,1776227589000
1776227593.765,193.765,0.48,4.8,0.46,10.5,0.61,5.0,0.62,5.0,0.39,5.0,0.38,5.0,0.52,4.8,0.54,10.5,0.13,0.13,614.795598,1776227592000
1776227594.299,194.299,0.48,4.8,0.46,10.5,0.61,5.0,0.62,5.0,0.39,5.0,0.38,5.0,0.52,4.8,0.54,10.5,0.13,0.13,614.795598,1776227593000
1776227595.27,195.27,0.48,4.8,0.46,10.5,0.61,5.0,0.62,5.0,0.39,5.0,0.38,5.0,0.52,4.8,0.54,10.5,0.13,0.13,614.787856,1776227594000
1776227596.405,196.405,0.48,4.8,0.46,10.5,0.61,5.0,0.62,5.0,0.39,5.0,0.38,5.0,0.52,4.8,0.54,10.5,0.13,0.13,614.786486,1776227595000
1776227597.097,197.097,0.15,7.64,0.1,28.9,0.23,14.7,0.24,43.3,0.39,5.0,0.38,5.0,0.52,4.8,0.54,10.5,0.08,0.13,614.786486,1776227595000
1776227597.375,197.375,0.15,7.64,0.1,28.9,0.23,14.7,0.24,43.3,0.77,14.7,0.76,43.3,0.85,7.64,0.9,28.9,0.08,0.08,614.785735,1776227596000
1776227597.902,197.902,0.15,7.64,0.1,28.9,0.23,14.7,0.24,43.3,0.77,14.7,0.76,43.3,0.85,7.64,0.9,28.9,0.08,0.08,614.78427,1776227597000
1776227598.983,198.983,0.15,7.64,0.1,28.9,0.23,14.7,0.24,43.3,0.77,14.7,0.76,43.3,0.85,7.64,0.9,28.9,0.08,0.08,614.76761,1776227598000
1776227599.983,199.983,0.15,7.64,0.1,28.9,0.23,14.7,0.24,43.3,0.77,14.7,0.76,43.3,0.85,7.64,0.9,28.9,0.08,0.08,614.70507,1776227599000
1776227600.953,200.953,0.15,7.64,0.1,28.9,0.23,14.7,0.24,43.3,0.77,14.7,0.76,43.3,0.85,7.64,0.9,28.9,0.08,0.08,614.705317,1776227600000
1776227601.734,201.734,0.12,33.46,0.11,26.6,0.2,10.0,0.21,79.0,0.77,14.7,0.76,43.3,0.85,7.64,0.9,28.9,0.08,0.08,614.705317,1776227600000
1776227602.888,202.888,0.12,33.46,0.11,26.6,0.2,10.0,0.21,79.0,0.8,10.0,0.79,79.0,0.88,33.46,0.89,26.6,0.08,0.08,614.705317,1776227602000
1776227603.879,203.879,0.12,33.46,0.11,26.6,0.2,10.0,0.21,79.0,0.8,10.0,0.79,79.0,0.88,33.46,0.89,26.6,0.08,0.08,614.704575,1776227603000
1776227604.942,204.942,0.12,33.46,0.11,26.6,0.2,10.0,0.21,79.0,0.8,10.0,0.79,79.0,0.88,33.46,0.89,26.6,0.08,0.08,614.704575,1776227604000
1776227606.091,206.091,0.12,33.46,0.11,26.6,0.2,10.0,0.21,79.0,0.8,10.0,0.79,79.0,0.88,33.46,0.89,26.6,0.08,0.08,614.70507,1776227605000
1776227606.976,206.976,0.12,33.46,0.11,26.6,0.2,10.0,0.21,79.0,0.8,10.0,0.79,79.0,0.88,33.46,0.89,26.6,0.08,0.08,614.70507,1776227606000
1776227608.083,208.083,0.12,33.46,0.11,26.6,0.2,10.0,0.21,79.0,0.8,10.0,0.79,79.0,0.88,33.46,0.89,26.6,0.08,0.08,614.70507,1776227607000
1776227609.279,209.279,0.12,33.46,0.11,26.6,0.2,10.0,0.21,79.0,0.8,10.0,0.79,79.0,0.88,33.46,0.89,26.6,0.08,0.08,614.70507,1776227608000
1776227610.331,210.331,0.12,33.46,0.11,26.6,0.2,10.0,0.21,79.0,0.8,10.0,0.79,79.0,0.88,33.46,0.89,26.6,0.08,0.08,614.696978,1776227609000
1776227610.851,210.851,0.12,33.46,0.11,26.6,0.2,10.0,0.21,79.0,0.8,10.0,0.79,79.0,0.88,33.46,0.89,26.6,0.08,0.08,614.696731,1776227610000
1776227612.013,212.013,0.12,33.46,0.11,26.6,0.2,10.0,0.21,79.0,0.8,10.0,0.79,79.0,0.88,33.46,0.89,26.6,0.08,0.08,614.696731,1776227611000
1776227613.005,213.005,0.12,33.46,0.11,26.6,0.2,10.0,0.21,79.0,0.8,10.0,0.79,79.0,0.88,33.46,0.89,26.6,0.08,0.08,614.696731,1776227612000
1776227614.068,214.068,0.12,33.46,0.11,26.6,0.2,10.0,0.21,79.0,0.8,10.0,0.79,79.0,0.88,33.46,0.89,26.6,0.08,0.08,614.696731,1776227613000
1776227615.217,215.217,0.12,33.46,0.11,26.6,0.2,10.0,0.21,79.0,0.8,10.0,0.79,79.0,0.88,33.46,0.89,26.6,0.08,0.08,614.670974,1776227614000
1776227616.265,216.265,0.12,33.46,0.11,26.6,0.2,10.0,0.21,79.0,0.8,10.0,0.79,79.0,0.88,33.46,0.89,26.6,0.08,0.08,614.670974,1776227615000
1776227617.419,217.419,0.12,33.46,0.11,26.6,0.2,10.0,0.21,79.0,0.8,10.0,0.79,79.0,0.88,33.46,0.89,26.6,0.08,0.08,614.670974,1776227616000
1776227618.063,218.063,0.12,33.46,0.11,26.6,0.2,10.0,0.21,79.0,0.8,10.0,0.79,79.0,0.88,33.46,0.89,26.6,0.08,0.08,614.670974,1776227617000
1776227619.171,219.171,0.12,33.46,0.11,26.6,0.2,10.0,0.21,79.0,0.8,10.0,0.79,79.0,0.88,33.46,0.89,26.6,0.08,0.08,614.670974,1776227618000
1776227620.22,220.22,0.12,33.46,0.11,26.6,0.2,10.0,0.21,79.0,0.8,10.0,0.79,79.0,0.88,33.46,0.89,26.6,0.08,0.08,614.670727,1776227619000
1776227621.661,221.661,0.12,33.46,0.11,26.6,0.2,10.0,0.21,79.0,0.8,10.0,0.79,79.0,0.88,33.46,0.89,26.6,0.08,0.08,614.670974,1776227620000
1776227622.361,222.361,0.12,33.46,0.11,26.6,0.2,10.0,0.21,79.0,0.8,10.0,0.79,79.0,0.88,33.46,0.89,26.6,0.08,0.08,614.670974,1776227621000
1776227623.105,223.105,0.12,33.46,0.11,26.6,0.2,10.0,0.21,79.0,0.8,10.0,0.79,79.0,0.88,33.46,0.89,26.6,0.08,0.08,614.670974,1776227622000
1776227624.76,224.76,0.12,33.46,0.11,26.6,0.2,10.0,0.21,79.0,0.8,10.0,0.79,79.0,0.88,33.46,0.89,26.6,0.08,0.08,614.670974,1776227623000
1776227625.557,225.557,0.12,33.46,0.11,26.6,0.2,10.0,0.21,79.0,0.8,10.0,0.79,79.0,0.88,33.46,0.89,26.6,0.08,0.08,614.670974,1776227624000
1776227626.117,226.117,0.12,33.46,0.11,26.6,0.2,10.0,0.21,79.0,0.8,10.0,0.79,79.0,0.88,33.46,0.89,26.6,0.08,0.08,614.670974,1776227625000
1776227626.616,226.616,0.06,46.1,0.05,54.7,0.13,23.0,0.14,49.6,0.8,10.0,0.79,79.0,0.88,33.46,0.89,26.6,0.07,0.08,614.670974,1776227625000
1776227626.94,226.94,0.06,26.1,0.05,54.7,0.13,23.0,0.14,31.6,0.87,23.0,0.86,49.6,0.94,46.1,0.95,54.7,0.07,0.07,614.670974,1776227625000
1776227627.414,227.414,0.06,26.1,0.05,54.7,0.13,23.0,0.14,31.6,0.87,23.0,0.86,31.6,0.94,26.1,0.95,54.7,0.07,0.07,614.662388,1776227626000
1776227628.101,228.101,0.06,26.1,0.05,54.7,0.13,23.0,0.14,31.6,0.87,23.0,0.86,31.6,0.94,26.1,0.95,54.7,0.07,0.07,614.662388,1776227627000
1776227628.384,228.384,0.07,44.48,0.06,26.1,0.12,25.0,0.13,23.0,0.87,23.0,0.86,31.6,0.94,26.1,0.95,54.7,0.05,0.07,614.662388,1776227627000
1776227629.413,229.413,0.07,44.48,0.06,26.1,0.12,25.0,0.13,23.0,0.88,25.0,0.87,23.0,0.93,44.48,0.94,26.1,0.05,0.05,614.654429,1776227628000
1776227630.104,230.104,0.07,44.48,0.06,26.1,0.12,25.0,0.13,23.0,0.88,25.0,0.87,23.0,0.93,44.48,0.94,26.1,0.05,0.05,614.654429,1776227629000
1776227630.343,230.343,0.1,23.9,0.09,10.0,0.2,32.0,0.21,50.0,0.8,32.0,0.79,50.0,0.91,10.0,0.92,35.29,0.1,0.11,614.654429,1776227629000
1776227631.51,231.51,0.1,18.9,0.09,10.0,0.2,32.0,0.21,50.0,0.8,32.0,0.79,50.0,0.9,18.9,0.91,10.0,0.1,0.1,614.696,1776227630000
1776227632.055,232.055,0.12,11.87,0.11,26.6,0.2,32.0,0.21,50.0,0.8,32.0,0.79,50.0,0.88,11.87,0.89,26.6,0.08,0.08,614.708,1776227631000
1776227633.532,233.532,0.12,11.87,0.11,26.6,0.2,32.0,0.21,50.0,0.8,32.0,0.79,50.0,0.88,11.87,0.89,26.6,0.08,0.08,614.759,1776227632000
1776227634.147,234.147,0.12,11.87,0.11,26.6,0.2,32.0,0.21,50.0,0.8,32.0,0.79,50.0,0.88,11.87,0.89,26.6,0.08,0.08,614.74,1776227633000
1776227634.37,234.37,0.14,21.6,0.13,23.0,0.2,37.0,0.21,50.0,0.8,32.0,0.79,50.0,0.88,11.87,0.89,26.6,0.06,0.08,614.74,1776227633000
1776227635.653,235.653,0.14,21.6,0.13,23.0,0.2,37.0,0.21,50.0,0.8,37.0,0.79,50.0,0.86,21.6,0.87,23.0,0.06,0.06,614.732,1776227634000
1776227636.237,236.237,0.14,21.6,0.13,23.0,0.2,37.0,0.21,50.0,0.8,37.0,0.79,50.0,0.86,21.6,0.87,23.0,0.06,0.06,614.725,1776227635000
1776227637.536,237.536,0.14,21.6,0.13,23.0,0.2,37.0,0.21,50.0,0.8,37.0,0.79,50.0,0.86,21.6,0.87,23.0,0.06,0.06,614.724,1776227636000
1776227638.25,238.25,0.14,21.6,0.13,23.0,0.2,37.0,0.21,50.0,0.8,37.0,0.79,50.0,0.86,21.6,0.87,23.0,0.06,0.06,614.724,1776227637000
1776227639.355,239.355,0.14,21.6,0.13,23.0,0.2,37.0,0.21,50.0,0.8,37.0,0.79,50.0,0.86,21.6,0.87,23.0,0.06,0.06,614.714,1776227638000
1776227639.931,239.931,0.14,21.6,0.13,23.0,0.2,37.0,0.21,50.0,0.8,37.0,0.79,50.0,0.86,21.6,0.87,23.0,0.06,0.06,614.722,1776227639000
1776227641.136,241.136,0.14,21.6,0.13,23.0,0.2,37.0,0.21,50.0,0.8,37.0,0.79,50.0,0.86,21.6,0.87,23.0,0.06,0.06,614.726,1776227640000
1776227642.099,242.099,0.14,21.6,0.13,23.0,0.2,37.0,0.21,50.0,0.8,37.0,0.79,50.0,0.86,21.6,0.87,23.0,0.06,0.06,614.726,1776227641000
1776227643.169,243.169,0.11,26.6,0.1,18.9,0.2,29.19,0.21,65.7,0.8,29.19,0.79,65.7,0.89,26.6,0.9,18.9,0.09,0.09,614.736,1776227642000
1776227644.226,244.226,0.11,26.6,0.1,18.9,0.2,29.19,0.21,65.7,0.8,29.19,0.79,65.7,0.89,26.6,0.9,18.9,0.09,0.09,614.736,1776227643000
1776227645.246,245.246,0.11,26.6,0.1,18.9,0.2,29.19,0.21,65.7,0.8,29.19,0.79,65.7,0.89,26.6,0.9,18.9,0.09,0.09,614.721,1776227644000
1776227646.241,246.241,0.11,26.6,0.1,18.9,0.2,29.19,0.21,65.7,0.8,29.19,0.79,65.7,0.89,26.6,0.9,18.9,0.09,0.09,614.711,1776227645000
1776227647.306,247.306,0.11,26.6,0.1,18.9,0.2,29.19,0.21,65.7,0.8,29.19,0.79,65.7,0.89,26.6,0.9,18.9,0.09,0.09,614.712,1776227646000
1776227648.284,248.284,0.11,26.6,0.1,18.9,0.2,29.19,0.21,65.7,0.8,29.19,0.79,65.7,0.89,26.6,0.9,18.9,0.09,0.09,614.721,1776227647000
1776227649.367,249.367,0.11,26.6,0.1,18.9,0.2,29.19,0.21,65.7,0.8,29.19,0.79,65.7,0.89,26.6,0.9,18.9,0.09,0.09,614.719,1776227648000
1776227649.877,249.877,0.11,26.6,0.1,18.9,0.2,29.19,0.21,65.7,0.8,29.19,0.79,65.7,0.89,26.6,0.9,18.9,0.09,0.09,614.719,1776227649000
1776227650.992,250.992,0.11,26.6,0.1,18.9,0.2,29.19,0.21,65.7,0.8,29.19,0.79,65.7,0.89,26.6,0.9,18.9,0.09,0.09,614.719,1776227650000
1776227652.063,252.063,0.11,26.6,0.1,18.9,0.2,29.19,0.21,65.7,0.8,29.19,0.79,65.7,0.89,26.6,0.9,18.9,0.09,0.09,614.722,1776227651000
1776227653.312,253.312,0.05,49.43,0.04,72.7,0.1,28.9,0.11,26.6,0.89,26.6,0.88,31.6,0.95,54.7,0.96,72.7,0.05,0.06,614.722,1776227651000
1776227655.08,255.08,0.05,49.43,0.04,72.7,0.1,28.9,0.11,26.6,0.9,28.9,0.89,26.6,0.95,49.43,0.96,72.7,0.05,0.05,614.718,1776227653000
1776227655.75,255.75,0.05,49.43,0.04,72.7,0.1,28.9,0.11,26.6,0.9,28.9,0.89,26.6,0.95,49.43,0.96,72.7,0.05,0.05,614.721,1776227654000
1776227656.428,256.428,0.05,49.43,0.04,72.7,0.1,28.9,0.11,26.6,0.9,28.9,0.89,26.6,0.95,49.43,0.96,72.7,0.05,0.05,614.723,1776227655000
1776227657.156,257.156,0.05,49.43,0.04,72.7,0.1,28.9,0.11,26.6,0.9,28.9,0.89,26.6,0.95,49.43,0.96,72.7,0.05,0.05,614.72,1776227656000
1776227658.672,258.672,0.05,49.43,0.04,72.7,0.1,28.9,0.11,26.6,0.9,28.9,0.89,26.6,0.95,49.43,0.96,72.7,0.05,0.05,614.72,1776227657000
1776227659.522,259.522,0.05,49.43,0.04,72.7,0.1,28.9,0.11,26.6,0.9,28.9,0.89,26.6,0.95,49.43,0.96,72.7,0.05,0.05,614.721,1776227658000
1776227660.144,260.144,0.05,49.43,0.04,72.7,0.1,28.9,0.11,26.6,0.9,28.9,0.89,26.6,0.95,49.43,0.96,72.7,0.05,0.05,614.722,1776227659000
1776227660.699,260.699,0.03,89.3,0.02,142.69,0.07,39.9,0.08,35.29,0.9,28.9,0.89,26.6,0.95,49.43,0.96,72.7,0.04,0.05,614.722,1776227659000
1776227661.645,261.645,0.03,89.3,0.02,142.69,0.07,39.9,0.08,35.29,0.93,39.9,0.92,35.29,0.97,89.3,0.98,142.69,0.04,0.04,614.721,1776227660000
1776227662.431,262.431,0.03,89.3,0.02,142.69,0.07,39.9,0.08,35.29,0.93,39.9,0.92,35.29,0.97,89.3,0.98,142.69,0.04,0.04,614.72,1776227661000
1776227663.26,263.26,0.03,89.3,0.02,142.69,0.07,39.9,0.08,35.29,0.93,39.9,0.92,35.29,0.97,89.3,0.98,142.69,0.04,0.04,614.725,1776227662000
1776227664.864,264.864,0.03,89.3,0.02,142.69,0.07,39.9,0.08,35.29,0.93,39.9,0.92,35.29,0.97,89.3,0.98,142.69,0.04,0.04,614.727,1776227663000
1776227665.698,265.698,0.03,89.3,0.02,142.69,0.07,39.9,0.08,35.29,0.93,39.9,0.92,35.29,0.97,89.3,0.98,142.69,0.04,0.04,614.723,1776227664000
1776227666.448,266.448,0.03,89.3,0.02,142.69,0.07,39.9,0.08,35.29,0.93,39.9,0.92,35.29,0.97,89.3,0.98,142.69,0.04,0.04,614.723,1776227665000
1776227667.155,267.155,0.02,8.97,0.01,5702.6,0.04,72.7,0.05,59.7,0.96,72.7,0.95,59.7,0.98,8.97,0.99,5702.6,0.02,0.02,614.713,1776227666000
1776227668.622,268.622,0.02,8.97,0.01,5702.6,0.04,72.7,0.05,59.7,0.96,72.7,0.95,59.7,0.98,8.97,0.99,5702.6,0.02,0.02,614.715,1776227667000
1776227669.331,269.331,0.02,8.97,0.01,5702.6,0.04,72.7,0.05,59.7,0.96,72.7,0.95,59.7,0.98,8.97,0.99,5702.6,0.02,0.02,614.715,1776227668000
1776227670.045,270.045,0.02,8.97,0.01,5702.6,0.04,72.7,0.05,59.7,0.96,72.7,0.95,59.7,0.98,8.97,0.99,5702.6,0.02,0.02,614.719,1776227669000
1776227671.488,271.488,0.02,8.97,0.01,5702.6,0.04,72.7,0.05,59.7,0.96,72.7,0.95,59.7,0.98,8.97,0.99,5702.6,0.02,0.02,614.726,1776227670000
1776227672.265,272.265,0.02,136.66,0.01,602.6,0.03,10.0,0.04,5.0,0.96,72.7,0.95,59.7,0.98,8.97,0.99,5702.6,0.01,0.02,614.726,1776227670000
1776227673.001,273.001,0.02,136.66,0.01,602.6,0.03,10.0,0.04,5.0,0.97,10.0,0.96,5.0,0.98,136.66,0.99,602.6,0.01,0.01,614.722,1776227672000
1776227673.414,273.414,0.01,502.6,,,0.02,58.16,0.03,10.0,0.97,10.0,0.96,5.0,0.98,136.66,0.99,602.6,0.01,0.01,614.722,1776227672000
1776227673.748,273.748,0.01,502.6,,,0.02,53.2,0.03,10.0,0.98,58.16,0.97,10.0,0.99,502.6,,,0.01,0.01,614.722,1776227672000
1776227674.014,274.014,0.01,502.6,,,0.02,53.2,0.03,10.0,0.98,53.2,0.97,10.0,0.99,502.6,,,0.01,0.01,614.712,1776227673000
1776227675.168,275.168,0.01,502.6,,,0.02,53.2,0.03,10.0,0.98,53.2,0.97,10.0,0.99,502.6,,,0.01,0.01,614.758,1776227674000
1776227676.33,276.33,0.01,502.6,,,0.02,53.2,0.03,10.0,0.98,53.2,0.97,10.0,0.99,502.6,,,0.01,0.01,614.752,1776227675000
1776227677.404,277.404,0.01,502.6,,,0.02,53.2,0.03,10.0,0.98,53.2,0.97,10.0,0.99,502.6,,,0.01,0.01,614.785,1776227676000
1776227677.949,277.949,0.01,502.6,,,0.02,53.2,0.03,10.0,0.98,53.2,0.97,10.0,0.99,502.6,,,0.01,0.01,614.785,1776227677000
1776227679.134,279.134,0.01,502.6,,,0.02,53.2,0.03,10.0,0.98,53.2,0.97,10.0,0.99,502.6,,,0.01,0.01,614.792,1776227678000
1776227680.381,280.381,0.01,502.6,,,0.02,53.2,0.03,10.0,0.98,53.2,0.97,10.0,0.99,502.6,,,0.01,0.01,614.789,1776227679000
1776227681.421,281.421,0.01,502.6,,,0.02,53.2,0.03,10.0,0.98,53.2,0.97,10.0,0.99,502.6,,,0.01,0.01,614.784,1776227680000
1776227682.07,282.07,0.01,502.6,,,0.02,53.2,0.03,10.0,0.98,53.2,0.97,10.0,0.99,502.6,,,0.01,0.01,614.784,1776227681000
1776227683.11,283.11,0.01,502.6,,,0.02,53.2,0.03,10.0,0.98,53.2,0.97,10.0,0.99,502.6,,,0.01,0.01,614.786,1776227682000
1776227684.192,284.192,0.01,502.6,,,0.02,53.2,0.03,10.0,0.98,53.2,0.97,10.0,0.99,502.6,,,0.01,0.01,614.789,1776227683000
1776227685.383,285.383,0.01,502.6,,,0.02,53.2,0.03,10.0,0.98,53.2,0.97,10.0,0.99,502.6,,,0.01,0.01,614.757,1776227684000
1776227687.199,287.199,0.01,502.6,,,0.02,53.2,0.03,10.0,0.98,53.2,0.97,10.0,0.99,502.6,,,0.01,0.01,614.748,1776227686000
1776227688.227,288.227,0.01,502.6,,,0.02,53.2,0.03,10.0,0.98,53.2,0.97,10.0,0.99,502.6,,,0.01,0.01,614.748531,1776227687000
1776227689.401,289.401,0.01,502.6,,,0.02,53.2,0.03,10.0,0.98,53.2,0.97,10.0,0.99,502.6,,,0.01,0.01,614.75,1776227688000
1776227690.007,290.007,0.01,502.6,,,0.02,53.2,0.03,10.0,0.98,53.2,0.97,10.0,0.99,502.6,,,0.01,0.01,614.75,1776227689000
1776227691.193,291.193,0.01,502.6,,,0.02,53.2,0.03,10.0,0.98,53.2,0.97,10.0,0.99,502.6,,,0.01,0.01,614.771,1776227690000
1776227691.966,291.966,0.01,242.57,,,0.02,58.2,0.03,5.0,0.98,53.2,0.97,10.0,0.99,502.6,,,0.01,0.01,614.771,1776227690000
1776227692.274,292.274,0.01,242.57,,,0.02,58.2,0.03,5.0,0.98,58.2,0.97,5.0,0.99,242.57,,,0.01,0.01,614.79,1776227691000
1776227693.409,293.409,0.01,242.57,,,0.02,58.2,0.03,5.0,0.98,58.2,0.97,5.0,0.99,242.57,,,0.01,0.01,614.796,1776227692000
1776227693.948,293.948,0.01,221.34,,,0.02,58.2,0.03,5.0,0.98,58.2,0.97,5.0,0.99,241.55,,,0.01,0.01,614.796,1776227692000
1776227694.369,294.369,0.01,96.34,,,0.02,58.2,0.03,5.0,0.98,58.2,0.97,5.0,0.99,221.34,,,0.01,0.01,614.796,1776227693000
1776227695.09,295.09,0.01,96.34,,,0.02,58.2,0.03,5.0,0.98,58.2,0.97,5.0,0.99,96.34,,,0.01,0.01,614.805,1776227694000
1776227696.196,296.196,0.01,96.34,,,0.02,58.2,0.03,5.0,0.98,58.2,0.97,5.0,0.99,96.34,,,0.01,0.01,614.808,1776227695000
1776227696.452,296.452,0.01,90.23,,,0.02,53.2,0.03,5.0,0.98,58.2,0.97,5.0,0.99,91.34,,,0.01,0.01,614.808,1776227695000
1776227697.266,297.266,0.01,88.23,,,0.02,53.2,0.03,5.0,0.98,53.2,0.97,5.0,0.99,88.23,,,0.01,0.01,614.792,1776227696000
1776227697.896,297.896,,,,,0.02,53.2,0.03,5.0,0.98,53.2,0.97,5.0,,,,,,,614.792,1776227697000
1776227698.319,298.319,,,,,0.01,311.1,0.02,58.2,0.98,53.2,0.97,5.0,,,,,,,614.792,1776227697000
1776227698.95,298.95,,,,,0.01,311.1,0.02,58.2,0.99,311.1,0.98,58.2,,,,,,,614.779,1776227698000
1776227700.228,300.228,,,,,0.01,311.1,0.02,58.2,0.99,311.1,0.98,58.2,,,,,,,614.778,1776227699000

# RESULT,winner=Down,slug=bnb-updown-5m-1776227400,ticks=307
