timestamp,elapsed_sec,up_bid_p1,up_bid_s1,up_bid_p2,up_bid_s2,up_ask_p1,up_ask_s1,up_ask_p2,up_ask_s2,down_bid_p1,down_bid_s1,down_bid_p2,down_bid_s2,down_ask_p1,down_ask_s1,down_ask_p2,down_ask_s2,up_spread,down_spread,bnb_price,bnb_oracle_ts
1776192311.272,11.272,,,,,,,,,,,,,,,,,,,616.692,1776192310000
1776192311.954,11.954,0.55,5.0,0.51,45.0,0.65,8.8,0.66,5.0,0.35,8.8,0.34,10.0,0.45,5.0,0.49,45.0,0.1,0.1,616.692,1776192310000
1776192313.068,13.068,0.55,5.0,0.51,45.0,0.65,8.8,0.66,5.0,0.35,8.8,0.34,5.0,0.45,5.0,0.49,45.0,0.1,0.1,616.716,1776192311000
1776192314.098,14.098,0.55,5.0,0.51,45.0,0.65,8.8,0.66,5.0,0.35,8.8,0.34,5.0,0.45,5.0,0.49,45.0,0.1,0.1,616.694,1776192312000
1776192314.748,14.748,0.55,5.0,0.51,45.0,0.65,8.8,0.66,5.0,0.35,8.8,0.34,5.0,0.45,5.0,0.49,45.0,0.1,0.1,616.692,1776192313000
1776192315.511,15.511,0.55,5.0,0.51,45.0,0.65,8.8,0.66,5.0,0.35,8.8,0.34,5.0,0.45,5.0,0.49,45.0,0.1,0.1,616.692,1776192314000
1776192316.713,16.713,0.55,5.0,0.51,45.0,0.65,8.8,0.66,5.0,0.35,8.8,0.34,5.0,0.45,5.0,0.49,45.0,0.1,0.1,616.69,1776192315000
1776192317.407,17.407,0.55,5.0,0.51,45.0,0.65,8.8,0.66,5.0,0.35,8.8,0.34,5.0,0.45,5.0,0.49,45.0,0.1,0.1,616.669,1776192316000
1776192318.267,18.267,0.55,5.0,0.51,45.0,0.65,8.8,0.66,5.0,0.35,8.8,0.34,5.0,0.45,5.0,0.49,45.0,0.1,0.1,616.669,1776192317000
1776192319.683,19.683,0.55,5.0,0.51,45.0,0.65,8.8,0.66,5.0,0.35,8.8,0.34,5.0,0.45,5.0,0.49,45.0,0.1,0.1,616.678,1776192318000
1776192320.428,20.428,0.55,5.0,0.51,45.0,0.65,8.8,0.66,5.0,0.35,8.8,0.34,5.0,0.45,5.0,0.49,45.0,0.1,0.1,616.678,1776192319000
1776192321.149,21.149,0.55,5.0,0.51,45.0,0.65,8.8,0.66,5.0,0.35,8.8,0.34,5.0,0.45,5.0,0.49,45.0,0.1,0.1,616.68,1776192320000
1776192322.604,22.604,0.55,5.0,0.51,45.0,0.65,8.8,0.66,5.0,0.35,8.8,0.34,5.0,0.45,5.0,0.49,45.0,0.1,0.1,616.677,1776192321000
1776192323.133,23.133,0.56,5.0,0.54,7.41,0.66,5.33,0.67,10.0,0.35,8.8,0.34,5.0,0.45,5.0,0.49,45.0,0.1,0.1,616.677,1776192321000
1776192323.348,23.348,0.56,5.0,0.54,7.41,0.66,5.33,0.67,10.0,0.34,5.33,0.33,10.0,0.44,5.0,0.46,7.41,0.1,0.1,616.68,1776192322000
1776192323.992,23.992,0.56,5.0,0.54,7.41,0.66,5.33,0.67,10.0,0.34,5.33,0.33,10.0,0.44,5.0,0.46,7.41,0.1,0.1,616.682,1776192323000
1776192325.366,25.366,0.56,5.0,0.54,7.41,0.66,5.33,0.67,10.0,0.34,5.33,0.33,10.0,0.44,5.0,0.46,7.41,0.1,0.1,616.686,1776192324000
1776192326.291,26.291,0.56,5.0,0.54,7.41,0.66,5.33,0.67,10.0,0.34,5.33,0.33,10.0,0.44,5.0,0.46,7.41,0.1,0.1,616.686,1776192325000
1776192327.735,27.735,0.56,5.0,0.54,7.41,0.66,5.33,0.67,10.0,0.34,5.33,0.33,10.0,0.44,5.0,0.46,7.41,0.1,0.1,616.686,1776192326000
1776192328.338,28.338,0.56,5.0,0.54,7.41,0.66,5.33,0.67,10.0,0.34,5.33,0.33,10.0,0.44,5.0,0.46,7.41,0.1,0.1,616.686,1776192327000
1776192330.355,30.355,0.56,5.0,0.54,7.41,0.66,5.33,0.67,10.0,0.34,5.33,0.33,10.0,0.44,5.0,0.46,7.41,0.1,0.1,616.681,1776192329000
1776192330.881,30.881,0.56,5.0,0.54,7.41,0.66,5.33,0.67,10.0,0.34,5.33,0.33,10.0,0.44,5.0,0.46,7.41,0.1,0.1,616.682,1776192330000
1776192331.965,31.965,0.56,5.0,0.54,7.41,0.66,5.33,0.67,10.0,0.34,5.33,0.33,10.0,0.44,5.0,0.46,7.41,0.1,0.1,616.682,1776192331000
1776192333.073,33.073,0.56,5.0,0.54,7.41,0.66,5.33,0.67,10.0,0.34,5.33,0.33,10.0,0.44,5.0,0.46,7.41,0.1,0.1,616.677,1776192332000
1776192334.122,34.122,0.56,5.0,0.54,7.41,0.66,5.33,0.67,10.0,0.34,5.33,0.33,10.0,0.44,5.0,0.46,7.41,0.1,0.1,616.681,1776192333000
1776192335.265,35.265,0.56,5.0,0.54,7.41,0.66,5.33,0.67,10.0,0.34,5.33,0.33,10.0,0.44,5.0,0.46,7.41,0.1,0.1,616.685,1776192334000
1776192336.334,36.334,0.56,0.63,0.54,7.41,0.62,10.0,0.67,10.0,0.38,10.0,0.33,10.0,0.44,0.63,0.46,7.41,0.06,0.06,616.681,1776192335000
1776192336.836,36.836,0.56,0.63,0.54,7.41,0.62,10.0,0.67,10.0,0.38,10.0,0.33,10.0,0.44,0.63,0.46,7.41,0.06,0.06,616.681,1776192336000
1776192338.081,38.081,0.56,0.63,0.54,7.41,0.62,10.0,0.67,10.0,0.38,10.0,0.33,10.0,0.44,0.63,0.46,7.41,0.06,0.06,616.707,1776192337000
1776192339.121,39.121,0.56,0.63,0.54,7.41,0.62,10.0,0.67,10.0,0.38,10.0,0.33,10.0,0.44,0.63,0.46,7.41,0.06,0.06,616.7,1776192338000
1776192340.306,40.306,0.56,0.63,0.54,7.41,0.62,10.0,0.67,10.0,0.38,10.0,0.33,10.0,0.44,0.63,0.46,7.41,0.06,0.06,616.696279,1776192339000
1776192341.055,41.055,0.58,5.0,0.55,10.0,0.7,8.0,0.71,5.0,0.38,10.0,0.33,10.0,0.44,0.63,0.46,7.41,0.12,0.06,616.696279,1776192339000
1776192341.391,41.391,0.58,5.0,0.55,10.0,0.7,8.0,0.71,5.0,0.3,8.0,0.29,5.0,0.42,5.0,0.45,10.0,0.12,0.12,616.701235,1776192340000
1776192341.981,41.981,0.58,5.0,0.55,10.0,0.7,8.0,0.71,5.0,0.3,8.0,0.29,5.0,0.42,5.0,0.45,10.0,0.12,0.12,616.779,1776192341000
1776192342.422,42.422,0.58,5.0,0.55,10.0,0.7,3.0,0.72,10.0,0.3,8.0,0.29,5.0,0.42,5.0,0.45,10.0,0.12,0.12,616.779,1776192341000
1776192343.074,43.074,0.58,5.0,0.55,10.0,0.7,3.0,0.72,10.0,0.3,3.0,0.28,10.0,0.42,5.0,0.45,10.0,0.12,0.12,616.773,1776192342000
1776192344.878,44.878,0.58,5.0,0.55,10.0,0.7,3.0,0.72,10.0,0.3,3.0,0.28,10.0,0.42,5.0,0.45,10.0,0.12,0.12,616.77,1776192343000
1776192345.423,45.423,0.58,5.0,0.55,10.0,0.7,3.0,0.72,10.0,0.3,3.0,0.28,10.0,0.42,5.0,0.45,10.0,0.12,0.12,616.771,1776192344000
1776192345.984,45.984,0.58,5.0,0.55,10.0,0.7,3.0,0.72,10.0,0.3,3.0,0.28,10.0,0.42,5.0,0.45,10.0,0.12,0.12,616.771,1776192345000
1776192347.024,47.024,0.58,5.0,0.55,10.0,0.7,3.0,0.72,10.0,0.3,3.0,0.28,10.0,0.42,5.0,0.45,10.0,0.12,0.12,616.762,1776192346000
1776192348.144,48.144,0.58,5.0,0.55,10.0,0.7,3.0,0.72,10.0,0.3,3.0,0.28,10.0,0.42,5.0,0.45,10.0,0.12,0.12,616.761,1776192347000
1776192349.125,49.125,0.58,5.0,0.55,10.0,0.7,3.0,0.72,10.0,0.3,3.0,0.28,10.0,0.42,5.0,0.45,10.0,0.12,0.12,616.77,1776192348000
1776192350.197,50.197,0.58,5.0,0.55,10.0,0.7,3.0,0.72,10.0,0.3,3.0,0.28,10.0,0.42,5.0,0.45,10.0,0.12,0.12,616.774,1776192349000
1776192351.228,51.228,0.58,5.0,0.55,10.0,0.7,3.0,0.72,10.0,0.3,3.0,0.28,10.0,0.42,5.0,0.45,10.0,0.12,0.12,616.759,1776192350000
1776192352.249,52.249,0.58,5.0,0.55,10.0,0.7,3.0,0.72,10.0,0.3,3.0,0.28,10.0,0.42,5.0,0.45,10.0,0.12,0.12,616.765,1776192351000
1776192353.31,53.31,0.58,5.0,0.55,10.0,0.7,3.0,0.72,10.0,0.3,3.0,0.28,10.0,0.42,5.0,0.45,10.0,0.12,0.12,616.771,1776192352000
1776192354.337,54.337,0.58,5.0,0.55,10.0,0.7,3.0,0.72,10.0,0.3,3.0,0.28,10.0,0.42,5.0,0.45,10.0,0.12,0.12,616.768,1776192353000
1776192354.867,54.867,0.58,5.0,0.55,10.0,0.7,3.0,0.72,10.0,0.3,3.0,0.28,10.0,0.42,5.0,0.45,10.0,0.12,0.12,616.768,1776192354000
1776192355.933,55.933,0.58,5.0,0.55,10.0,0.7,3.0,0.72,10.0,0.3,3.0,0.28,10.0,0.42,5.0,0.45,10.0,0.12,0.12,616.775,1776192355000
1776192356.986,56.986,0.58,5.0,0.55,10.0,0.7,3.0,0.72,10.0,0.3,3.0,0.28,10.0,0.42,5.0,0.45,10.0,0.12,0.12,616.764,1776192356000
1776192358.588,58.588,0.58,5.0,0.55,10.0,0.7,3.0,0.72,10.0,0.3,3.0,0.28,10.0,0.42,5.0,0.45,10.0,0.12,0.12,616.688,1776192357000
1776192359.017,59.017,0.58,5.0,0.55,10.0,0.7,3.0,0.72,10.0,0.3,3.0,0.28,10.0,0.42,5.0,0.45,10.0,0.12,0.12,616.688,1776192358000
1776192360.3,60.3,0.58,5.0,0.55,10.0,0.7,3.0,0.72,10.0,0.3,3.0,0.28,10.0,0.42,5.0,0.45,10.0,0.12,0.12,616.657625,1776192359000
1776192361.446,61.446,0.58,5.0,0.55,10.0,0.7,3.0,0.72,10.0,0.3,3.0,0.28,10.0,0.42,5.0,0.45,10.0,0.12,0.12,616.678,1776192360000
1776192361.687,61.687,0.45,6.66,0.43,11.0,0.61,50.0,0.64,10.0,0.44,5.0,0.39,50.0,0.46,4.41,0.55,6.66,0.16,0.02,616.678,1776192360000
1776192362.069,62.069,0.45,6.66,0.43,11.0,0.61,50.0,0.64,10.0,0.39,50.0,0.36,10.0,0.55,6.66,0.57,11.0,0.16,0.16,616.641351,1776192361000
1776192363.106,63.106,0.45,6.66,0.43,11.0,0.61,50.0,0.64,10.0,0.39,50.0,0.36,10.0,0.55,6.66,0.57,11.0,0.16,0.16,616.584,1776192362000
1776192364.024,64.024,0.45,6.66,0.43,11.0,0.61,50.0,0.64,10.0,0.39,50.0,0.36,10.0,0.55,6.66,0.57,11.0,0.16,0.16,616.527074,1776192363000
1776192365.11,65.11,0.45,6.66,0.43,11.0,0.61,50.0,0.64,10.0,0.39,50.0,0.36,10.0,0.55,6.66,0.57,11.0,0.16,0.16,616.526512,1776192364000
1776192366.08,66.08,0.45,6.66,0.43,11.0,0.61,50.0,0.64,10.0,0.39,50.0,0.36,10.0,0.55,6.66,0.57,11.0,0.16,0.16,616.525438,1776192365000
1776192367.079,67.079,0.45,6.66,0.43,11.0,0.61,50.0,0.64,10.0,0.39,50.0,0.36,10.0,0.55,6.66,0.57,11.0,0.16,0.16,616.535743,1776192366000
1776192368.133,68.133,0.45,6.66,0.43,11.0,0.61,50.0,0.64,10.0,0.39,50.0,0.36,10.0,0.55,6.66,0.57,11.0,0.16,0.16,616.47731,1776192367000
1776192369.313,69.313,0.45,6.66,0.43,11.0,0.61,50.0,0.64,10.0,0.39,50.0,0.36,10.0,0.55,6.66,0.57,11.0,0.16,0.16,616.50965,1776192368000
1776192370.265,70.265,0.45,1.66,0.41,5.0,0.47,10.0,0.48,5.0,0.39,50.0,0.36,10.0,0.55,6.66,0.57,11.0,0.02,0.16,616.50965,1776192368000
1776192370.481,70.481,0.45,1.66,0.41,5.0,0.47,10.0,0.48,5.0,0.53,10.0,0.52,5.0,0.55,1.66,0.59,5.0,0.02,0.02,616.50305,1776192369000
1776192371.097,71.097,0.41,5.0,0.4,12.0,0.47,10.0,0.48,5.0,0.53,10.0,0.52,5.0,0.59,5.0,0.6,12.0,0.06,0.06,616.49519,1776192370000
1776192372.646,72.646,0.36,13.0,0.29,5.0,0.41,35.0,0.43,34.0,0.53,10.0,0.52,5.0,0.59,5.0,0.6,12.0,0.05,0.06,616.49519,1776192370000
1776192372.918,72.918,0.36,13.0,0.29,5.0,0.41,35.0,0.43,34.0,0.59,35.0,0.57,34.0,0.64,13.0,0.71,5.0,0.05,0.05,616.4982,1776192371000
1776192373.321,73.321,0.36,13.0,0.29,5.0,0.41,35.0,0.43,34.0,0.59,35.0,0.57,34.0,0.64,13.0,0.71,5.0,0.05,0.05,616.47595,1776192372000
1776192374.339,74.339,0.36,13.0,0.29,5.0,0.41,35.0,0.43,34.0,0.59,35.0,0.57,34.0,0.64,13.0,0.71,5.0,0.05,0.05,616.413651,1776192373000
1776192375.266,75.266,0.36,13.0,0.29,5.0,0.41,35.0,0.43,34.0,0.59,35.0,0.57,34.0,0.64,13.0,0.71,5.0,0.05,0.05,616.364046,1776192374000
1776192376.24,76.24,0.36,13.0,0.29,5.0,0.41,35.0,0.43,34.0,0.59,35.0,0.57,34.0,0.64,13.0,0.71,5.0,0.05,0.05,616.271,1776192375000
1776192377.213,77.213,0.23,21.0,0.19,5.0,0.31,40.0,0.41,72.0,0.69,40.0,0.59,72.0,0.77,21.0,0.81,5.0,0.08,0.08,616.281,1776192376000
1776192378.258,78.258,0.23,21.0,0.19,5.0,0.31,40.0,0.41,72.0,0.69,40.0,0.59,72.0,0.77,21.0,0.81,5.0,0.08,0.08,616.141363,1776192377000
1776192379.097,79.097,0.14,21.6,0.13,23.0,0.19,5.0,0.2,5.0,0.69,40.0,0.59,72.0,0.77,21.0,0.81,5.0,0.05,0.08,616.141363,1776192377000
1776192380.293,80.293,0.14,21.6,0.13,23.0,0.19,5.0,0.2,5.0,0.81,5.0,0.8,5.0,0.86,21.6,0.87,23.0,0.05,0.05,615.993055,1776192379000
1776192381.304,81.304,0.14,21.6,0.13,23.0,0.19,5.0,0.2,5.0,0.81,5.0,0.8,5.0,0.86,21.6,0.87,23.0,0.05,0.05,615.981909,1776192380000
1776192382.335,82.335,0.14,21.6,0.13,23.0,0.19,5.0,0.2,5.0,0.81,5.0,0.8,5.0,0.86,21.6,0.87,23.0,0.05,0.05,615.955347,1776192381000
1776192383.295,83.295,0.08,35.29,0.07,39.9,0.16,5.0,0.18,26.0,0.84,5.0,0.82,26.0,0.92,35.29,0.93,39.9,0.08,0.08,615.982355,1776192382000
1776192383.715,83.715,0.04,76.7,0.03,89.3,0.05,5.0,0.15,5.0,0.84,5.0,0.82,26.0,0.92,35.29,0.93,39.9,0.01,0.08,615.982355,1776192382000
1776192384.257,84.257,0.04,76.7,0.03,89.3,0.05,5.0,0.15,5.0,0.95,5.0,0.85,5.0,0.96,76.7,0.97,89.3,0.01,0.01,615.74156,1776192383000
1776192385.246,85.246,0.04,71.7,0.03,89.3,0.05,5.0,0.06,5.0,0.95,5.0,0.85,5.0,0.96,76.7,0.97,89.3,0.01,0.01,615.74156,1776192383000
1776192385.67,85.67,0.04,71.7,0.03,89.3,0.05,5.0,0.06,5.0,0.95,5.0,0.94,5.0,0.96,71.7,0.97,89.3,0.01,0.01,615.28,1776192384000
1776192386.119,86.119,0.04,71.7,0.03,89.3,0.05,5.0,0.06,5.0,0.95,5.0,0.94,5.0,0.96,71.7,0.97,89.3,0.01,0.01,615.28,1776192385000
1776192387.187,87.187,0.04,71.7,0.03,89.3,0.05,5.0,0.06,5.0,0.95,5.0,0.94,5.0,0.96,71.7,0.97,89.3,0.01,0.01,615.422,1776192386000
1776192387.678,87.678,0.06,83.0,0.05,54.7,0.19,10.0,0.2,6.0,0.95,5.0,0.94,5.0,0.96,71.7,0.97,89.3,0.13,0.01,615.422,1776192386000
1776192388.211,88.211,0.06,83.0,0.05,54.7,0.19,10.0,0.2,6.0,0.81,10.0,0.8,6.0,0.94,83.0,0.95,54.7,0.13,0.13,615.39584,1776192387000
1776192389.099,89.099,0.06,83.0,0.05,54.7,0.19,10.0,0.2,6.0,0.81,10.0,0.8,6.0,0.94,83.0,0.95,54.7,0.13,0.13,615.415,1776192388000
1776192389.928,89.928,0.06,129.1,0.05,54.7,0.19,10.0,0.2,6.0,0.81,10.0,0.8,6.0,0.94,83.0,0.95,54.7,0.13,0.13,615.415,1776192388000
1776192390.145,90.145,0.06,129.1,0.05,54.7,0.19,10.0,0.2,6.0,0.81,10.0,0.8,6.0,0.94,129.1,0.95,54.7,0.13,0.13,615.517,1776192389000
1776192391.192,91.192,0.06,129.1,0.05,54.7,0.19,10.0,0.2,6.0,0.81,10.0,0.8,6.0,0.94,129.1,0.95,54.7,0.13,0.13,615.482145,1776192390000
1776192392.249,92.249,0.06,129.1,0.05,54.7,0.19,10.0,0.2,6.0,0.81,10.0,0.8,6.0,0.94,129.1,0.95,54.7,0.13,0.13,615.398851,1776192391000
1776192393.32,93.32,0.06,129.1,0.05,54.7,0.19,10.0,0.2,6.0,0.81,10.0,0.8,6.0,0.94,129.1,0.95,54.7,0.13,0.13,615.326702,1776192392000
1776192393.587,93.587,0.06,83.0,0.04,71.7,0.09,4.06,0.1,10.0,0.81,10.0,0.8,6.0,0.94,129.1,0.95,54.7,0.03,0.13,615.326702,1776192392000
1776192394.408,94.408,0.06,83.0,0.04,71.7,0.09,4.06,0.1,10.0,0.91,4.06,0.9,10.0,0.94,83.0,0.96,71.7,0.03,0.03,615.270355,1776192393000
1776192394.922,94.922,0.06,83.0,0.04,71.7,0.09,4.06,0.1,10.0,0.91,4.06,0.9,10.0,0.94,83.0,0.96,71.7,0.03,0.03,615.235323,1776192394000
1776192395.957,95.957,0.06,83.0,0.04,71.7,0.09,4.06,0.1,10.0,0.91,4.06,0.9,10.0,0.94,83.0,0.96,71.7,0.03,0.03,615.265,1776192395000
1776192397.02,97.02,0.06,83.0,0.04,71.7,0.09,4.06,0.1,10.0,0.91,4.06,0.9,10.0,0.94,83.0,0.96,71.7,0.03,0.03,615.306,1776192396000
1776192398.031,98.031,0.06,83.0,0.04,71.7,0.09,4.06,0.1,10.0,0.91,4.06,0.9,10.0,0.94,83.0,0.96,71.7,0.03,0.03,615.170998,1776192397000
1776192399.039,99.039,0.06,83.0,0.04,71.7,0.09,4.06,0.1,10.0,0.91,4.06,0.9,10.0,0.94,83.0,0.96,71.7,0.03,0.03,615.114,1776192398000
1776192400.066,100.066,0.06,83.0,0.04,71.7,0.09,4.06,0.1,10.0,0.91,4.06,0.9,10.0,0.94,83.0,0.96,71.7,0.03,0.03,615.18746,1776192399000
1776192402.762,102.762,0.06,83.0,0.04,71.7,0.09,4.06,0.1,10.0,0.91,4.06,0.9,10.0,0.94,83.0,0.96,71.7,0.03,0.03,615.146,1776192400000
1776192403.29,103.29,0.06,83.0,0.04,71.7,0.09,4.06,0.1,10.0,0.91,4.06,0.9,10.0,0.94,83.0,0.96,71.7,0.03,0.03,615.001,1776192402000
1776192404.312,104.312,0.06,83.0,0.04,71.7,0.09,4.06,0.1,10.0,0.91,4.06,0.9,10.0,0.94,83.0,0.96,71.7,0.03,0.03,615.10289,1776192403000
1776192405.234,105.234,0.06,83.0,0.04,71.7,0.09,4.06,0.1,10.0,0.91,4.06,0.9,10.0,0.94,83.0,0.96,71.7,0.03,0.03,615.153,1776192404000
1776192406.682,106.682,0.06,83.0,0.04,71.7,0.09,4.06,0.1,10.0,0.91,4.06,0.9,10.0,0.94,83.0,0.96,71.7,0.03,0.03,615.153,1776192405000
1776192407.35,107.35,0.06,83.0,0.04,71.7,0.09,4.06,0.1,10.0,0.91,4.06,0.9,10.0,0.94,83.0,0.96,71.7,0.03,0.03,615.117651,1776192406000
1776192407.904,107.904,0.06,83.0,0.04,71.7,0.09,4.06,0.1,10.0,0.91,4.06,0.9,10.0,0.94,83.0,0.96,71.7,0.03,0.03,615.110483,1776192407000
1776192408.89,108.89,0.06,83.0,0.04,71.7,0.09,4.06,0.1,10.0,0.91,4.06,0.9,10.0,0.94,83.0,0.96,71.7,0.03,0.03,615.107,1776192408000
1776192409.99,109.99,0.06,83.0,0.04,71.7,0.09,4.06,0.1,10.0,0.91,4.06,0.9,10.0,0.94,83.0,0.96,71.7,0.03,0.03,615.039605,1776192409000
1776192411.045,111.045,0.04,2.82,0.02,146.69,0.05,54.7,0.06,46.1,0.95,54.7,0.94,46.1,0.96,2.82,0.98,146.69,0.01,0.01,615.037664,1776192410000
1776192412.545,112.545,0.04,2.82,0.02,146.69,0.05,54.7,0.06,46.1,0.95,54.7,0.94,46.1,0.96,2.82,0.98,146.69,0.01,0.01,615.043,1776192411000
1776192413.099,113.099,0.04,2.82,0.02,146.69,0.05,54.7,0.06,46.1,0.95,54.7,0.94,46.1,0.96,2.82,0.98,146.69,0.01,0.01,615.043,1776192412000
1776192414.207,114.207,0.04,2.82,0.02,146.69,0.05,54.7,0.06,46.1,0.95,54.7,0.94,46.1,0.96,2.82,0.98,146.69,0.01,0.01,615.091,1776192413000
1776192415.321,115.321,0.04,2.82,0.02,146.69,0.05,54.7,0.06,46.1,0.95,54.7,0.94,46.1,0.96,2.82,0.98,146.69,0.01,0.01,615.111,1776192414000
1776192416.607,116.607,0.04,2.82,0.02,146.69,0.05,54.7,0.06,46.1,0.95,54.7,0.94,46.1,0.96,2.82,0.98,146.69,0.01,0.01,615.146,1776192415000
1776192417.183,117.183,0.04,2.82,0.02,146.69,0.05,54.7,0.06,46.1,0.95,54.7,0.94,46.1,0.96,2.82,0.98,146.69,0.01,0.01,615.146,1776192416000
1776192418.716,118.716,0.04,2.82,0.02,146.69,0.05,54.7,0.06,46.1,0.95,54.7,0.94,46.1,0.96,2.82,0.98,146.69,0.01,0.01,615.091,1776192417000
1776192419.073,119.073,0.04,2.82,0.02,146.69,0.05,54.7,0.06,46.1,0.95,54.7,0.94,46.1,0.96,2.82,0.98,146.69,0.01,0.01,615.091,1776192418000
1776192420.162,120.162,0.04,2.82,0.02,146.69,0.05,54.7,0.06,46.1,0.95,54.7,0.94,46.1,0.96,2.82,0.98,146.69,0.01,0.01,615.071,1776192419000
1776192421.411,121.411,0.04,2.82,0.02,146.69,0.05,54.7,0.06,46.1,0.95,54.7,0.94,46.1,0.96,2.82,0.98,146.69,0.01,0.01,615.081,1776192420000
1776192421.903,121.903,0.04,2.82,0.02,146.69,0.05,54.7,0.06,46.1,0.95,54.7,0.94,46.1,0.96,2.82,0.98,146.69,0.01,0.01,615.081,1776192421000
1776192423.028,123.028,0.04,2.82,0.02,146.69,0.05,54.7,0.06,46.1,0.95,54.7,0.94,46.1,0.96,2.82,0.98,146.69,0.01,0.01,615.08,1776192422000
1776192424.214,124.214,0.04,2.82,0.02,146.69,0.05,54.7,0.06,46.1,0.95,54.7,0.94,46.1,0.96,2.82,0.98,146.69,0.01,0.01,615.03,1776192423000
1776192425.274,125.274,0.04,2.82,0.02,146.69,0.05,54.7,0.06,46.1,0.95,54.7,0.94,46.1,0.96,2.82,0.98,146.69,0.01,0.01,615.03,1776192424000
1776192425.854,125.854,0.04,2.82,0.02,146.69,0.05,54.7,0.06,46.1,0.95,54.7,0.94,46.1,0.96,2.82,0.98,146.69,0.01,0.01,615.09641,1776192425000
1776192427.424,127.424,0.04,2.82,0.02,146.69,0.05,54.7,0.06,46.1,0.95,54.7,0.94,46.1,0.96,2.82,0.98,146.69,0.01,0.01,614.987822,1776192426000
1776192428.022,128.022,0.04,2.82,0.02,146.69,0.05,54.7,0.06,46.1,0.95,54.7,0.94,46.1,0.96,2.82,0.98,146.69,0.01,0.01,614.9097,1776192427000
1776192429.094,129.094,0.04,2.82,0.02,146.69,0.05,54.7,0.06,46.1,0.95,54.7,0.94,46.1,0.96,2.82,0.98,146.69,0.01,0.01,614.681,1776192428000
1776192429.604,129.604,0.03,32.29,0.02,14.0,0.05,54.7,0.06,46.1,0.95,54.7,0.94,46.1,0.97,33.33,0.98,14.0,0.02,0.02,614.681,1776192428000
1776192430.034,130.034,0.03,32.29,0.02,14.0,0.05,54.7,0.06,46.1,0.95,54.7,0.94,46.1,0.97,32.29,0.98,14.0,0.02,0.02,614.709248,1776192429000
1776192431.077,131.077,0.03,22.59,0.02,14.0,0.04,67.7,0.05,54.7,0.96,67.7,0.95,54.7,0.97,22.59,0.98,14.0,0.01,0.01,614.775614,1776192430000
1776192432.099,132.099,0.03,22.59,0.02,14.0,0.04,67.7,0.05,54.7,0.96,67.7,0.95,54.7,0.97,22.59,0.98,14.0,0.01,0.01,614.748,1776192431000
1776192433.186,133.186,0.03,22.59,0.02,14.0,0.04,67.7,0.05,54.7,0.96,67.7,0.95,54.7,0.97,22.59,0.98,14.0,0.01,0.01,614.641474,1776192432000
1776192434.479,134.479,0.03,22.59,0.02,14.0,0.04,67.7,0.05,54.7,0.96,67.7,0.95,54.7,0.97,22.59,0.98,14.0,0.01,0.01,614.726308,1776192433000
1776192435.07,135.07,0.03,22.59,0.02,14.0,0.04,67.7,0.05,54.7,0.96,67.7,0.95,54.7,0.97,22.59,0.98,14.0,0.01,0.01,614.727,1776192434000
1776192436.221,136.221,0.03,22.59,0.02,14.0,0.04,67.7,0.05,54.7,0.96,67.7,0.95,54.7,0.97,22.59,0.98,14.0,0.01,0.01,614.725,1776192435000
1776192437.186,137.186,0.03,22.59,0.02,14.0,0.04,67.7,0.05,54.7,0.96,67.7,0.95,54.7,0.97,22.59,0.98,14.0,0.01,0.01,614.730039,1776192436000
1776192438.37,138.37,0.03,22.59,0.02,14.0,0.04,67.7,0.05,54.7,0.96,67.7,0.95,54.7,0.97,22.59,0.98,14.0,0.01,0.01,614.777,1776192437000
1776192439.418,139.418,0.03,22.59,0.02,14.0,0.04,67.7,0.05,54.7,0.96,67.7,0.95,54.7,0.97,22.59,0.98,14.0,0.01,0.01,614.752,1776192438000
1776192440.551,140.551,0.03,22.59,0.02,14.0,0.04,67.7,0.05,54.7,0.96,67.7,0.95,54.7,0.97,22.59,0.98,14.0,0.01,0.01,614.696024,1776192439000
1776192441.575,141.575,0.03,22.59,0.02,14.0,0.04,67.7,0.05,54.7,0.96,67.7,0.95,54.7,0.97,22.59,0.98,14.0,0.01,0.01,614.691,1776192440000
1776192442.117,142.117,0.03,22.59,0.02,14.0,0.04,67.7,0.05,54.7,0.96,67.7,0.95,54.7,0.97,22.59,0.98,14.0,0.01,0.01,614.687106,1776192441000
1776192443.322,143.322,0.03,22.59,0.02,14.0,0.04,67.7,0.05,54.7,0.96,67.7,0.95,54.7,0.97,22.59,0.98,14.0,0.01,0.01,614.696024,1776192442000
1776192444.45,144.45,0.03,22.59,0.02,14.0,0.04,67.7,0.05,54.7,0.96,67.7,0.95,54.7,0.97,22.59,0.98,14.0,0.01,0.01,614.641,1776192443000
1776192444.861,144.861,0.03,21.55,0.02,14.0,0.04,67.7,0.05,54.7,0.96,67.7,0.95,54.7,0.97,22.59,0.98,14.0,0.01,0.01,614.641,1776192443000
1776192446.275,146.275,0.03,21.55,0.02,14.0,0.04,67.7,0.05,54.7,0.96,67.7,0.95,54.7,0.97,21.55,0.98,14.0,0.01,0.01,614.641,1776192445000
1776192447.454,147.454,0.03,21.55,0.02,14.0,0.04,67.7,0.05,54.7,0.96,67.7,0.95,54.7,0.97,21.55,0.98,14.0,0.01,0.01,614.578805,1776192446000
1776192448.003,148.003,0.03,21.55,0.02,14.0,0.04,67.7,0.05,54.7,0.96,67.7,0.95,54.7,0.97,21.55,0.98,14.0,0.01,0.01,614.515,1776192447000
1776192449.273,149.273,0.03,21.55,0.02,14.0,0.04,67.7,0.05,54.7,0.96,67.7,0.95,54.7,0.97,21.55,0.98,14.0,0.01,0.01,614.544,1776192448000
1776192450.299,150.299,0.03,21.55,0.02,14.0,0.04,67.7,0.05,54.7,0.96,67.7,0.95,54.7,0.97,21.55,0.98,14.0,0.01,0.01,614.666,1776192449000
1776192450.565,150.565,0.02,11.95,0.01,294.0,0.04,67.7,0.05,54.7,0.96,67.7,0.95,54.7,0.98,14.0,0.99,294.0,0.02,0.02,614.666,1776192449000
1776192451.409,151.409,0.02,11.95,0.01,294.0,0.04,67.7,0.05,54.7,0.96,67.7,0.95,54.7,0.98,11.95,0.99,294.0,0.02,0.02,614.666,1776192450000
1776192452.025,152.025,0.02,11.95,0.01,294.0,0.04,67.7,0.05,54.7,0.96,67.7,0.95,54.7,0.98,11.95,0.99,294.0,0.02,0.02,614.662,1776192451000
1776192453.12,153.12,0.02,11.95,0.01,294.0,0.04,67.7,0.05,54.7,0.96,67.7,0.95,54.7,0.98,11.95,0.99,294.0,0.02,0.02,614.677,1776192452000
1776192453.347,153.347,0.02,2.95,0.01,294.0,0.03,89.3,0.04,67.7,0.96,67.7,0.95,54.7,0.98,11.95,0.99,294.0,0.01,0.02,614.677,1776192452000
1776192454.034,154.034,0.01,291.86,,,0.03,89.3,0.04,67.7,0.97,89.3,0.96,67.7,0.98,2.95,0.99,294.0,0.02,0.01,614.677,1776192452000
1776192454.349,154.349,0.01,291.86,,,0.03,89.3,0.04,67.7,0.97,89.3,0.96,67.7,0.99,291.86,,,0.02,0.02,614.58624,1776192453000
1776192455.456,155.456,0.01,291.86,,,0.03,89.3,0.04,67.7,0.97,89.3,0.96,67.7,0.99,291.86,,,0.02,0.02,614.525922,1776192454000
1776192456.658,156.658,0.01,291.86,,,0.03,89.3,0.04,67.7,0.97,89.3,0.96,67.7,0.99,291.86,,,0.02,0.02,614.531071,1776192455000
1776192457.928,157.928,0.01,291.86,,,0.03,89.3,0.04,67.7,0.97,89.3,0.96,67.7,0.99,291.86,,,0.02,0.02,614.530879,1776192456000
1776192458.639,158.639,0.01,291.86,,,0.03,89.3,0.04,67.7,0.97,89.3,0.96,67.7,0.99,291.86,,,0.02,0.02,614.53511,1776192457000
1776192459.739,159.739,0.01,291.86,,,0.03,89.3,0.04,67.7,0.97,89.3,0.96,67.7,0.99,291.86,,,0.02,0.02,614.535093,1776192458000
1776192460.36,160.36,0.01,291.86,,,0.03,89.3,0.04,67.7,0.97,89.3,0.96,67.7,0.99,291.86,,,0.02,0.02,614.534948,1776192459000
1776192461.209,161.209,0.01,291.86,,,0.03,89.3,0.04,67.7,0.97,89.3,0.96,67.7,0.99,291.86,,,0.02,0.02,614.53643,1776192460000
1776192462.874,162.874,0.01,291.86,,,0.03,89.3,0.04,67.7,0.97,89.3,0.96,67.7,0.99,291.86,,,0.02,0.02,614.440097,1776192461000
1776192463.488,163.488,0.01,291.86,,,0.03,89.3,0.04,67.7,0.97,89.3,0.96,67.7,0.99,291.86,,,0.02,0.02,614.441215,1776192462000
1776192464.217,164.217,0.01,291.86,,,0.03,89.3,0.04,67.7,0.97,89.3,0.96,67.7,0.99,291.86,,,0.02,0.02,614.524,1776192463000
1776192465.848,165.848,0.01,291.86,,,0.03,89.3,0.04,67.7,0.97,89.3,0.96,67.7,0.99,291.86,,,0.02,0.02,614.487906,1776192464000
1776192466.742,166.742,0.01,291.86,,,0.03,89.3,0.04,67.7,0.97,89.3,0.96,67.7,0.99,291.86,,,0.02,0.02,614.459,1776192465000
1776192467.492,167.492,0.01,291.86,,,0.03,89.3,0.04,67.7,0.97,89.3,0.96,67.7,0.99,291.86,,,0.02,0.02,614.486,1776192466000
1776192468.221,168.221,0.01,291.86,,,0.03,89.3,0.04,67.7,0.97,89.3,0.96,67.7,0.99,291.86,,,0.02,0.02,614.486,1776192467000
1776192469.693,169.693,0.01,291.86,,,0.03,89.3,0.04,67.7,0.97,89.3,0.96,67.7,0.99,291.86,,,0.02,0.02,614.573909,1776192468000
1776192470.387,170.387,0.01,291.86,,,0.03,89.3,0.04,67.7,0.97,89.3,0.96,67.7,0.99,291.86,,,0.02,0.02,614.52,1776192469000
1776192471.111,171.111,0.01,291.86,,,0.03,89.3,0.04,67.7,0.97,89.3,0.96,67.7,0.99,291.86,,,0.02,0.02,614.509,1776192470000
1776192472.682,172.682,0.01,291.86,,,0.03,89.3,0.04,67.7,0.97,89.3,0.96,67.7,0.99,291.86,,,0.02,0.02,614.576,1776192471000
1776192473.477,173.477,0.01,291.86,,,0.03,89.3,0.04,67.7,0.97,89.3,0.96,67.7,0.99,291.86,,,0.02,0.02,614.576,1776192472000
1776192474.134,174.134,0.01,291.86,,,0.03,89.3,0.04,67.7,0.97,89.3,0.96,67.7,0.99,291.86,,,0.02,0.02,614.547,1776192473000
1776192475.601,175.601,0.01,291.86,,,0.03,89.3,0.04,67.7,0.97,89.3,0.96,67.7,0.99,291.86,,,0.02,0.02,614.511,1776192474000
1776192476.927,176.927,0.01,291.86,,,0.03,89.3,0.04,67.7,0.97,89.3,0.96,67.7,0.99,291.86,,,0.02,0.02,614.516,1776192475000
1776192477.537,177.537,0.01,291.86,,,0.03,89.3,0.04,67.7,0.97,89.3,0.96,67.7,0.99,291.86,,,0.02,0.02,614.562,1776192476000
1776192478.18,178.18,0.01,291.86,,,0.03,89.3,0.04,67.7,0.97,89.3,0.96,67.7,0.99,291.86,,,0.02,0.02,614.562,1776192477000
1776192479.359,179.359,0.01,291.86,,,0.03,89.3,0.04,67.7,0.97,89.3,0.96,67.7,0.99,291.86,,,0.02,0.02,614.589,1776192478000
1776192480.534,180.534,0.01,291.86,,,0.03,89.3,0.04,67.7,0.97,89.3,0.96,67.7,0.99,291.86,,,0.02,0.02,614.589,1776192479000
1776192480.968,180.968,0.01,281.76,,,0.02,132.69,0.03,89.3,0.97,89.3,0.96,67.7,0.99,291.86,,,0.01,0.02,614.589,1776192479000
1776192481.64,181.64,0.01,279.73,,,0.02,132.69,0.03,89.3,0.98,132.69,0.97,89.3,0.99,281.76,,,0.01,0.01,614.589,1776192480000
1776192482.323,182.323,0.01,279.73,,,0.02,132.69,0.03,89.3,0.98,132.69,0.97,89.3,0.99,279.73,,,0.01,0.01,614.667747,1776192481000
1776192483.258,183.258,0.01,118.83,,,0.02,132.69,0.03,89.3,0.98,132.69,0.97,89.3,0.99,279.73,,,0.01,0.01,614.667747,1776192481000
1776192483.579,183.579,0.01,118.83,,,0.02,132.69,0.03,89.3,0.98,132.69,0.97,89.3,0.99,118.83,,,0.01,0.01,614.709,1776192482000
1776192484.078,184.078,0.01,118.83,,,0.02,132.69,0.03,89.3,0.98,132.69,0.97,89.3,0.99,118.83,,,0.01,0.01,614.709,1776192483000
1776192485.231,185.231,0.01,118.83,,,0.02,132.69,0.03,89.3,0.98,132.69,0.97,89.3,0.99,118.83,,,0.01,0.01,614.694,1776192484000
1776192485.682,185.682,0.01,83.48,,,0.02,132.69,0.03,89.3,0.98,132.69,0.97,89.3,0.99,118.83,,,0.01,0.01,614.694,1776192484000
1776192486.121,186.121,0.01,82.46,,,0.02,132.69,0.03,89.3,0.98,132.69,0.97,89.3,0.99,83.48,,,0.01,0.01,614.694,1776192484000
1776192486.362,186.362,0.01,82.46,,,0.02,132.69,0.03,89.3,0.98,132.69,0.97,89.3,0.99,82.46,,,0.01,0.01,614.691,1776192485000
1776192486.67,186.67,0.01,80.43,,,0.02,132.69,0.03,89.3,0.98,132.69,0.97,89.3,0.99,82.46,,,0.01,0.01,614.691,1776192485000
1776192487.026,187.026,0.01,80.43,,,0.02,132.69,0.03,89.3,0.98,132.69,0.97,89.3,0.99,80.43,,,0.01,0.01,614.716756,1776192486000
1776192488.187,188.187,0.01,80.43,,,0.02,132.69,0.03,89.3,0.98,132.69,0.97,89.3,0.99,80.43,,,0.01,0.01,614.762527,1776192487000
1776192488.623,188.623,0.01,75.37,,,0.02,132.69,0.03,89.3,0.98,132.69,0.97,89.3,0.99,80.43,,,0.01,0.01,614.762527,1776192487000
1776192489.176,189.176,0.01,75.37,,,0.02,132.69,0.03,89.3,0.98,132.69,0.97,89.3,0.99,75.37,,,0.01,0.01,614.775304,1776192488000
1776192490.334,190.334,0.01,75.37,,,0.02,132.69,0.03,89.3,0.98,132.69,0.97,89.3,0.99,75.37,,,0.01,0.01,614.812444,1776192489000
1776192492.059,192.059,0.01,75.37,,,0.02,132.69,0.03,89.3,0.98,132.69,0.97,89.3,0.99,75.37,,,0.01,0.01,614.856,1776192490000
1776192492.646,192.646,0.01,75.37,,,0.02,132.69,0.03,89.3,0.98,132.69,0.97,89.3,0.99,75.37,,,0.01,0.01,614.9,1776192491000
1776192493.189,193.189,0.01,75.37,,,0.02,132.69,0.03,89.3,0.98,132.69,0.97,89.3,0.99,75.37,,,0.01,0.01,614.9,1776192492000
1776192494.394,194.394,0.01,75.37,,,0.02,132.69,0.03,89.3,0.98,132.69,0.97,89.3,0.99,75.37,,,0.01,0.01,614.926,1776192493000
1776192494.925,194.925,0.01,75.37,,,0.02,132.69,0.03,89.3,0.98,132.69,0.97,89.3,0.99,75.37,,,0.01,0.01,614.968618,1776192494000
1776192496.096,196.096,0.01,75.37,,,0.02,132.69,0.03,89.3,0.98,132.69,0.97,89.3,0.99,75.37,,,0.01,0.01,614.992074,1776192495000
1776192497.129,197.129,0.01,75.37,,,0.02,132.69,0.03,89.3,0.98,132.69,0.97,89.3,0.99,75.37,,,0.01,0.01,615.003701,1776192496000
1776192498.341,198.341,0.01,75.37,,,0.02,132.69,0.03,89.3,0.98,132.69,0.97,89.3,0.99,75.37,,,0.01,0.01,615.003706,1776192497000
1776192498.91,198.91,0.01,75.37,,,0.02,132.69,0.03,89.3,0.98,132.69,0.97,89.3,0.99,75.37,,,0.01,0.01,615.002626,1776192498000
1776192500.119,200.119,0.01,75.37,,,0.02,132.69,0.03,89.3,0.98,132.69,0.97,89.3,0.99,75.37,,,0.01,0.01,615.002707,1776192499000
1776192501.308,201.308,0.01,75.37,,,0.02,132.69,0.03,89.3,0.98,132.69,0.97,89.3,0.99,75.37,,,0.01,0.01,615.010516,1776192500000
1776192502.369,202.369,0.01,75.37,,,0.02,132.69,0.03,89.3,0.98,132.69,0.97,89.3,0.99,75.37,,,0.01,0.01,615.013218,1776192501000
1776192503.032,203.032,0.01,75.37,,,0.02,132.69,0.03,89.3,0.98,132.69,0.97,89.3,0.99,75.37,,,0.01,0.01,615.012246,1776192502000
1776192504.22,204.22,0.01,75.37,,,0.02,132.69,0.03,89.3,0.98,132.69,0.97,89.3,0.99,75.37,,,0.01,0.01,615.007125,1776192503000
1776192504.824,204.824,0.01,70.37,,,0.02,132.69,0.03,89.3,0.98,132.69,0.97,89.3,0.99,75.37,,,0.01,0.01,615.007125,1776192503000
1776192505.344,205.344,0.01,70.37,,,0.02,132.69,0.03,89.3,0.98,132.69,0.97,89.3,0.99,70.37,,,0.01,0.01,615.022,1776192504000
1776192506.228,206.228,0.01,19.37,,,0.02,132.69,0.03,89.3,0.98,132.69,0.97,89.3,0.99,70.37,,,0.01,0.01,615.022,1776192504000
1776192506.825,206.825,0.01,19.37,,,0.02,132.69,0.03,89.3,0.98,132.69,0.97,89.3,0.99,19.37,,,0.01,0.01,614.94262,1776192505000
1776192507.076,207.076,0.01,14.37,,,0.02,132.69,0.03,89.3,0.98,132.69,0.97,89.3,0.99,19.37,,,0.01,0.01,614.94262,1776192505000
1776192507.362,207.362,0.01,14.37,,,0.02,132.69,0.03,89.3,0.98,132.69,0.97,89.3,0.99,14.37,,,0.01,0.01,614.93318,1776192506000
1776192507.948,207.948,0.01,14.37,,,0.02,132.69,0.03,89.3,0.98,132.69,0.97,89.3,0.99,14.37,,,0.01,0.01,614.937,1776192507000
1776192509.129,209.129,0.01,14.37,,,0.02,132.69,0.03,89.3,0.98,132.69,0.97,89.3,0.99,14.37,,,0.01,0.01,614.87,1776192508000
1776192510.202,210.202,0.01,14.37,,,0.02,132.69,0.03,89.3,0.98,132.69,0.97,89.3,0.99,14.37,,,0.01,0.01,614.874,1776192509000
1776192511.404,211.404,0.01,14.37,,,0.02,132.69,0.03,89.3,0.98,132.69,0.97,89.3,0.99,14.37,,,0.01,0.01,614.819739,1776192510000
1776192512.52,212.52,0.01,14.37,,,0.02,132.69,0.03,89.3,0.98,132.69,0.97,89.3,0.99,14.37,,,0.01,0.01,614.760177,1776192511000
1776192513.153,213.153,0.01,14.37,,,0.02,132.69,0.03,89.3,0.98,132.69,0.97,89.3,0.99,14.37,,,0.01,0.01,614.749396,1776192512000
1776192514.264,214.264,,,,,0.01,992.7,0.02,132.69,0.99,992.7,0.98,132.69,,,,,,,614.693598,1776192513000
1776192515.438,215.438,,,,,0.01,992.7,0.02,132.69,0.99,992.7,0.98,132.69,,,,,,,614.622306,1776192514000
1776192516.01,216.01,,,,,0.01,992.7,0.02,132.69,0.99,992.7,0.98,132.69,,,,,,,614.591,1776192515000
1776192517.187,217.187,,,,,0.01,992.7,0.02,132.69,0.99,992.7,0.98,132.69,,,,,,,614.503,1776192516000
1776192525.522,225.522,,,,,0.01,992.7,0.02,132.69,0.99,992.7,0.98,132.69,,,,,,,614.343266,1776192524000
1776192526.595,226.595,,,,,0.01,992.7,0.02,132.69,0.99,992.7,0.98,132.69,,,,,,,614.322,1776192525000
1776192527.421,227.421,,,,,0.01,992.7,0.02,132.69,0.99,992.7,0.98,132.69,,,,,,,614.316965,1776192526000
1776192527.971,227.971,,,,,0.01,992.7,0.02,132.69,0.99,992.7,0.98,132.69,,,,,,,614.263,1776192527000
1776192529.183,229.183,,,,,0.01,992.7,0.02,132.69,0.99,992.7,0.98,132.69,,,,,,,614.25344,1776192528000
1776192530.656,230.656,,,,,0.01,992.7,0.02,132.69,0.99,992.7,0.98,132.69,,,,,,,614.126,1776192529000
1776192531.293,231.293,,,,,0.01,992.7,0.02,132.69,0.99,992.7,0.98,132.69,,,,,,,614.13,1776192530000
1776192532.761,232.761,,,,,0.01,992.7,0.02,132.69,0.99,992.7,0.98,132.69,,,,,,,614.078094,1776192531000
1776192533.327,233.327,,,,,0.01,992.7,0.02,132.69,0.99,992.7,0.98,132.69,,,,,,,614.07811,1776192532000
1776192534.619,234.619,,,,,0.01,992.7,0.02,132.69,0.99,992.7,0.98,132.69,,,,,,,614.065928,1776192533000
1776192535.227,235.227,,,,,0.01,992.7,0.02,132.69,0.99,992.7,0.98,132.69,,,,,,,613.953965,1776192534000
1776192536.451,236.451,,,,,0.01,992.7,0.02,132.69,0.99,992.7,0.98,132.69,,,,,,,613.957966,1776192535000
1776192537.059,237.059,,,,,0.01,992.7,0.02,132.69,0.99,992.7,0.98,132.69,,,,,,,614.074945,1776192536000
1776192539.32,239.32,,,,,0.01,992.7,0.02,132.69,0.99,992.7,0.98,132.69,,,,,,,614.08557,1776192538000
1776192540.53,240.53,,,,,0.01,992.7,0.02,132.69,0.99,992.7,0.98,132.69,,,,,,,614.10174,1776192539000
1776192541.068,241.068,,,,,0.01,992.7,0.02,132.69,0.99,992.7,0.98,132.69,,,,,,,614.08972,1776192540000
1776192542.356,242.356,,,,,0.01,992.7,0.02,132.69,0.99,992.7,0.98,132.69,,,,,,,614.072395,1776192541000
1776192543.016,243.016,,,,,0.01,992.7,0.02,132.69,0.99,992.7,0.98,132.69,,,,,,,614.05684,1776192542000
1776192544.13,244.13,,,,,0.01,992.7,0.02,132.69,0.99,992.7,0.98,132.69,,,,,,,614.074127,1776192543000
1776192545.321,245.321,,,,,0.01,992.7,0.02,132.69,0.99,992.7,0.98,132.69,,,,,,,614.025,1776192544000
1776192545.897,245.897,,,,,0.01,992.7,0.02,132.69,0.99,992.7,0.98,132.69,,,,,,,614.056,1776192545000
1776192546.975,246.975,,,,,0.01,992.7,0.02,132.69,0.99,992.7,0.98,132.69,,,,,,,614.057,1776192546000
1776192548.023,248.023,,,,,0.01,992.7,0.02,132.69,0.99,992.7,0.98,132.69,,,,,,,614.020115,1776192547000
1776192549.158,249.158,,,,,0.01,992.7,0.02,132.69,0.99,992.7,0.98,132.69,,,,,,,613.993,1776192548000
1776192551.031,251.031,,,,,0.01,992.7,0.02,132.69,0.99,992.7,0.98,132.69,,,,,,,613.977,1776192550000
1776192552.344,252.344,,,,,0.01,992.7,0.02,132.69,0.99,992.7,0.98,132.69,,,,,,,613.995,1776192551000
1776192553.141,253.141,,,,,0.01,992.7,0.02,132.69,0.99,992.7,0.98,132.69,,,,,,,613.976,1776192552000
1776192554.262,254.262,,,,,0.01,992.7,0.02,132.69,0.99,992.7,0.98,132.69,,,,,,,613.905,1776192553000
1776192555.149,255.149,,,,,0.01,992.7,0.02,132.69,0.99,992.7,0.98,132.69,,,,,,,613.905,1776192554000
1776192556.18,256.18,,,,,0.01,992.7,0.02,132.69,0.99,992.7,0.98,132.69,,,,,,,613.922,1776192555000
1776192557.171,257.171,,,,,0.01,992.7,0.02,132.69,0.99,992.7,0.98,132.69,,,,,,,613.893,1776192556000
1776192558.196,258.196,,,,,0.01,992.7,0.02,132.69,0.99,992.7,0.98,132.69,,,,,,,613.935,1776192557000
1776192559.201,259.201,,,,,0.01,992.7,0.02,132.69,0.99,992.7,0.98,132.69,,,,,,,613.99177,1776192558000
1776192560.247,260.247,,,,,0.01,992.7,0.02,132.69,0.99,992.7,0.98,132.69,,,,,,,613.998,1776192559000
1776192561.182,261.182,,,,,0.01,992.7,0.02,132.69,0.99,992.7,0.98,132.69,,,,,,,614.013,1776192560000
1776192562.131,262.131,,,,,0.01,992.7,0.02,132.69,0.99,992.7,0.98,132.69,,,,,,,614.027,1776192561000
1776192563.175,263.175,,,,,0.01,992.7,0.02,132.69,0.99,992.7,0.98,132.69,,,,,,,614.027,1776192562000
1776192564.197,264.197,,,,,0.01,992.7,0.02,132.69,0.99,992.7,0.98,132.69,,,,,,,614.00902,1776192563000
1776192565.268,265.268,,,,,0.01,992.7,0.02,132.69,0.99,992.7,0.98,132.69,,,,,,,614.00921,1776192564000
1776192566.354,266.354,,,,,0.01,992.7,0.02,132.69,0.99,992.7,0.98,132.69,,,,,,,614.012164,1776192565000
1776192567.206,267.206,,,,,0.01,992.7,0.02,132.69,0.99,992.7,0.98,132.69,,,,,,,614.007267,1776192566000
1776192568.236,268.236,,,,,0.01,992.7,0.02,132.69,0.99,992.7,0.98,132.69,,,,,,,613.972,1776192567000
1776192569.272,269.272,,,,,0.01,992.7,0.02,132.69,0.99,992.7,0.98,132.69,,,,,,,613.97418,1776192568000
1776192570.518,270.518,,,,,0.01,992.7,0.02,132.69,0.99,992.7,0.98,132.69,,,,,,,613.97892,1776192569000
1776192571.038,271.038,,,,,0.01,992.7,0.02,132.69,0.99,992.7,0.98,132.69,,,,,,,614.000532,1776192570000
1776192572.098,272.098,,,,,0.01,992.7,0.02,132.69,0.99,992.7,0.98,132.69,,,,,,,613.99628,1776192571000
1776192573.196,273.196,,,,,0.01,992.7,0.02,132.69,0.99,992.7,0.98,132.69,,,,,,,613.975,1776192572000
1776192574.668,274.668,,,,,0.01,992.7,0.02,132.69,0.99,992.7,0.98,132.69,,,,,,,613.92271,1776192573000
1776192575.201,275.201,,,,,0.01,992.7,0.02,132.69,0.99,992.7,0.98,132.69,,,,,,,613.841,1776192574000
1776192576.356,276.356,,,,,0.01,992.7,0.02,132.69,0.99,992.7,0.98,132.69,,,,,,,613.787,1776192575000
1776192577.461,277.461,,,,,0.01,992.7,0.02,132.69,0.99,992.7,0.98,132.69,,,,,,,613.82,1776192576000
1776192578.051,278.051,,,,,0.01,992.7,0.02,132.69,0.99,992.7,0.98,132.69,,,,,,,613.82,1776192577000
1776192579.145,279.145,,,,,0.01,992.7,0.02,132.69,0.99,992.7,0.98,132.69,,,,,,,613.773,1776192578000
1776192580.218,280.218,,,,,0.01,992.7,0.02,132.69,0.99,992.7,0.98,132.69,,,,,,,613.782,1776192579000
1776192581.321,281.321,,,,,0.01,992.7,0.02,132.69,0.99,992.7,0.98,132.69,,,,,,,613.796,1776192580000
1776192582.738,282.738,,,,,0.01,992.7,0.02,132.69,0.99,992.7,0.98,132.69,,,,,,,613.729,1776192581000
1776192583.305,283.305,,,,,0.01,992.7,0.02,132.69,0.99,992.7,0.98,132.69,,,,,,,613.741,1776192582000
1776192583.947,283.947,,,,,0.01,992.7,0.02,132.69,0.99,992.7,0.98,132.69,,,,,,,613.741,1776192583000
1776192584.83,284.83,,,,,0.01,992.7,0.02,132.69,0.99,992.7,0.98,132.69,,,,,,,613.737,1776192584000
1776192585.927,285.927,,,,,0.01,992.7,0.02,132.69,0.99,992.7,0.98,132.69,,,,,,,613.75,1776192585000
1776192587.034,287.034,,,,,0.01,992.7,0.02,132.69,0.99,992.7,0.98,132.69,,,,,,,613.755,1776192586000
1776192588.104,288.104,,,,,0.01,992.7,0.02,132.69,0.99,992.7,0.98,132.69,,,,,,,613.778,1776192587000
1776192589.143,289.143,,,,,0.01,992.7,0.02,132.69,0.99,992.7,0.98,132.69,,,,,,,613.768,1776192588000
1776192590.309,290.309,,,,,0.01,992.7,0.02,132.69,0.99,992.7,0.98,132.69,,,,,,,613.671298,1776192589000
1776192591.239,291.239,,,,,0.01,992.7,0.02,132.69,0.99,992.7,0.98,132.69,,,,,,,613.645,1776192590000
1776192592.32,292.32,,,,,0.01,992.7,0.02,132.69,0.99,992.7,0.98,132.69,,,,,,,613.63203,1776192591000
1776192593.315,293.315,,,,,0.01,992.7,0.02,132.69,0.99,992.7,0.98,132.69,,,,,,,613.55,1776192592000
1776192594.412,294.412,,,,,0.01,992.7,0.02,132.69,0.99,992.7,0.98,132.69,,,,,,,613.547,1776192593000
1776192594.904,294.904,,,,,0.01,992.7,0.02,132.69,0.99,992.7,0.98,132.69,,,,,,,613.627,1776192594000
1776192596.583,296.583,,,,,0.01,992.7,0.02,132.69,0.99,992.7,0.98,132.69,,,,,,,613.627,1776192595000
1776192597.141,297.141,,,,,0.01,992.7,0.02,132.69,0.99,992.7,0.98,132.69,,,,,,,613.618536,1776192596000
1776192598.184,298.184,,,,,0.01,992.7,0.02,132.69,0.99,992.7,0.98,132.69,,,,,,,613.558247,1776192597000
1776192599.344,299.344,,,,,0.01,992.7,0.02,132.69,0.99,992.7,0.98,132.69,,,,,,,613.544631,1776192598000
1776192599.918,299.918,,,,,0.01,992.7,0.02,132.69,0.99,992.7,0.98,132.69,,,,,,,613.547,1776192599000
1776192600.885,300.885,,,,,0.01,992.7,0.02,132.69,0.99,992.7,0.98,132.69,,,,,,,613.53,1776192600000
1776192601.869,301.869,,,,,0.01,992.7,0.02,132.69,0.99,992.7,0.98,132.69,,,,,,,613.56885,1776192601000

# RESULT,winner=Down,slug=bnb-updown-5m-1776192300,ticks=306
