timestamp,elapsed_sec,up_bid_p1,up_bid_s1,up_bid_p2,up_bid_s2,up_ask_p1,up_ask_s1,up_ask_p2,up_ask_s2,down_bid_p1,down_bid_s1,down_bid_p2,down_bid_s2,down_ask_p1,down_ask_s1,down_ask_p2,down_ask_s2,up_spread,down_spread,bnb_price,bnb_oracle_ts
1776224111.426,11.426,0.47,5.0,0.46,5.0,0.57,10.0,0.62,5.0,0.43,10.0,0.38,5.0,0.53,5.0,0.54,5.0,0.1,0.1,616.524423,1776224109000
1776224111.725,11.725,0.47,5.0,0.46,5.0,0.57,10.0,0.62,5.0,0.43,10.0,0.38,5.0,0.53,5.0,0.54,5.0,0.1,0.1,616.567,1776224110000
1776224112.255,12.255,0.47,5.0,0.46,5.0,0.57,10.0,0.62,5.0,0.43,10.0,0.38,5.0,0.53,5.0,0.54,5.0,0.1,0.1,616.519221,1776224111000
1776224113.553,13.553,0.47,5.0,0.46,5.0,0.57,10.0,0.62,5.0,0.43,10.0,0.38,5.0,0.53,5.0,0.54,5.0,0.1,0.1,616.579873,1776224112000
1776224114.252,14.252,0.47,5.0,0.46,5.0,0.57,10.0,0.62,5.0,0.43,10.0,0.38,5.0,0.53,5.0,0.54,5.0,0.1,0.1,616.579073,1776224113000
1776224115.113,15.113,0.47,5.0,0.46,5.0,0.57,10.0,0.62,5.0,0.43,10.0,0.38,5.0,0.53,5.0,0.54,5.0,0.1,0.1,616.555562,1776224114000
1776224116.505,16.505,0.47,5.0,0.46,5.0,0.57,10.0,0.62,5.0,0.43,10.0,0.38,5.0,0.53,5.0,0.54,5.0,0.1,0.1,616.554683,1776224115000
1776224117.319,17.319,0.47,5.0,0.46,5.0,0.57,10.0,0.62,5.0,0.43,10.0,0.38,5.0,0.53,5.0,0.54,5.0,0.1,0.1,616.545253,1776224116000
1776224118.073,18.073,0.47,5.0,0.46,5.0,0.57,10.0,0.62,5.0,0.43,10.0,0.38,5.0,0.53,5.0,0.54,5.0,0.1,0.1,616.551642,1776224117000
1776224119.881,19.881,0.47,5.0,0.46,5.0,0.57,10.0,0.62,5.0,0.43,10.0,0.38,5.0,0.53,5.0,0.54,5.0,0.1,0.1,616.51802,1776224118000
1776224120.496,20.496,0.47,5.0,0.46,5.0,0.57,10.0,0.62,5.0,0.43,10.0,0.38,5.0,0.53,5.0,0.54,5.0,0.1,0.1,616.51802,1776224119000
1776224121.037,21.037,0.47,5.0,0.46,5.0,0.57,10.0,0.62,5.0,0.43,10.0,0.38,5.0,0.53,5.0,0.54,5.0,0.1,0.1,616.51734,1776224120000
1776224122.394,22.394,0.47,5.0,0.46,5.0,0.57,10.0,0.62,5.0,0.43,10.0,0.38,5.0,0.53,5.0,0.54,5.0,0.1,0.1,616.51553,1776224121000
1776224122.945,22.945,0.47,5.0,0.46,5.0,0.57,10.0,0.62,5.0,0.43,10.0,0.38,5.0,0.53,5.0,0.54,5.0,0.1,0.1,616.520889,1776224122000
1776224124.138,24.138,0.47,5.0,0.46,5.0,0.57,10.0,0.62,5.0,0.43,10.0,0.38,5.0,0.53,5.0,0.54,5.0,0.1,0.1,616.52243,1776224123000
1776224125.533,25.533,0.47,5.0,0.46,5.0,0.57,10.0,0.62,5.0,0.43,10.0,0.38,5.0,0.53,5.0,0.54,5.0,0.1,0.1,616.527058,1776224124000
1776224126.122,26.122,0.47,5.0,0.46,5.0,0.57,10.0,0.62,5.0,0.43,10.0,0.38,5.0,0.53,5.0,0.54,5.0,0.1,0.1,616.527058,1776224125000
1776224127.291,27.291,0.47,5.0,0.46,5.0,0.57,10.0,0.62,5.0,0.43,10.0,0.38,5.0,0.53,5.0,0.54,5.0,0.1,0.1,616.527016,1776224126000
1776224127.964,27.964,0.47,5.0,0.46,5.0,0.57,10.0,0.62,5.0,0.43,10.0,0.38,5.0,0.53,5.0,0.54,5.0,0.1,0.1,616.526009,1776224127000
1776224129.121,29.121,0.47,5.0,0.46,5.0,0.57,10.0,0.62,5.0,0.43,10.0,0.38,5.0,0.53,5.0,0.54,5.0,0.1,0.1,616.52147,1776224128000
1776224130.282,30.282,0.47,5.0,0.46,5.0,0.57,10.0,0.62,5.0,0.43,10.0,0.38,5.0,0.53,5.0,0.54,5.0,0.1,0.1,616.46407,1776224129000
1776224131.414,31.414,0.47,5.0,0.46,5.0,0.57,10.0,0.62,5.0,0.43,10.0,0.38,5.0,0.53,5.0,0.54,5.0,0.1,0.1,616.45,1776224130000
1776224132.04,32.04,0.47,5.0,0.46,5.0,0.57,10.0,0.62,5.0,0.43,10.0,0.38,5.0,0.53,5.0,0.54,5.0,0.1,0.1,616.428398,1776224131000
1776224133.246,33.246,0.47,5.0,0.46,5.0,0.57,10.0,0.62,5.0,0.43,10.0,0.38,5.0,0.53,5.0,0.54,5.0,0.1,0.1,616.427773,1776224132000
1776224134.315,34.315,0.47,5.0,0.46,5.0,0.57,10.0,0.62,5.0,0.43,10.0,0.38,5.0,0.53,5.0,0.54,5.0,0.1,0.1,616.399639,1776224133000
1776224135.451,35.451,0.47,5.0,0.46,5.0,0.57,10.0,0.62,5.0,0.43,10.0,0.38,5.0,0.53,5.0,0.54,5.0,0.1,0.1,616.441075,1776224134000
1776224136.042,36.042,0.47,5.0,0.46,5.0,0.57,10.0,0.62,5.0,0.43,10.0,0.38,5.0,0.53,5.0,0.54,5.0,0.1,0.1,616.439603,1776224135000
1776224137.29,37.29,0.47,5.0,0.46,5.0,0.57,10.0,0.62,5.0,0.43,10.0,0.38,5.0,0.53,5.0,0.54,5.0,0.1,0.1,616.44225,1776224136000
1776224138.302,38.302,0.47,5.0,0.46,5.0,0.57,10.0,0.62,5.0,0.43,10.0,0.38,5.0,0.53,5.0,0.54,5.0,0.1,0.1,616.449,1776224137000
1776224138.873,38.873,0.47,5.0,0.46,5.0,0.57,10.0,0.62,5.0,0.43,10.0,0.38,5.0,0.53,5.0,0.54,5.0,0.1,0.1,616.451,1776224138000
1776224140.09,40.09,0.47,5.0,0.46,5.0,0.57,10.0,0.62,5.0,0.43,10.0,0.38,5.0,0.53,5.0,0.54,5.0,0.1,0.1,616.443432,1776224139000
1776224141.211,41.211,0.47,5.0,0.46,5.0,0.57,10.0,0.62,5.0,0.43,10.0,0.38,5.0,0.53,5.0,0.54,5.0,0.1,0.1,616.45,1776224140000
1776224142.279,42.279,0.47,5.0,0.46,5.0,0.57,10.0,0.62,5.0,0.43,10.0,0.38,5.0,0.53,5.0,0.54,5.0,0.1,0.1,616.449,1776224141000
1776224143.388,43.388,0.47,5.0,0.46,5.0,0.57,10.0,0.62,5.0,0.43,10.0,0.38,5.0,0.53,5.0,0.54,5.0,0.1,0.1,616.42828,1776224142000
1776224143.903,43.903,0.47,5.0,0.46,5.0,0.57,10.0,0.62,5.0,0.43,10.0,0.38,5.0,0.53,5.0,0.54,5.0,0.1,0.1,616.449771,1776224143000
1776224144.955,44.955,0.47,5.0,0.46,5.0,0.57,10.0,0.62,5.0,0.43,10.0,0.38,5.0,0.53,5.0,0.54,5.0,0.1,0.1,616.449771,1776224144000
1776224146.175,46.175,0.47,5.0,0.46,5.0,0.57,10.0,0.62,5.0,0.43,10.0,0.38,5.0,0.53,5.0,0.54,5.0,0.1,0.1,616.46923,1776224145000
1776224147.17,47.17,0.47,5.0,0.46,5.0,0.57,10.0,0.62,5.0,0.43,10.0,0.38,5.0,0.53,5.0,0.54,5.0,0.1,0.1,616.46998,1776224146000
1776224148.225,48.225,0.47,5.0,0.46,5.0,0.57,10.0,0.62,5.0,0.43,10.0,0.38,5.0,0.53,5.0,0.54,5.0,0.1,0.1,616.47165,1776224147000
1776224149.937,49.937,0.47,5.0,0.46,5.0,0.57,10.0,0.62,5.0,0.43,10.0,0.38,5.0,0.53,5.0,0.54,5.0,0.1,0.1,616.471671,1776224148000
1776224150.467,50.467,0.47,5.0,0.46,5.0,0.57,10.0,0.62,5.0,0.43,10.0,0.38,5.0,0.53,5.0,0.54,5.0,0.1,0.1,616.470922,1776224149000
1776224150.929,50.929,0.47,5.0,0.46,5.0,0.57,10.0,0.62,5.0,0.43,10.0,0.38,5.0,0.53,5.0,0.54,5.0,0.1,0.1,616.470389,1776224150000
1776224152.071,52.071,0.47,5.0,0.46,5.0,0.57,10.0,0.62,5.0,0.43,10.0,0.38,5.0,0.53,5.0,0.54,5.0,0.1,0.1,616.452048,1776224151000
1776224153.085,53.085,0.47,5.0,0.46,5.0,0.57,10.0,0.62,5.0,0.43,10.0,0.38,5.0,0.53,5.0,0.54,5.0,0.1,0.1,616.4299,1776224152000
1776224154.165,54.165,0.47,5.0,0.46,5.0,0.57,10.0,0.62,5.0,0.43,10.0,0.38,5.0,0.53,5.0,0.54,5.0,0.1,0.1,616.42906,1776224153000
1776224155.234,55.234,0.47,5.0,0.46,5.0,0.57,10.0,0.62,5.0,0.43,10.0,0.38,5.0,0.53,5.0,0.54,5.0,0.1,0.1,616.415839,1776224154000
1776224156.354,56.354,0.47,5.0,0.46,5.0,0.57,10.0,0.62,5.0,0.43,10.0,0.38,5.0,0.53,5.0,0.54,5.0,0.1,0.1,616.437461,1776224155000
1776224156.752,56.752,0.47,5.0,0.46,5.0,0.57,10.0,0.62,5.0,0.43,10.0,0.38,5.0,0.53,5.0,0.54,5.0,0.1,0.1,616.437447,1776224156000
1776224157.925,57.925,0.47,5.0,0.46,5.0,0.57,10.0,0.62,5.0,0.43,10.0,0.38,5.0,0.53,5.0,0.54,5.0,0.1,0.1,616.436546,1776224157000
1776224158.883,58.883,0.47,5.0,0.46,5.0,0.57,10.0,0.62,5.0,0.43,10.0,0.38,5.0,0.53,5.0,0.54,5.0,0.1,0.1,616.428285,1776224158000
1776224159.873,59.873,0.47,5.0,0.46,5.0,0.57,10.0,0.62,5.0,0.43,10.0,0.38,5.0,0.53,5.0,0.54,5.0,0.1,0.1,616.420393,1776224159000
1776224160.906,60.906,0.47,5.0,0.46,5.0,0.57,10.0,0.62,5.0,0.43,10.0,0.38,5.0,0.53,5.0,0.54,5.0,0.1,0.1,616.420251,1776224160000
1776224161.855,61.855,0.47,5.0,0.46,5.0,0.57,10.0,0.62,5.0,0.43,10.0,0.38,5.0,0.53,5.0,0.54,5.0,0.1,0.1,616.420711,1776224161000
1776224163.627,63.627,0.47,5.0,0.46,5.0,0.57,10.0,0.62,5.0,0.43,10.0,0.38,5.0,0.53,5.0,0.54,5.0,0.1,0.1,616.385754,1776224162000
1776224164.233,64.233,0.47,5.0,0.46,5.0,0.57,10.0,0.62,5.0,0.43,10.0,0.38,5.0,0.53,5.0,0.54,5.0,0.1,0.1,616.316108,1776224163000
1776224164.547,64.547,0.2,5.0,0.19,10.0,0.29,10.0,0.38,5.0,0.43,10.0,0.38,5.0,0.53,5.0,0.54,5.0,0.09,0.1,616.316108,1776224163000
1776224165.287,65.287,0.2,5.0,0.19,10.0,0.29,10.0,0.38,5.0,0.71,10.0,0.62,5.0,0.8,5.0,0.81,10.0,0.09,0.09,616.2878,1776224164000
1776224166.01,66.01,0.2,5.0,0.19,10.0,0.29,10.0,0.38,5.0,0.71,10.0,0.62,5.0,0.8,5.0,0.81,10.0,0.09,0.09,616.266365,1776224165000
1776224167.071,67.071,0.2,5.0,0.19,10.0,0.29,10.0,0.38,5.0,0.71,10.0,0.62,5.0,0.8,5.0,0.81,10.0,0.09,0.09,616.25045,1776224166000
1776224168.311,68.311,0.2,5.0,0.19,10.0,0.29,10.0,0.38,5.0,0.71,10.0,0.62,5.0,0.8,5.0,0.81,10.0,0.09,0.09,616.252847,1776224167000
1776224168.942,68.942,0.2,5.0,0.19,10.0,0.29,10.0,0.38,5.0,0.71,10.0,0.62,5.0,0.8,5.0,0.81,10.0,0.09,0.09,616.243056,1776224168000
1776224170.141,70.141,0.2,5.0,0.19,10.0,0.29,10.0,0.38,5.0,0.71,10.0,0.62,5.0,0.8,5.0,0.81,10.0,0.09,0.09,616.242992,1776224169000
1776224171.343,71.343,0.2,5.0,0.19,10.0,0.29,10.0,0.38,5.0,0.71,10.0,0.62,5.0,0.8,5.0,0.81,10.0,0.09,0.09,616.244931,1776224170000
1776224172.264,72.264,0.2,5.0,0.19,10.0,0.29,10.0,0.38,5.0,0.71,10.0,0.62,5.0,0.8,5.0,0.81,10.0,0.09,0.09,616.236597,1776224171000
1776224173.313,73.313,0.2,5.0,0.19,10.0,0.29,10.0,0.38,5.0,0.71,10.0,0.62,5.0,0.8,5.0,0.81,10.0,0.09,0.09,616.23404,1776224172000
1776224173.919,73.919,0.2,5.0,0.19,10.0,0.29,10.0,0.38,5.0,0.71,10.0,0.62,5.0,0.8,5.0,0.81,10.0,0.09,0.09,616.243008,1776224173000
1776224175.051,75.051,0.2,5.0,0.19,10.0,0.29,10.0,0.38,5.0,0.71,10.0,0.62,5.0,0.8,5.0,0.81,10.0,0.09,0.09,616.243133,1776224174000
1776224175.857,75.857,0.17,3.7,0.16,19.3,0.28,10.0,0.33,11.8,0.71,10.0,0.62,5.0,0.8,5.0,0.81,10.0,0.11,0.09,616.243133,1776224174000
1776224176.158,76.158,0.17,3.7,0.16,19.3,0.28,10.0,0.33,11.8,0.72,10.0,0.67,11.8,0.83,3.7,0.84,19.3,0.11,0.11,616.241129,1776224175000
1776224176.377,76.377,0.17,3.7,0.16,24.3,0.28,10.0,0.32,11.9,0.72,10.0,0.67,11.8,0.83,3.7,0.84,19.3,0.11,0.11,616.241129,1776224175000
1776224177.23,77.23,0.17,3.7,0.16,24.3,0.28,10.0,0.32,11.9,0.72,10.0,0.68,11.9,0.83,3.7,0.84,24.3,0.11,0.11,616.265269,1776224176000
1776224178.445,78.445,0.17,3.7,0.16,24.3,0.28,10.0,0.32,11.9,0.72,10.0,0.68,11.9,0.83,3.7,0.84,24.3,0.11,0.11,616.26563,1776224177000
1776224179.045,79.045,0.17,3.7,0.16,24.3,0.28,10.0,0.32,11.9,0.72,10.0,0.68,11.9,0.83,3.7,0.84,24.3,0.11,0.11,616.26546,1776224178000
1776224180.037,80.037,0.17,3.7,0.16,24.3,0.28,10.0,0.32,11.9,0.72,10.0,0.68,11.9,0.83,3.7,0.84,24.3,0.11,0.11,616.239222,1776224179000
1776224181.26,81.26,0.17,3.7,0.16,24.3,0.28,10.0,0.32,11.9,0.72,10.0,0.68,11.9,0.83,3.7,0.84,24.3,0.11,0.11,616.225944,1776224180000
1776224181.89,81.89,0.17,3.7,0.16,24.3,0.28,10.0,0.32,11.9,0.72,10.0,0.68,11.9,0.83,3.7,0.84,24.3,0.11,0.11,616.226434,1776224181000
1776224183.047,83.047,0.17,3.7,0.16,24.3,0.28,10.0,0.32,11.9,0.72,10.0,0.68,11.9,0.83,3.7,0.84,24.3,0.11,0.11,616.27448,1776224182000
1776224184.166,84.166,0.17,3.7,0.16,24.3,0.28,10.0,0.32,11.9,0.72,10.0,0.68,11.9,0.83,3.7,0.84,24.3,0.11,0.11,616.27165,1776224183000
1776224185.219,85.219,0.17,3.7,0.16,24.3,0.28,10.0,0.32,11.9,0.72,10.0,0.68,11.9,0.83,3.7,0.84,24.3,0.11,0.11,616.24854,1776224184000
1776224186.434,86.434,0.17,3.7,0.16,24.3,0.28,10.0,0.32,11.9,0.72,10.0,0.68,11.9,0.83,3.7,0.84,24.3,0.11,0.11,616.25096,1776224185000
1776224186.926,86.926,0.17,3.7,0.16,24.3,0.28,10.0,0.32,11.9,0.72,10.0,0.68,11.9,0.83,3.7,0.84,24.3,0.11,0.11,616.2509,1776224186000
1776224188.104,88.104,0.17,3.7,0.16,24.3,0.28,10.0,0.32,11.9,0.72,10.0,0.68,11.9,0.83,3.7,0.84,24.3,0.11,0.11,616.23118,1776224187000
1776224189.15,89.15,0.17,3.7,0.16,24.3,0.28,10.0,0.32,11.9,0.72,10.0,0.68,11.9,0.83,3.7,0.84,24.3,0.11,0.11,616.263142,1776224188000
1776224190.215,90.215,0.17,3.7,0.16,24.3,0.28,10.0,0.32,11.9,0.72,10.0,0.68,11.9,0.83,3.7,0.84,24.3,0.11,0.11,616.27614,1776224189000
1776224191.464,91.464,0.17,3.7,0.16,24.3,0.28,10.0,0.32,11.9,0.72,10.0,0.68,11.9,0.83,3.7,0.84,24.3,0.11,0.11,616.23822,1776224190000
1776224192.006,92.006,0.17,3.7,0.16,24.3,0.28,10.0,0.32,11.9,0.72,10.0,0.68,11.9,0.83,3.7,0.84,24.3,0.11,0.11,616.23886,1776224191000
1776224192.967,92.967,0.17,3.7,0.16,24.3,0.28,10.0,0.32,11.9,0.72,10.0,0.68,11.9,0.83,3.7,0.84,24.3,0.11,0.11,616.23822,1776224192000
1776224193.94,93.94,0.17,3.7,0.16,24.3,0.28,10.0,0.32,11.9,0.72,10.0,0.68,11.9,0.83,3.7,0.84,24.3,0.11,0.11,616.237012,1776224193000
1776224194.959,94.959,0.17,3.7,0.16,24.3,0.28,10.0,0.32,11.9,0.72,10.0,0.68,11.9,0.83,3.7,0.84,24.3,0.11,0.11,616.235716,1776224194000
1776224195.341,95.341,0.11,34.83,0.09,36.7,0.28,12.9,0.29,12.6,0.72,10.0,0.68,11.9,0.83,3.7,0.84,24.3,0.17,0.11,616.235716,1776224194000
1776224196.556,96.556,0.11,34.83,0.09,36.7,0.28,12.9,0.29,12.6,0.72,12.9,0.71,12.6,0.89,34.83,0.91,36.7,0.17,0.17,616.245054,1776224195000
1776224197.195,97.195,0.11,34.83,0.09,36.7,0.28,12.9,0.29,12.6,0.72,12.9,0.71,12.6,0.89,34.83,0.91,36.7,0.17,0.17,616.138554,1776224196000
1776224198.311,98.311,0.11,34.83,0.09,36.7,0.28,12.9,0.29,12.6,0.72,12.9,0.71,12.6,0.89,34.83,0.91,36.7,0.17,0.17,616.126127,1776224197000
1776224199.264,99.264,0.11,34.83,0.09,36.7,0.28,12.9,0.29,12.6,0.72,12.9,0.71,12.6,0.89,34.83,0.91,36.7,0.17,0.17,616.139521,1776224198000
1776224200.548,100.548,0.11,34.83,0.09,36.7,0.28,12.9,0.29,12.6,0.72,12.9,0.71,12.6,0.89,34.83,0.91,36.7,0.17,0.17,616.141065,1776224199000
1776224201.159,101.159,0.11,34.83,0.09,36.7,0.28,12.9,0.29,12.6,0.72,12.9,0.71,12.6,0.89,34.83,0.91,36.7,0.17,0.17,616.1416,1776224200000
1776224202.346,102.346,0.11,34.83,0.09,36.7,0.28,12.9,0.29,12.6,0.72,12.9,0.71,12.6,0.89,34.83,0.91,36.7,0.17,0.17,616.13437,1776224201000
1776224202.986,102.986,0.11,34.83,0.09,36.7,0.28,12.9,0.29,12.6,0.72,12.9,0.71,12.6,0.89,34.83,0.91,36.7,0.17,0.17,616.1309,1776224202000
1776224204.129,104.129,0.11,34.83,0.09,36.7,0.28,12.9,0.29,12.6,0.72,12.9,0.71,12.6,0.89,34.83,0.91,36.7,0.17,0.17,616.08722,1776224203000
1776224205.28,105.28,0.11,34.83,0.09,36.7,0.28,12.9,0.29,12.6,0.72,12.9,0.71,12.6,0.89,34.83,0.91,36.7,0.17,0.17,616.09476,1776224204000
1776224206.406,106.406,0.11,34.83,0.09,36.7,0.28,12.9,0.29,12.6,0.72,12.9,0.71,12.6,0.89,34.83,0.91,36.7,0.17,0.17,616.109158,1776224205000
1776224206.979,106.979,0.11,34.83,0.09,36.7,0.28,12.9,0.29,12.6,0.72,12.9,0.71,12.6,0.89,34.83,0.91,36.7,0.17,0.17,616.107143,1776224206000
1776224208.148,108.148,0.11,34.83,0.09,36.7,0.28,12.9,0.29,12.6,0.72,12.9,0.71,12.6,0.89,34.83,0.91,36.7,0.17,0.17,616.107257,1776224207000
1776224209.197,109.197,0.11,34.83,0.09,36.7,0.28,12.9,0.29,12.6,0.72,12.9,0.71,12.6,0.89,34.83,0.91,36.7,0.17,0.17,616.109022,1776224208000
1776224210.206,110.206,0.11,34.83,0.09,36.7,0.28,12.9,0.29,12.6,0.72,12.9,0.71,12.6,0.89,34.83,0.91,36.7,0.17,0.17,616.123488,1776224209000
1776224211.216,111.216,0.11,34.83,0.09,36.7,0.28,12.9,0.29,12.6,0.72,12.9,0.71,12.6,0.89,34.83,0.91,36.7,0.17,0.17,616.121039,1776224210000
1776224212.263,112.263,0.11,34.83,0.09,36.7,0.28,12.9,0.29,12.6,0.72,12.9,0.71,12.6,0.89,34.83,0.91,36.7,0.17,0.17,616.10589,1776224211000
1776224213.3,113.3,0.11,34.83,0.09,36.7,0.28,12.9,0.29,12.6,0.72,12.9,0.71,12.6,0.89,34.83,0.91,36.7,0.17,0.17,616.117801,1776224212000
1776224214.294,114.294,0.11,34.83,0.09,36.7,0.28,12.9,0.29,12.6,0.72,12.9,0.71,12.6,0.89,34.83,0.91,36.7,0.17,0.17,616.117958,1776224213000
1776224215.356,115.356,0.11,34.83,0.09,36.7,0.28,12.9,0.29,12.6,0.72,12.9,0.71,12.6,0.89,34.83,0.91,36.7,0.17,0.17,616.112703,1776224214000
1776224216.378,116.378,0.11,34.83,0.09,36.7,0.28,12.9,0.29,12.6,0.72,12.9,0.71,12.6,0.89,34.83,0.91,36.7,0.17,0.17,616.111066,1776224215000
1776224216.887,116.887,0.11,34.83,0.09,36.7,0.28,12.9,0.29,12.6,0.72,12.9,0.71,12.6,0.89,34.83,0.91,36.7,0.17,0.17,616.110422,1776224216000
1776224217.936,117.936,0.11,34.83,0.09,36.7,0.28,12.9,0.29,12.6,0.72,12.9,0.71,12.6,0.89,34.83,0.91,36.7,0.17,0.17,616.109529,1776224217000
1776224219.055,119.055,0.11,34.83,0.09,36.7,0.28,12.9,0.29,12.6,0.72,12.9,0.71,12.6,0.89,34.83,0.91,36.7,0.17,0.17,616.127841,1776224218000
1776224220.044,120.044,0.11,34.83,0.09,36.7,0.28,12.9,0.29,12.6,0.72,12.9,0.71,12.6,0.89,34.83,0.91,36.7,0.17,0.17,616.133675,1776224219000
1776224221.756,121.756,0.11,34.83,0.09,36.7,0.28,12.9,0.29,12.6,0.72,12.9,0.71,12.6,0.89,34.83,0.91,36.7,0.17,0.17,616.135057,1776224220000
1776224222.406,122.406,0.11,34.83,0.09,36.7,0.28,12.9,0.29,12.6,0.72,12.9,0.71,12.6,0.89,34.83,0.91,36.7,0.17,0.17,616.13491,1776224221000
1776224223.641,123.641,0.11,34.83,0.09,36.7,0.28,12.9,0.29,12.6,0.72,12.9,0.71,12.6,0.89,34.83,0.91,36.7,0.17,0.17,616.075026,1776224222000
1776224224.426,124.426,0.11,34.83,0.09,36.7,0.28,12.9,0.29,12.6,0.72,12.9,0.71,12.6,0.89,34.83,0.91,36.7,0.17,0.17,615.982435,1776224223000
1776224224.751,124.751,0.03,74.3,0.02,155.69,0.08,45.29,0.09,31.7,0.72,12.9,0.71,12.6,0.89,34.83,0.91,36.7,0.05,0.17,615.982435,1776224223000
1776224225.165,125.165,0.03,74.3,0.02,155.69,0.08,45.29,0.09,31.7,0.92,45.29,0.91,31.7,0.97,74.3,0.98,155.69,0.05,0.05,615.979513,1776224224000
1776224226.408,126.408,0.03,74.3,0.02,155.69,0.08,45.29,0.09,31.7,0.92,45.29,0.91,31.7,0.97,74.3,0.98,155.69,0.05,0.05,615.938154,1776224225000
1776224227.339,127.339,0.03,74.3,0.02,155.69,0.08,45.29,0.09,31.7,0.92,45.29,0.91,31.7,0.97,74.3,0.98,155.69,0.05,0.05,615.941195,1776224226000
1776224228.556,128.556,0.03,74.3,0.02,155.69,0.08,45.29,0.09,31.7,0.92,45.29,0.91,31.7,0.97,74.3,0.98,155.69,0.05,0.05,615.944572,1776224227000
1776224229.386,129.386,0.03,74.3,0.02,155.69,0.08,45.29,0.09,31.7,0.92,45.29,0.91,31.7,0.97,74.3,0.98,155.69,0.05,0.05,615.941027,1776224228000
1776224230.004,130.004,0.03,74.3,0.02,155.69,0.08,45.29,0.09,31.7,0.92,45.29,0.91,31.7,0.97,74.3,0.98,155.69,0.05,0.05,615.930971,1776224229000
1776224231.309,131.309,0.03,74.3,0.02,155.69,0.08,45.29,0.09,31.7,0.92,45.29,0.91,31.7,0.97,74.3,0.98,155.69,0.05,0.05,615.910192,1776224230000
1776224232.057,132.057,0.03,74.3,0.02,155.69,0.08,45.29,0.09,31.7,0.92,45.29,0.91,31.7,0.97,74.3,0.98,155.69,0.05,0.05,615.820922,1776224231000
1776224233.278,133.278,0.03,74.3,0.02,155.69,0.08,45.29,0.09,31.7,0.92,45.29,0.91,31.7,0.97,74.3,0.98,155.69,0.05,0.05,615.789724,1776224232000
1776224234.561,134.561,0.03,74.3,0.02,155.69,0.08,45.29,0.09,31.7,0.92,45.29,0.91,31.7,0.97,74.3,0.98,155.69,0.05,0.05,615.787922,1776224233000
1776224235.171,135.171,0.03,74.3,0.02,155.69,0.08,45.29,0.09,31.7,0.92,45.29,0.91,31.7,0.97,74.3,0.98,155.69,0.05,0.05,615.778451,1776224234000
1776224236.609,136.609,0.03,74.3,0.02,155.69,0.08,45.29,0.09,31.7,0.92,45.29,0.91,31.7,0.97,74.3,0.98,155.69,0.05,0.05,615.780877,1776224235000
1776224237.177,137.177,0.03,74.3,0.02,155.69,0.08,45.29,0.09,31.7,0.92,45.29,0.91,31.7,0.97,74.3,0.98,155.69,0.05,0.05,615.769615,1776224236000
1776224238.095,138.095,0.03,74.3,0.02,155.69,0.08,45.29,0.09,31.7,0.92,45.29,0.91,31.7,0.97,74.3,0.98,155.69,0.05,0.05,615.766585,1776224237000
1776224239.931,139.931,0.03,74.3,0.02,155.69,0.08,45.29,0.09,31.7,0.92,45.29,0.91,31.7,0.97,74.3,0.98,155.69,0.05,0.05,615.784925,1776224238000
1776224240.802,140.802,0.03,74.3,0.02,155.69,0.08,45.29,0.09,31.7,0.92,45.29,0.91,31.7,0.97,74.3,0.98,155.69,0.05,0.05,615.765249,1776224239000
1776224241.631,141.631,0.03,74.3,0.02,155.69,0.08,45.29,0.09,31.7,0.92,45.29,0.91,31.7,0.97,74.3,0.98,155.69,0.05,0.05,615.751532,1776224240000
1776224242.191,142.191,0.03,74.3,0.02,155.69,0.08,45.29,0.09,31.7,0.92,45.29,0.91,31.7,0.97,74.3,0.98,155.69,0.05,0.05,615.751532,1776224241000
1776224243.829,143.829,0.03,74.3,0.02,155.69,0.08,45.29,0.09,31.7,0.92,45.29,0.91,31.7,0.97,74.3,0.98,155.69,0.05,0.05,615.742,1776224242000
1776224244.444,144.444,0.03,74.3,0.02,155.69,0.08,45.29,0.09,31.7,0.92,45.29,0.91,31.7,0.97,74.3,0.98,155.69,0.05,0.05,615.744,1776224243000
1776224245.118,145.118,0.03,74.3,0.02,155.69,0.08,45.29,0.09,31.7,0.92,45.29,0.91,31.7,0.97,74.3,0.98,155.69,0.05,0.05,615.757,1776224244000
1776224246.315,146.315,0.03,74.3,0.02,155.69,0.08,45.29,0.09,31.7,0.92,45.29,0.91,31.7,0.97,74.3,0.98,155.69,0.05,0.05,615.757,1776224245000
1776224246.991,146.991,0.03,74.3,0.02,155.69,0.08,45.29,0.09,31.7,0.92,45.29,0.91,31.7,0.97,74.3,0.98,155.69,0.05,0.05,615.766,1776224246000
1776224248.313,148.313,0.03,74.3,0.02,155.69,0.08,45.29,0.09,31.7,0.92,45.29,0.91,31.7,0.97,74.3,0.98,155.69,0.05,0.05,615.752,1776224247000
1776224249.047,149.047,0.03,74.3,0.02,155.69,0.08,45.29,0.09,31.7,0.92,45.29,0.91,31.7,0.97,74.3,0.98,155.69,0.05,0.05,615.752,1776224248000
1776224250.441,150.441,0.03,74.3,0.02,155.69,0.08,45.29,0.09,31.7,0.92,45.29,0.91,31.7,0.97,74.3,0.98,155.69,0.05,0.05,615.85437,1776224249000
1776224250.987,150.987,0.03,74.3,0.02,155.69,0.08,45.29,0.09,31.7,0.92,45.29,0.91,31.7,0.97,74.3,0.98,155.69,0.05,0.05,615.854394,1776224250000
1776224252.397,152.397,0.03,74.3,0.02,155.69,0.08,45.29,0.09,31.7,0.92,45.29,0.91,31.7,0.97,74.3,0.98,155.69,0.05,0.05,615.859028,1776224251000
1776224253.073,153.073,0.03,74.3,0.02,155.69,0.08,45.29,0.09,31.7,0.92,45.29,0.91,31.7,0.97,74.3,0.98,155.69,0.05,0.05,615.859028,1776224252000
1776224254.401,154.401,0.03,74.3,0.02,155.69,0.08,45.29,0.09,31.7,0.92,45.29,0.91,31.7,0.97,74.3,0.98,155.69,0.05,0.05,615.922,1776224253000
1776224255.198,155.198,0.03,74.3,0.02,155.69,0.08,45.29,0.09,31.7,0.92,45.29,0.91,31.7,0.97,74.3,0.98,155.69,0.05,0.05,615.932093,1776224254000
1776224256.468,156.468,0.03,74.3,0.02,155.69,0.08,45.29,0.09,31.7,0.92,45.29,0.91,31.7,0.97,74.3,0.98,155.69,0.05,0.05,615.940944,1776224255000
1776224257.316,157.316,0.03,74.3,0.02,155.69,0.08,45.29,0.09,31.7,0.92,45.29,0.91,31.7,0.97,74.3,0.98,155.69,0.05,0.05,615.965636,1776224256000
1776224257.956,157.956,0.03,74.3,0.02,155.69,0.08,45.29,0.09,31.7,0.92,45.29,0.91,31.7,0.97,74.3,0.98,155.69,0.05,0.05,615.97277,1776224257000
1776224259.062,159.062,0.03,74.3,0.02,155.69,0.08,45.29,0.09,31.7,0.92,45.29,0.91,31.7,0.97,74.3,0.98,155.69,0.05,0.05,615.968445,1776224258000
1776224260.163,160.163,0.03,74.3,0.02,155.69,0.08,45.29,0.09,31.7,0.92,45.29,0.91,31.7,0.97,74.3,0.98,155.69,0.05,0.05,615.97033,1776224259000
1776224261.284,161.284,0.03,74.3,0.02,155.69,0.08,45.29,0.09,31.7,0.92,45.29,0.91,31.7,0.97,74.3,0.98,155.69,0.05,0.05,615.9699,1776224260000
1776224262.489,162.489,0.03,74.3,0.02,155.69,0.08,45.29,0.09,31.7,0.92,45.29,0.91,31.7,0.97,74.3,0.98,155.69,0.05,0.05,615.97459,1776224261000
1776224263.075,163.075,0.03,74.3,0.02,155.69,0.08,45.29,0.09,31.7,0.92,45.29,0.91,31.7,0.97,74.3,0.98,155.69,0.05,0.05,615.97447,1776224262000
1776224264.069,164.069,0.03,74.3,0.02,155.69,0.08,45.29,0.09,31.7,0.92,45.29,0.91,31.7,0.97,74.3,0.98,155.69,0.05,0.05,615.97411,1776224263000
1776224264.415,164.415,0.02,160.69,0.01,5712.6,0.05,30.93,0.06,46.1,0.92,45.29,0.91,31.7,0.97,74.3,0.98,155.69,0.03,0.05,615.97411,1776224263000
1776224265.18,165.18,0.02,160.69,0.01,5712.6,0.05,30.93,0.06,46.1,0.95,30.93,0.94,46.1,0.98,160.69,0.99,5712.6,0.03,0.03,615.97389,1776224264000
1776224266.234,166.234,0.02,160.69,0.01,5712.6,0.05,30.93,0.06,46.1,0.95,30.93,0.94,46.1,0.98,160.69,0.99,5712.6,0.03,0.03,615.951322,1776224265000
1776224267.378,167.378,0.02,160.69,0.01,5712.6,0.05,30.93,0.06,46.1,0.95,30.93,0.94,46.1,0.98,160.69,0.99,5712.6,0.03,0.03,615.959019,1776224266000
1776224268.001,168.001,0.02,160.69,0.01,5712.6,0.05,30.93,0.06,46.1,0.95,30.93,0.94,46.1,0.98,160.69,0.99,5712.6,0.03,0.03,615.962767,1776224267000
1776224269.154,169.154,0.02,160.69,0.01,5712.6,0.05,30.93,0.06,46.1,0.95,30.93,0.94,46.1,0.98,160.69,0.99,5712.6,0.03,0.03,615.989973,1776224268000
1776224270.155,170.155,0.02,160.69,0.01,5712.6,0.05,30.93,0.06,46.1,0.95,30.93,0.94,46.1,0.98,160.69,0.99,5712.6,0.03,0.03,616.001841,1776224269000
1776224271.899,171.899,0.02,160.69,0.01,5712.6,0.05,30.93,0.06,46.1,0.95,30.93,0.94,46.1,0.98,160.69,0.99,5712.6,0.03,0.03,615.990781,1776224270000
1776224272.951,172.951,0.02,160.69,0.01,5712.6,0.05,30.93,0.06,46.1,0.95,30.93,0.94,46.1,0.98,160.69,0.99,5712.6,0.03,0.03,615.99023,1776224271000
1776224273.546,173.546,0.02,160.69,0.01,5712.6,0.05,30.93,0.06,46.1,0.95,30.93,0.94,46.1,0.98,160.69,0.99,5712.6,0.03,0.03,615.990206,1776224272000
1776224274.394,174.394,0.02,160.69,0.01,5712.6,0.05,30.93,0.06,46.1,0.95,30.93,0.94,46.1,0.98,160.69,0.99,5712.6,0.03,0.03,616.02354,1776224273000
1776224275.037,175.037,0.02,160.69,0.01,5712.6,0.05,30.93,0.06,46.1,0.95,30.93,0.94,46.1,0.98,160.69,0.99,5712.6,0.03,0.03,616.02425,1776224274000
1776224276.512,176.512,0.02,160.69,0.01,5712.6,0.05,30.93,0.06,46.1,0.95,30.93,0.94,46.1,0.98,160.69,0.99,5712.6,0.03,0.03,615.97479,1776224275000
1776224277.236,177.236,0.02,160.69,0.01,5712.6,0.05,30.93,0.06,46.1,0.95,30.93,0.94,46.1,0.98,160.69,0.99,5712.6,0.03,0.03,615.978948,1776224276000
1776224278.695,178.695,0.02,160.69,0.01,5712.6,0.05,30.93,0.06,46.1,0.95,30.93,0.94,46.1,0.98,160.69,0.99,5712.6,0.03,0.03,615.979404,1776224277000
1776224279.352,179.352,0.02,160.69,0.01,5712.6,0.05,30.93,0.06,46.1,0.95,30.93,0.94,46.1,0.98,160.69,0.99,5712.6,0.03,0.03,615.994381,1776224278000
1776224279.999,179.999,0.02,160.69,0.01,5712.6,0.05,30.93,0.06,46.1,0.95,30.93,0.94,46.1,0.98,160.69,0.99,5712.6,0.03,0.03,616.001147,1776224279000
1776224281.332,181.332,0.02,160.69,0.01,5712.6,0.05,30.93,0.06,46.1,0.95,30.93,0.94,46.1,0.98,160.69,0.99,5712.6,0.03,0.03,616.015025,1776224280000
1776224282.031,182.031,0.02,160.69,0.01,5712.6,0.05,30.93,0.06,46.1,0.95,30.93,0.94,46.1,0.98,160.69,0.99,5712.6,0.03,0.03,616.037295,1776224281000
1776224283.355,183.355,0.02,160.69,0.01,5712.6,0.05,30.93,0.06,46.1,0.95,30.93,0.94,46.1,0.98,160.69,0.99,5712.6,0.03,0.03,616.032776,1776224282000
1776224284.023,184.023,0.02,160.69,0.01,5712.6,0.05,30.93,0.06,46.1,0.95,30.93,0.94,46.1,0.98,160.69,0.99,5712.6,0.03,0.03,616.032467,1776224283000
1776224285.467,185.467,0.02,160.69,0.01,5712.6,0.05,30.93,0.06,46.1,0.95,30.93,0.94,46.1,0.98,160.69,0.99,5712.6,0.03,0.03,616.019277,1776224284000
1776224286.317,186.317,0.02,160.69,0.01,5712.6,0.05,30.93,0.06,46.1,0.95,30.93,0.94,46.1,0.98,160.69,0.99,5712.6,0.03,0.03,616.028007,1776224285000
1776224287.71,187.71,0.02,160.69,0.01,5712.6,0.05,30.93,0.06,46.1,0.95,30.93,0.94,46.1,0.98,160.69,0.99,5712.6,0.03,0.03,616.07733,1776224286000
1776224288.473,188.473,0.02,160.69,0.01,5712.6,0.05,30.93,0.06,46.1,0.95,30.93,0.94,46.1,0.98,160.69,0.99,5712.6,0.03,0.03,616.044232,1776224287000
1776224289.051,189.051,0.02,160.69,0.01,5712.6,0.05,30.93,0.06,46.1,0.95,30.93,0.94,46.1,0.98,160.69,0.99,5712.6,0.03,0.03,616.017467,1776224288000
1776224290.025,190.025,0.02,160.69,0.01,5712.6,0.05,30.93,0.06,46.1,0.95,30.93,0.94,46.1,0.98,160.69,0.99,5712.6,0.03,0.03,616.002943,1776224289000
1776224291.029,191.029,0.02,160.69,0.01,5712.6,0.05,30.93,0.06,46.1,0.95,30.93,0.94,46.1,0.98,160.69,0.99,5712.6,0.03,0.03,615.999724,1776224290000
1776224292.022,192.022,0.02,160.69,0.01,5712.6,0.05,30.93,0.06,46.1,0.95,30.93,0.94,46.1,0.98,160.69,0.99,5712.6,0.03,0.03,615.99788,1776224291000
1776224293.097,193.097,0.02,160.69,0.01,5712.6,0.05,30.93,0.06,46.1,0.95,30.93,0.94,46.1,0.98,160.69,0.99,5712.6,0.03,0.03,615.992074,1776224292000
1776224294.007,194.007,0.02,160.69,0.01,5712.6,0.05,30.93,0.06,46.1,0.95,30.93,0.94,46.1,0.98,160.69,0.99,5712.6,0.03,0.03,616.021297,1776224293000
1776224295.138,195.138,0.02,160.69,0.01,5712.6,0.05,30.93,0.06,46.1,0.95,30.93,0.94,46.1,0.98,160.69,0.99,5712.6,0.03,0.03,616.025758,1776224294000
1776224296.243,196.243,0.02,160.69,0.01,5712.6,0.05,30.93,0.06,46.1,0.95,30.93,0.94,46.1,0.98,160.69,0.99,5712.6,0.03,0.03,616.007959,1776224295000
1776224297.172,197.172,0.02,160.69,0.01,5712.6,0.05,30.93,0.06,46.1,0.95,30.93,0.94,46.1,0.98,160.69,0.99,5712.6,0.03,0.03,616.001706,1776224296000
1776224298.246,198.246,0.02,160.69,0.01,5712.6,0.05,30.93,0.06,46.1,0.95,30.93,0.94,46.1,0.98,160.69,0.99,5712.6,0.03,0.03,616.015728,1776224297000
1776224299.205,199.205,0.02,160.69,0.01,5712.6,0.05,30.93,0.06,46.1,0.95,30.93,0.94,46.1,0.98,160.69,0.99,5712.6,0.03,0.03,616.008648,1776224298000
1776224300.266,200.266,0.02,160.69,0.01,5712.6,0.05,30.93,0.06,46.1,0.95,30.93,0.94,46.1,0.98,160.69,0.99,5712.6,0.03,0.03,616.001773,1776224299000
1776224301.212,201.212,0.02,160.69,0.01,5712.6,0.05,30.93,0.06,46.1,0.95,30.93,0.94,46.1,0.98,160.69,0.99,5712.6,0.03,0.03,616.02585,1776224300000
1776224302.222,202.222,0.02,160.69,0.01,5712.6,0.05,30.93,0.06,46.1,0.95,30.93,0.94,46.1,0.98,160.69,0.99,5712.6,0.03,0.03,616.029477,1776224301000
1776224303.312,203.312,0.02,160.69,0.01,5712.6,0.05,30.93,0.06,46.1,0.95,30.93,0.94,46.1,0.98,160.69,0.99,5712.6,0.03,0.03,616.029187,1776224302000
1776224303.91,203.91,0.02,160.69,0.01,5712.6,0.05,30.93,0.06,46.1,0.95,30.93,0.94,46.1,0.98,160.69,0.99,5712.6,0.03,0.03,616.016804,1776224303000
1776224305.027,205.027,0.02,160.69,0.01,5712.6,0.05,30.93,0.06,46.1,0.95,30.93,0.94,46.1,0.98,160.69,0.99,5712.6,0.03,0.03,615.981102,1776224304000
1776224306.21,206.21,0.02,160.69,0.01,5712.6,0.05,30.93,0.06,46.1,0.95,30.93,0.94,46.1,0.98,160.69,0.99,5712.6,0.03,0.03,615.977093,1776224305000
1776224307.289,207.289,0.02,160.69,0.01,5712.6,0.05,30.93,0.06,46.1,0.95,30.93,0.94,46.1,0.98,160.69,0.99,5712.6,0.03,0.03,615.981171,1776224306000
1776224307.858,207.858,0.02,160.69,0.01,5712.6,0.05,30.93,0.06,46.1,0.95,30.93,0.94,46.1,0.98,160.69,0.99,5712.6,0.03,0.03,615.980181,1776224307000
1776224308.96,208.96,0.02,160.69,0.01,5712.6,0.05,30.93,0.06,46.1,0.95,30.93,0.94,46.1,0.98,160.69,0.99,5712.6,0.03,0.03,615.978215,1776224308000
1776224310.441,210.441,0.02,160.69,0.01,5712.6,0.05,30.93,0.06,46.1,0.95,30.93,0.94,46.1,0.98,160.69,0.99,5712.6,0.03,0.03,615.968251,1776224309000
1776224311.018,211.018,0.02,160.69,0.01,5712.6,0.05,30.93,0.06,46.1,0.95,30.93,0.94,46.1,0.98,160.69,0.99,5712.6,0.03,0.03,615.972514,1776224310000
1776224311.403,211.403,0.01,314.0,,,0.03,89.3,0.04,72.7,0.95,30.93,0.94,46.1,0.98,160.69,0.99,5712.6,0.02,0.03,615.972514,1776224310000
1776224311.68,211.68,0.01,212.0,,,0.02,132.69,0.03,89.3,0.97,89.3,0.96,72.7,0.99,314.0,,,0.01,0.02,615.972514,1776224310000
1776224312.185,212.185,0.01,207.0,,,0.02,132.69,0.03,89.3,0.98,132.69,0.97,89.3,0.99,207.0,,,0.01,0.01,615.87559,1776224311000
1776224313.025,213.025,0.01,207.0,,,0.02,132.69,0.03,89.3,0.98,132.69,0.97,89.3,0.99,207.0,,,0.01,0.01,615.860347,1776224312000
1776224314.216,214.216,0.01,207.0,,,0.02,132.69,0.03,89.3,0.98,132.69,0.97,89.3,0.99,207.0,,,0.01,0.01,615.861397,1776224313000
1776224315.505,215.505,0.01,207.0,,,0.02,132.69,0.03,89.3,0.98,132.69,0.97,89.3,0.99,207.0,,,0.01,0.01,615.860292,1776224314000
1776224316.091,216.091,0.01,207.0,,,0.02,132.69,0.03,89.3,0.98,132.69,0.97,89.3,0.99,207.0,,,0.01,0.01,615.842217,1776224315000
1776224317.365,217.365,0.01,207.0,,,0.02,132.69,0.03,89.3,0.98,132.69,0.97,89.3,0.99,207.0,,,0.01,0.01,615.842227,1776224316000
1776224317.975,217.975,0.01,207.0,,,0.02,132.69,0.03,89.3,0.98,132.69,0.97,89.3,0.99,207.0,,,0.01,0.01,615.842227,1776224317000
1776224319.251,219.251,0.01,207.0,,,0.02,132.69,0.03,89.3,0.98,132.69,0.97,89.3,0.99,207.0,,,0.01,0.01,615.842467,1776224318000
1776224320.594,220.594,0.01,207.0,,,0.02,132.69,0.03,89.3,0.98,132.69,0.97,89.3,0.99,207.0,,,0.01,0.01,615.840903,1776224319000
1776224321.275,221.275,0.01,207.0,,,0.02,132.69,0.03,89.3,0.98,132.69,0.97,89.3,0.99,207.0,,,0.01,0.01,615.840903,1776224320000
1776224322.608,222.608,0.01,207.0,,,0.02,132.69,0.03,89.3,0.98,132.69,0.97,89.3,0.99,207.0,,,0.01,0.01,615.838635,1776224321000
1776224323.165,223.165,0.01,207.0,,,0.02,132.69,0.03,89.3,0.98,132.69,0.97,89.3,0.99,207.0,,,0.01,0.01,615.838254,1776224322000
1776224324.388,224.388,0.01,207.0,,,0.02,132.69,0.03,89.3,0.98,132.69,0.97,89.3,0.99,207.0,,,0.01,0.01,615.835594,1776224323000
1776224325.082,225.082,0.01,207.0,,,0.02,132.69,0.03,89.3,0.98,132.69,0.97,89.3,0.99,207.0,,,0.01,0.01,615.834182,1776224324000
1776224325.778,225.778,0.01,107.0,,,0.02,128.08,0.03,89.3,0.98,132.69,0.97,89.3,0.99,207.0,,,0.01,0.01,615.834182,1776224324000
1776224326.276,226.276,0.01,107.0,,,0.02,128.08,0.03,89.3,0.98,128.08,0.97,89.3,0.99,107.0,,,0.01,0.01,615.833922,1776224325000
1776224327.421,227.421,0.01,107.0,,,0.02,128.08,0.03,89.3,0.98,128.08,0.97,89.3,0.99,107.0,,,0.01,0.01,615.815449,1776224326000
1776224328.158,228.158,0.01,107.0,,,0.02,128.08,0.03,89.3,0.98,128.08,0.97,89.3,0.99,107.0,,,0.01,0.01,615.813275,1776224327000
1776224329.255,229.255,0.01,107.0,,,0.02,128.08,0.03,89.3,0.98,128.08,0.97,89.3,0.99,107.0,,,0.01,0.01,615.810947,1776224328000
1776224330.426,230.426,0.01,107.0,,,0.02,128.08,0.03,89.3,0.98,128.08,0.97,89.3,0.99,107.0,,,0.01,0.01,615.806298,1776224329000
1776224330.999,230.999,0.01,107.0,,,0.02,128.08,0.03,89.3,0.98,128.08,0.97,89.3,0.99,107.0,,,0.01,0.01,615.795443,1776224330000
1776224332.273,232.273,0.01,107.0,,,0.02,128.08,0.03,89.3,0.98,128.08,0.97,89.3,0.99,107.0,,,0.01,0.01,615.80761,1776224331000
1776224333.373,233.373,0.01,107.0,,,0.02,128.08,0.03,89.3,0.98,128.08,0.97,89.3,0.99,107.0,,,0.01,0.01,615.787884,1776224332000
1776224333.999,233.999,0.01,107.0,,,0.02,128.08,0.03,89.3,0.98,128.08,0.97,89.3,0.99,107.0,,,0.01,0.01,615.787882,1776224333000
1776224334.778,234.778,0.01,86.75,,,0.02,128.08,0.03,89.3,0.98,128.08,0.97,89.3,0.99,107.0,,,0.01,0.01,615.787882,1776224333000
1776224335.061,235.061,0.01,81.75,,,0.02,128.08,0.03,89.3,0.98,128.08,0.97,89.3,0.99,86.75,,,0.01,0.01,615.787882,1776224333000
1776224336.663,236.663,0.01,81.75,,,0.02,128.08,0.03,89.3,0.98,128.08,0.97,89.3,0.99,81.75,,,0.01,0.01,615.829327,1776224335000
1776224337.326,237.326,0.01,81.75,,,0.02,128.08,0.03,89.3,0.98,128.08,0.97,89.3,0.99,81.75,,,0.01,0.01,615.829073,1776224336000
1776224338.175,238.175,0.01,81.75,,,0.02,128.08,0.03,89.3,0.98,128.08,0.97,89.3,0.99,81.75,,,0.01,0.01,615.828571,1776224337000
1776224339.472,239.472,0.01,81.75,,,0.02,128.08,0.03,89.3,0.98,128.08,0.97,89.3,0.99,81.75,,,0.01,0.01,615.838246,1776224338000
1776224340.115,240.115,0.01,81.75,,,0.02,128.08,0.03,89.3,0.98,128.08,0.97,89.3,0.99,81.75,,,0.01,0.01,615.825696,1776224339000
1776224341.272,241.272,0.01,81.75,,,0.02,128.08,0.03,89.3,0.98,128.08,0.97,89.3,0.99,81.75,,,0.01,0.01,615.798994,1776224340000
1776224342.56,242.56,0.01,81.75,,,0.02,128.08,0.03,89.3,0.98,128.08,0.97,89.3,0.99,81.75,,,0.01,0.01,615.825938,1776224341000
1776224343.32,243.32,0.01,81.75,,,0.02,128.08,0.03,89.3,0.98,128.08,0.97,89.3,0.99,81.75,,,0.01,0.01,615.832775,1776224342000
1776224343.924,243.924,0.01,81.75,,,0.02,128.08,0.03,89.3,0.98,128.08,0.97,89.3,0.99,81.75,,,0.01,0.01,615.827155,1776224343000
1776224345.231,245.231,0.01,81.75,,,0.02,128.08,0.03,89.3,0.98,128.08,0.97,89.3,0.99,81.75,,,0.01,0.01,615.80501,1776224344000
1776224346.659,246.659,0.01,81.75,,,0.02,78.08,0.03,89.3,0.98,128.08,0.97,89.3,0.99,81.75,,,0.01,0.01,615.80501,1776224344000
1776224347.32,247.32,0.01,81.75,,,0.02,78.08,0.03,89.3,0.98,78.08,0.97,89.3,0.99,81.75,,,0.01,0.01,615.802065,1776224346000
1776224348.065,248.065,0.01,81.75,,,0.02,78.08,0.03,89.3,0.98,78.08,0.97,89.3,0.99,81.75,,,0.01,0.01,615.802065,1776224347000
1776224349.646,249.646,0.01,81.75,,,0.02,78.08,0.03,89.3,0.98,78.08,0.97,89.3,0.99,81.75,,,0.01,0.01,615.831019,1776224348000
1776224350.692,250.692,0.01,81.75,,,0.02,78.08,0.03,89.3,0.98,78.08,0.97,89.3,0.99,81.75,,,0.01,0.01,615.82236,1776224349000
1776224351.246,251.246,0.01,81.75,,,0.02,78.08,0.03,89.3,0.98,78.08,0.97,89.3,0.99,81.75,,,0.01,0.01,615.821473,1776224350000
1776224352.99,252.99,0.01,81.75,,,0.02,78.08,0.03,89.3,0.98,78.08,0.97,89.3,0.99,81.75,,,0.01,0.01,615.82308,1776224351000
1776224353.628,253.628,0.01,81.75,,,0.02,78.08,0.03,89.3,0.98,78.08,0.97,89.3,0.99,81.75,,,0.01,0.01,615.813874,1776224352000
1776224353.891,253.891,0.01,45.54,,,0.02,78.08,0.03,89.3,0.98,78.08,0.97,89.3,0.99,61.54,,,0.01,0.01,615.813874,1776224352000
1776224354.105,254.105,0.01,45.54,,,0.02,78.08,0.03,89.3,0.98,78.08,0.97,89.3,0.99,45.54,,,0.01,0.01,615.814286,1776224353000
1776224354.66,254.66,0.01,29.54,,,0.02,78.08,0.03,89.3,0.98,78.08,0.97,89.3,0.99,45.54,,,0.01,0.01,615.814286,1776224353000
1776224355.284,255.284,0.01,29.54,,,0.02,78.08,0.03,89.3,0.98,78.08,0.97,89.3,0.99,29.54,,,0.01,0.01,615.815972,1776224354000
1776224355.619,255.619,0.01,19.84,,,0.02,78.08,0.03,89.3,0.98,78.08,0.97,89.3,0.99,29.54,,,0.01,0.01,615.815972,1776224354000
1776224356.383,256.383,0.01,19.84,,,0.02,78.08,0.03,89.3,0.98,78.08,0.97,89.3,0.99,19.84,,,0.01,0.01,615.81622,1776224355000
1776224356.888,256.888,0.01,19.84,,,0.02,78.08,0.03,89.3,0.98,78.08,0.97,89.3,0.99,19.84,,,0.01,0.01,615.81622,1776224356000
1776224357.34,257.34,0.01,8.73,,,0.02,73.08,0.03,89.3,0.98,78.08,0.97,89.3,0.99,19.84,,,0.01,0.01,615.81622,1776224356000
1776224357.937,257.937,0.01,8.73,,,0.02,73.08,0.03,89.3,0.98,73.08,0.97,89.3,0.99,8.73,,,0.01,0.01,615.851103,1776224357000
1776224359.14,259.14,0.01,8.73,,,0.02,73.08,0.03,89.3,0.98,73.08,0.97,89.3,0.99,8.73,,,0.01,0.01,615.831109,1776224358000
1776224360.231,260.231,0.01,8.73,,,0.02,73.08,0.03,89.3,0.98,73.08,0.97,89.3,0.99,8.73,,,0.01,0.01,615.831907,1776224359000
1776224361.362,261.362,,,,,0.02,73.08,0.03,89.3,0.98,73.08,0.97,89.3,,,,,,,615.8576,1776224360000
1776224361.876,261.876,,,,,0.02,73.08,0.03,89.3,0.98,73.08,0.97,89.3,,,,,,,615.8576,1776224361000
1776224363.046,263.046,,,,,0.02,73.08,0.03,89.3,0.98,73.08,0.97,89.3,,,,,,,615.87556,1776224362000
1776224364.133,264.133,,,,,0.02,73.08,0.03,89.3,0.98,73.08,0.97,89.3,,,,,,,615.920608,1776224363000
1776224365.37,265.37,,,,,0.02,73.08,0.03,89.3,0.98,73.08,0.97,89.3,,,,,,,615.97079,1776224364000
1776224365.936,265.936,,,,,0.02,73.08,0.03,89.3,0.98,73.08,0.97,89.3,,,,,,,615.97853,1776224365000
1776224367.523,267.523,,,,,0.02,73.08,0.03,89.3,0.98,73.08,0.97,89.3,,,,,,,615.9842,1776224366000
1776224368.086,268.086,,,,,0.02,73.08,0.03,89.3,0.98,73.08,0.97,89.3,,,,,,,615.974311,1776224367000
1776224369.247,269.247,,,,,0.02,73.08,0.03,89.3,0.98,73.08,0.97,89.3,,,,,,,615.95912,1776224368000
1776224370.491,270.491,,,,,0.02,73.08,0.03,89.3,0.98,73.08,0.97,89.3,,,,,,,615.95679,1776224369000
1776224371.109,271.109,,,,,0.02,73.08,0.03,89.3,0.98,73.08,0.97,89.3,,,,,,,615.95766,1776224370000
1776224372.241,272.241,,,,,0.02,73.08,0.03,89.3,0.98,73.08,0.97,89.3,,,,,,,615.958435,1776224371000
1776224373.438,273.438,,,,,0.02,73.08,0.03,89.3,0.98,73.08,0.97,89.3,,,,,,,615.95404,1776224372000
1776224374.086,274.086,,,,,0.02,73.08,0.03,89.3,0.98,73.08,0.97,89.3,,,,,,,615.947946,1776224373000
1776224375.098,275.098,,,,,0.02,73.08,0.03,89.3,0.98,73.08,0.97,89.3,,,,,,,615.955203,1776224374000
1776224376.445,276.445,,,,,0.02,73.08,0.03,89.3,0.98,73.08,0.97,89.3,,,,,,,615.956849,1776224375000
1776224377.056,277.056,,,,,0.02,73.08,0.03,89.3,0.98,73.08,0.97,89.3,,,,,,,615.953331,1776224376000
1776224379.375,279.375,,,,,0.02,73.08,0.03,89.3,0.98,73.08,0.97,89.3,,,,,,,615.953264,1776224378000
1776224379.995,279.995,,,,,0.02,73.08,0.03,89.3,0.98,73.08,0.97,89.3,,,,,,,615.953153,1776224379000
1776224381.015,281.015,,,,,0.02,73.08,0.03,89.3,0.98,73.08,0.97,89.3,,,,,,,615.95253,1776224380000
1776224382.327,282.327,,,,,0.02,73.08,0.03,89.3,0.98,73.08,0.97,89.3,,,,,,,615.947169,1776224381000
1776224382.853,282.853,,,,,0.02,73.08,0.03,89.3,0.98,73.08,0.97,89.3,,,,,,,615.946643,1776224382000
1776224384.532,284.532,,,,,0.02,73.08,0.03,89.3,0.98,73.08,0.97,89.3,,,,,,,615.953034,1776224383000
1776224385.103,285.103,,,,,0.02,73.08,0.03,89.3,0.98,73.08,0.97,89.3,,,,,,,615.949322,1776224384000
1776224386.214,286.214,,,,,0.02,73.08,0.03,89.3,0.98,73.08,0.97,89.3,,,,,,,615.956864,1776224385000
1776224388.191,288.191,,,,,0.02,73.08,0.03,89.3,0.98,73.08,0.97,89.3,,,,,,,615.953403,1776224386000
1776224389.147,289.147,,,,,0.02,73.08,0.03,89.3,0.98,73.08,0.97,89.3,,,,,,,615.932867,1776224387000
1776224389.856,289.856,,,,,0.02,73.08,0.03,89.3,0.98,73.08,0.97,89.3,,,,,,,615.928398,1776224388000
1776224390.57,290.57,,,,,0.02,73.08,0.03,89.3,0.98,73.08,0.97,89.3,,,,,,,615.928398,1776224389000
1776224391.085,291.085,,,,,0.02,73.08,0.03,89.3,0.98,73.08,0.97,89.3,,,,,,,615.92386,1776224390000
1776224392.306,292.306,,,,,0.02,73.08,0.03,89.3,0.98,73.08,0.97,89.3,,,,,,,615.921305,1776224391000
1776224393.815,293.815,,,,,0.02,73.08,0.03,89.3,0.98,73.08,0.97,89.3,,,,,,,615.914801,1776224392000
1776224394.517,294.517,,,,,0.02,73.08,0.03,89.3,0.98,73.08,0.97,89.3,,,,,,,615.930532,1776224393000
1776224395.096,295.096,,,,,0.02,73.08,0.03,89.3,0.98,73.08,0.97,89.3,,,,,,,615.930532,1776224394000
1776224396.114,296.114,0.001,200.0,,,0.01,2235.07,0.04,5.0,0.98,73.08,0.97,89.3,,,,,0.009,,615.930532,1776224394000
1776224396.502,296.502,0.001,200.0,,,0.01,2235.07,0.04,5.0,0.99,2235.07,0.96,5.0,0.999,200.0,,,0.009,0.009,615.920865,1776224395000
1776224397.117,297.117,0.001,200.0,,,0.01,2235.07,0.04,5.0,0.99,2235.07,0.96,5.0,0.999,200.0,,,0.009,0.009,615.919884,1776224396000
1776224398.0,298.0,0.001,179.98,,,0.01,2772.12,0.02,8.0,0.99,2235.07,0.96,5.0,0.999,200.0,,,0.009,0.009,615.919884,1776224396000
1776224398.373,298.373,0.001,171.99,,,0.01,2927.12,0.02,8.0,0.99,2772.12,0.98,8.0,0.999,179.98,,,0.009,0.009,615.919884,1776224396000
1776224398.577,298.577,0.001,131.99,,,0.01,2856.11,0.02,8.0,0.99,2927.12,0.98,8.0,0.999,171.99,,,0.009,0.009,615.935256,1776224397000
1776224399.084,299.084,0.001,121.99,,,0.01,2856.11,0.02,8.0,0.99,2856.11,0.98,8.0,0.999,121.99,,,0.009,0.009,615.959872,1776224398000
1776224399.288,299.288,,,,,0.001,78.21,0.01,13353.53,0.99,13353.53,0.98,8.0,0.999,21.89,,,,0.009,615.959872,1776224398000
1776224400.288,300.288,,,,,0.001,78.21,0.01,13353.53,0.999,78.21,0.99,13353.53,,,,,,,615.947926,1776224399000
1776224401.071,301.071,,,,,0.001,78.21,0.01,13353.53,0.999,78.21,0.99,13353.53,,,,,,,615.957918,1776224400000
1776224402.227,302.227,,,,,0.001,78.21,0.01,13353.53,0.999,78.21,0.99,13353.53,,,,,,,615.957049,1776224401000

# RESULT,winner=Down,slug=bnb-updown-5m-1776224100,ticks=310
