timestamp,elapsed_sec,up_bid_p1,up_bid_s1,up_bid_p2,up_bid_s2,up_ask_p1,up_ask_s1,up_ask_p2,up_ask_s2,down_bid_p1,down_bid_s1,down_bid_p2,down_bid_s2,down_ask_p1,down_ask_s1,down_ask_p2,down_ask_s2,up_spread,down_spread,bnb_price,bnb_oracle_ts
1776212711.225,11.225,,,,,,,,,,,,,,,,,,,616.340914,1776212710000
1776212711.732,11.732,0.4,5.0,0.34,5.0,0.46,5.0,0.49,5.0,0.54,5.0,0.51,5.0,0.6,5.0,0.66,5.0,0.06,0.06,616.340914,1776212710000
1776212712.359,12.359,0.4,5.0,0.34,5.0,0.46,5.0,0.49,5.0,0.54,5.0,0.51,5.0,0.6,5.0,0.66,5.0,0.06,0.06,616.313,1776212711000
1776212712.905,12.905,0.4,5.0,0.34,5.0,0.46,5.0,0.49,5.0,0.54,5.0,0.51,5.0,0.6,5.0,0.66,5.0,0.06,0.06,616.313,1776212712000
1776212713.963,13.963,0.4,5.0,0.34,5.0,0.46,5.0,0.49,5.0,0.54,5.0,0.51,5.0,0.6,5.0,0.66,5.0,0.06,0.06,616.321,1776212713000
1776212715.142,15.142,0.4,5.0,0.34,5.0,0.46,5.0,0.49,5.0,0.54,5.0,0.51,5.0,0.6,5.0,0.66,5.0,0.06,0.06,616.365,1776212714000
1776212716.314,16.314,0.39,5.0,0.38,15.0,0.56,5.0,0.61,50.0,0.44,5.0,0.39,50.0,0.61,5.0,0.62,15.0,0.17,0.17,616.359,1776212715000
1776212716.847,16.847,0.39,5.0,0.38,15.0,0.56,5.0,0.61,50.0,0.44,5.0,0.39,50.0,0.61,5.0,0.62,15.0,0.17,0.17,616.41115,1776212716000
1776212718.11,18.11,0.39,5.0,0.38,15.0,0.56,5.0,0.61,50.0,0.44,5.0,0.39,50.0,0.61,5.0,0.62,15.0,0.17,0.17,616.412964,1776212717000
1776212719.234,19.234,0.39,5.0,0.38,15.0,0.56,5.0,0.61,50.0,0.44,5.0,0.39,50.0,0.61,5.0,0.62,15.0,0.17,0.17,616.414815,1776212718000
1776212720.414,20.414,0.39,5.0,0.38,15.0,0.56,5.0,0.61,50.0,0.44,5.0,0.39,50.0,0.61,5.0,0.62,15.0,0.17,0.17,616.416773,1776212719000
1776212720.97,20.97,0.39,5.0,0.38,15.0,0.56,5.0,0.61,50.0,0.44,5.0,0.39,50.0,0.61,5.0,0.62,15.0,0.17,0.17,616.416681,1776212720000
1776212722.276,22.276,0.39,5.0,0.38,15.0,0.56,5.0,0.61,50.0,0.44,5.0,0.39,50.0,0.61,5.0,0.62,15.0,0.17,0.17,616.4156,1776212721000
1776212722.907,22.907,0.39,5.0,0.38,15.0,0.56,5.0,0.61,50.0,0.44,5.0,0.39,50.0,0.61,5.0,0.62,15.0,0.17,0.17,616.411126,1776212722000
1776212724.184,24.184,0.39,5.0,0.38,15.0,0.56,5.0,0.61,50.0,0.44,5.0,0.39,50.0,0.61,5.0,0.62,15.0,0.17,0.17,616.435731,1776212723000
1776212725.318,25.318,0.39,5.0,0.38,15.0,0.56,5.0,0.61,50.0,0.44,5.0,0.39,50.0,0.61,5.0,0.62,15.0,0.17,0.17,616.436233,1776212724000
1776212726.248,26.248,0.39,5.0,0.38,15.0,0.56,5.0,0.61,50.0,0.44,5.0,0.39,50.0,0.61,5.0,0.62,15.0,0.17,0.17,616.444645,1776212725000
1776212727.408,27.408,0.39,5.0,0.38,15.0,0.56,5.0,0.61,50.0,0.44,5.0,0.39,50.0,0.61,5.0,0.62,15.0,0.17,0.17,616.531119,1776212726000
1776212728.001,28.001,0.39,5.0,0.38,15.0,0.56,5.0,0.61,50.0,0.44,5.0,0.39,50.0,0.61,5.0,0.62,15.0,0.17,0.17,616.529958,1776212727000
1776212728.987,28.987,0.39,5.0,0.38,15.0,0.56,5.0,0.61,50.0,0.44,5.0,0.39,50.0,0.61,5.0,0.62,15.0,0.17,0.17,616.53033,1776212728000
1776212730.025,30.025,0.39,5.0,0.38,15.0,0.56,5.0,0.61,50.0,0.44,5.0,0.39,50.0,0.61,5.0,0.62,15.0,0.17,0.17,616.529867,1776212729000
1776212731.072,31.072,0.39,5.0,0.38,15.0,0.56,5.0,0.61,50.0,0.44,5.0,0.39,50.0,0.61,5.0,0.62,15.0,0.17,0.17,616.492278,1776212730000
1776212732.164,32.164,0.39,5.0,0.38,15.0,0.56,5.0,0.61,50.0,0.44,5.0,0.39,50.0,0.61,5.0,0.62,15.0,0.17,0.17,616.473886,1776212731000
1776212733.095,33.095,0.39,5.0,0.38,15.0,0.56,5.0,0.61,50.0,0.44,5.0,0.39,50.0,0.61,5.0,0.62,15.0,0.17,0.17,616.401264,1776212732000
1776212734.177,34.177,0.39,5.0,0.38,15.0,0.56,5.0,0.61,50.0,0.44,5.0,0.39,50.0,0.61,5.0,0.62,15.0,0.17,0.17,616.390268,1776212733000
1776212735.235,35.235,0.39,5.0,0.38,15.0,0.56,5.0,0.61,50.0,0.44,5.0,0.39,50.0,0.61,5.0,0.62,15.0,0.17,0.17,616.357039,1776212734000
1776212736.096,36.096,0.39,5.0,0.38,15.0,0.56,5.0,0.61,50.0,0.44,5.0,0.39,50.0,0.61,5.0,0.62,15.0,0.17,0.17,616.35701,1776212735000
1776212737.098,37.098,0.39,5.0,0.38,15.0,0.56,5.0,0.61,50.0,0.44,5.0,0.39,50.0,0.61,5.0,0.62,15.0,0.17,0.17,616.354663,1776212736000
1776212738.077,38.077,0.39,5.0,0.38,15.0,0.56,5.0,0.61,50.0,0.44,5.0,0.39,50.0,0.61,5.0,0.62,15.0,0.17,0.17,616.327056,1776212737000
1776212739.635,39.635,0.39,5.0,0.38,15.0,0.56,5.0,0.61,50.0,0.44,5.0,0.39,50.0,0.61,5.0,0.62,15.0,0.17,0.17,616.322691,1776212738000
1776212740.154,40.154,0.39,5.0,0.38,15.0,0.56,5.0,0.61,50.0,0.44,5.0,0.39,50.0,0.61,5.0,0.62,15.0,0.17,0.17,616.322691,1776212739000
1776212741.209,41.209,0.39,5.0,0.38,15.0,0.56,5.0,0.61,50.0,0.44,5.0,0.39,50.0,0.61,5.0,0.62,15.0,0.17,0.17,616.322403,1776212740000
1776212742.274,42.274,0.39,5.0,0.38,15.0,0.56,5.0,0.61,50.0,0.44,5.0,0.39,50.0,0.61,5.0,0.62,15.0,0.17,0.17,616.321832,1776212741000
1776212743.233,43.233,0.39,5.0,0.38,15.0,0.56,5.0,0.61,50.0,0.44,5.0,0.39,50.0,0.61,5.0,0.62,15.0,0.17,0.17,616.310301,1776212742000
1776212743.772,43.772,0.36,5.0,0.33,5.0,0.48,5.0,0.51,55.0,0.44,5.0,0.39,50.0,0.61,5.0,0.62,15.0,0.12,0.17,616.310301,1776212742000
1776212744.366,44.366,0.36,5.0,0.33,5.0,0.48,5.0,0.51,55.0,0.52,5.0,0.49,55.0,0.64,5.0,0.67,5.0,0.12,0.12,616.306536,1776212743000
1776212744.913,44.913,0.36,5.0,0.33,5.0,0.48,5.0,0.51,55.0,0.52,5.0,0.49,55.0,0.64,5.0,0.67,5.0,0.12,0.12,616.291842,1776212744000
1776212745.993,45.993,0.36,5.0,0.33,5.0,0.48,5.0,0.51,55.0,0.52,5.0,0.49,55.0,0.64,5.0,0.67,5.0,0.12,0.12,616.291842,1776212745000
1776212747.067,47.067,0.36,5.0,0.33,5.0,0.48,5.0,0.51,55.0,0.52,5.0,0.49,55.0,0.64,5.0,0.67,5.0,0.12,0.12,616.316269,1776212746000
1776212748.287,48.287,0.36,5.0,0.33,5.0,0.48,5.0,0.51,55.0,0.52,5.0,0.49,55.0,0.64,5.0,0.67,5.0,0.12,0.12,616.38447,1776212747000
1776212749.328,49.328,0.36,5.0,0.33,5.0,0.48,5.0,0.51,55.0,0.52,5.0,0.49,55.0,0.64,5.0,0.67,5.0,0.12,0.12,616.388199,1776212748000
1776212750.339,50.339,0.36,5.0,0.33,5.0,0.48,5.0,0.51,55.0,0.52,5.0,0.49,55.0,0.64,5.0,0.67,5.0,0.12,0.12,616.387918,1776212749000
1776212750.908,50.908,0.36,5.0,0.33,5.0,0.48,5.0,0.51,55.0,0.52,5.0,0.49,55.0,0.64,5.0,0.67,5.0,0.12,0.12,616.388762,1776212750000
1776212752.273,52.273,0.36,5.0,0.33,5.0,0.48,5.0,0.51,55.0,0.52,5.0,0.49,55.0,0.64,5.0,0.67,5.0,0.12,0.12,616.389017,1776212751000
1776212753.764,53.764,0.36,5.0,0.33,5.0,0.48,5.0,0.51,55.0,0.52,5.0,0.49,55.0,0.64,5.0,0.67,5.0,0.12,0.12,616.393757,1776212752000
1776212754.375,54.375,0.36,5.0,0.33,5.0,0.48,5.0,0.51,55.0,0.52,5.0,0.49,55.0,0.64,5.0,0.67,5.0,0.12,0.12,616.393757,1776212753000
1776212754.998,54.998,0.36,5.0,0.33,5.0,0.48,5.0,0.51,55.0,0.52,5.0,0.49,55.0,0.64,5.0,0.67,5.0,0.12,0.12,616.393757,1776212754000
1776212756.26,56.26,0.36,5.0,0.33,5.0,0.48,5.0,0.51,55.0,0.52,5.0,0.49,55.0,0.64,5.0,0.67,5.0,0.12,0.12,616.393108,1776212755000
1776212757.302,57.302,0.36,5.0,0.33,5.0,0.48,5.0,0.51,55.0,0.52,5.0,0.49,55.0,0.64,5.0,0.67,5.0,0.12,0.12,616.391342,1776212756000
1776212757.907,57.907,0.36,5.0,0.33,5.0,0.48,5.0,0.51,55.0,0.52,5.0,0.49,55.0,0.64,5.0,0.67,5.0,0.12,0.12,616.391346,1776212757000
1776212759.107,59.107,0.36,5.0,0.33,5.0,0.48,5.0,0.51,55.0,0.52,5.0,0.49,55.0,0.64,5.0,0.67,5.0,0.12,0.12,616.391352,1776212758000
1776212760.38,60.38,0.36,5.0,0.33,5.0,0.48,5.0,0.51,55.0,0.52,5.0,0.49,55.0,0.64,5.0,0.67,5.0,0.12,0.12,616.393192,1776212759000
1776212761.019,61.019,0.36,5.0,0.33,5.0,0.48,5.0,0.51,55.0,0.52,5.0,0.49,55.0,0.64,5.0,0.67,5.0,0.12,0.12,616.393192,1776212760000
1776212762.232,62.232,0.36,5.0,0.33,5.0,0.48,5.0,0.51,55.0,0.52,5.0,0.49,55.0,0.64,5.0,0.67,5.0,0.12,0.12,616.398081,1776212761000
1776212763.38,63.38,0.36,5.0,0.33,5.0,0.48,5.0,0.51,55.0,0.52,5.0,0.49,55.0,0.64,5.0,0.67,5.0,0.12,0.12,616.3985,1776212762000
1776212763.989,63.989,0.36,5.0,0.33,5.0,0.48,5.0,0.51,55.0,0.52,5.0,0.49,55.0,0.64,5.0,0.67,5.0,0.12,0.12,616.398502,1776212763000
1776212765.255,65.255,0.36,5.0,0.33,5.0,0.48,5.0,0.51,55.0,0.52,5.0,0.49,55.0,0.64,5.0,0.67,5.0,0.12,0.12,616.396665,1776212764000
1776212766.458,66.458,0.36,5.0,0.33,5.0,0.48,5.0,0.51,55.0,0.52,5.0,0.49,55.0,0.64,5.0,0.67,5.0,0.12,0.12,616.396053,1776212765000
1776212767.007,67.007,0.36,5.0,0.33,5.0,0.48,5.0,0.51,55.0,0.52,5.0,0.49,55.0,0.64,5.0,0.67,5.0,0.12,0.12,616.400883,1776212766000
1776212768.269,68.269,0.36,5.0,0.33,5.0,0.48,5.0,0.51,55.0,0.52,5.0,0.49,55.0,0.64,5.0,0.67,5.0,0.12,0.12,616.436906,1776212767000
1776212769.594,69.594,0.36,5.0,0.33,5.0,0.48,5.0,0.51,55.0,0.52,5.0,0.49,55.0,0.64,5.0,0.67,5.0,0.12,0.12,616.438509,1776212768000
1776212770.443,70.443,0.36,5.0,0.33,5.0,0.48,5.0,0.51,55.0,0.52,5.0,0.49,55.0,0.64,5.0,0.67,5.0,0.12,0.12,616.438508,1776212769000
1776212771.176,71.176,0.36,5.0,0.33,5.0,0.48,5.0,0.51,55.0,0.52,5.0,0.49,55.0,0.64,5.0,0.67,5.0,0.12,0.12,616.437717,1776212770000
1776212779.701,79.701,0.36,5.0,0.33,5.0,0.48,5.0,0.51,55.0,0.52,5.0,0.49,55.0,0.64,5.0,0.67,5.0,0.12,0.12,616.470139,1776212778000
1776212780.286,80.286,0.36,5.0,0.33,5.0,0.48,5.0,0.51,55.0,0.52,5.0,0.49,55.0,0.64,5.0,0.67,5.0,0.12,0.12,616.475741,1776212779000
1776212781.581,81.581,0.36,5.0,0.33,5.0,0.48,5.0,0.51,55.0,0.52,5.0,0.49,55.0,0.64,5.0,0.67,5.0,0.12,0.12,616.483798,1776212780000
1776212782.318,82.318,0.36,5.0,0.33,5.0,0.48,5.0,0.51,55.0,0.52,5.0,0.49,55.0,0.64,5.0,0.67,5.0,0.12,0.12,616.483798,1776212781000
1776212783.156,83.156,0.36,5.0,0.33,5.0,0.48,5.0,0.51,55.0,0.52,5.0,0.49,55.0,0.64,5.0,0.67,5.0,0.12,0.12,616.479443,1776212782000
1776212784.359,84.359,0.36,5.0,0.33,5.0,0.48,5.0,0.51,55.0,0.52,5.0,0.49,55.0,0.64,5.0,0.67,5.0,0.12,0.12,616.473505,1776212783000
1776212785.075,85.075,0.36,5.0,0.33,5.0,0.48,5.0,0.51,55.0,0.52,5.0,0.49,55.0,0.64,5.0,0.67,5.0,0.12,0.12,616.525135,1776212784000
1776212786.556,86.556,0.36,5.0,0.33,5.0,0.48,5.0,0.51,55.0,0.52,5.0,0.49,55.0,0.64,5.0,0.67,5.0,0.12,0.12,616.586641,1776212785000
1776212787.031,87.031,0.61,70.0,0.6,5.0,0.72,5.0,0.74,5.0,0.52,5.0,0.49,55.0,0.64,5.0,0.67,5.0,0.11,0.12,616.586641,1776212785000
1776212787.694,87.694,0.61,70.0,0.6,5.0,0.72,5.0,0.74,5.0,0.28,5.0,0.26,5.0,0.39,70.0,0.4,5.0,0.11,0.11,616.634073,1776212786000
1776212788.259,88.259,0.61,70.0,0.6,5.0,0.72,5.0,0.74,5.0,0.28,5.0,0.26,5.0,0.39,70.0,0.4,5.0,0.11,0.11,616.646337,1776212787000
1776212789.373,89.373,0.61,70.0,0.6,5.0,0.72,5.0,0.74,5.0,0.28,5.0,0.26,5.0,0.39,70.0,0.4,5.0,0.11,0.11,616.646483,1776212788000
1776212789.661,89.661,0.63,11.2,0.62,26.0,0.75,5.0,0.79,5.0,0.28,5.0,0.26,5.0,0.39,70.0,0.4,5.0,0.12,0.11,616.646483,1776212788000
1776212789.908,89.908,0.63,11.2,0.62,26.0,0.75,5.0,0.79,5.0,0.25,5.0,0.21,5.0,0.37,11.2,0.38,26.0,0.12,0.12,616.646483,1776212789000
1776212791.126,91.126,0.63,11.2,0.62,26.0,0.75,5.0,0.79,5.0,0.25,5.0,0.21,5.0,0.37,11.2,0.38,26.0,0.12,0.12,616.754898,1776212790000
1776212792.236,92.236,0.63,11.2,0.62,26.0,0.75,5.0,0.79,5.0,0.25,5.0,0.21,5.0,0.37,11.2,0.38,26.0,0.12,0.12,616.761973,1776212791000
1776212793.245,93.245,0.63,11.2,0.62,26.0,0.75,5.0,0.79,5.0,0.25,5.0,0.21,5.0,0.37,11.2,0.38,26.0,0.12,0.12,616.76794,1776212792000
1776212794.419,94.419,0.63,11.2,0.62,26.0,0.75,5.0,0.79,5.0,0.25,5.0,0.21,5.0,0.37,11.2,0.38,26.0,0.12,0.12,616.784519,1776212793000
1776212795.076,95.076,0.63,11.2,0.62,26.0,0.75,5.0,0.79,5.0,0.25,5.0,0.21,5.0,0.37,11.2,0.38,26.0,0.12,0.12,616.790654,1776212794000
1776212796.081,96.081,0.63,11.2,0.62,26.0,0.75,5.0,0.79,5.0,0.25,5.0,0.21,5.0,0.37,11.2,0.38,26.0,0.12,0.12,616.807249,1776212795000
1776212797.184,97.184,0.63,11.2,0.62,26.0,0.75,5.0,0.79,5.0,0.25,5.0,0.21,5.0,0.37,11.2,0.38,26.0,0.12,0.12,616.807249,1776212796000
1776212798.317,98.317,0.63,11.2,0.62,26.0,0.75,5.0,0.79,5.0,0.25,5.0,0.21,5.0,0.37,11.2,0.38,26.0,0.12,0.12,616.833746,1776212797000
1776212798.883,98.883,0.63,11.2,0.62,26.0,0.75,5.0,0.79,5.0,0.25,5.0,0.21,5.0,0.37,11.2,0.38,26.0,0.12,0.12,616.83493,1776212798000
1776212799.965,99.965,0.63,11.2,0.62,26.0,0.75,5.0,0.79,5.0,0.25,5.0,0.21,5.0,0.37,11.2,0.38,26.0,0.12,0.12,616.834923,1776212799000
1776212801.11,101.11,0.63,11.2,0.62,26.0,0.75,5.0,0.79,5.0,0.25,5.0,0.21,5.0,0.37,11.2,0.38,26.0,0.12,0.12,616.832426,1776212800000
1776212801.949,101.949,0.63,11.2,0.62,26.0,0.75,5.0,0.79,5.0,0.25,5.0,0.21,5.0,0.37,11.2,0.38,26.0,0.12,0.12,616.831139,1776212801000
1776212803.087,103.087,0.63,11.2,0.62,26.0,0.75,5.0,0.79,5.0,0.25,5.0,0.21,5.0,0.37,11.2,0.38,26.0,0.12,0.12,616.829378,1776212802000
1776212803.964,103.964,0.63,11.2,0.62,26.0,0.75,5.0,0.79,5.0,0.25,5.0,0.21,5.0,0.37,11.2,0.38,26.0,0.12,0.12,616.827503,1776212803000
1776212804.958,104.958,0.63,11.2,0.62,26.0,0.75,5.0,0.79,5.0,0.25,5.0,0.21,5.0,0.37,11.2,0.38,26.0,0.12,0.12,616.827839,1776212804000
1776212805.932,105.932,0.63,11.2,0.62,26.0,0.75,5.0,0.79,5.0,0.25,5.0,0.21,5.0,0.37,11.2,0.38,26.0,0.12,0.12,616.827753,1776212805000
1776212806.912,106.912,0.63,11.2,0.62,26.0,0.75,5.0,0.79,5.0,0.25,5.0,0.21,5.0,0.37,11.2,0.38,26.0,0.12,0.12,616.825713,1776212806000
1776212807.947,107.947,0.63,11.2,0.62,26.0,0.75,5.0,0.79,5.0,0.25,5.0,0.21,5.0,0.37,11.2,0.38,26.0,0.12,0.12,616.82412,1776212807000
1776212809.004,109.004,0.63,11.2,0.62,26.0,0.75,5.0,0.79,5.0,0.25,5.0,0.21,5.0,0.37,11.2,0.38,26.0,0.12,0.12,616.799752,1776212808000
1776212809.911,109.911,0.63,11.2,0.62,26.0,0.75,5.0,0.79,5.0,0.25,5.0,0.21,5.0,0.37,11.2,0.38,26.0,0.12,0.12,616.799785,1776212809000
1776212810.877,110.877,0.63,11.2,0.62,26.0,0.75,5.0,0.79,5.0,0.25,5.0,0.21,5.0,0.37,11.2,0.38,26.0,0.12,0.12,616.801532,1776212810000
1776212811.84,111.84,0.63,11.2,0.62,26.0,0.75,5.0,0.79,5.0,0.25,5.0,0.21,5.0,0.37,11.2,0.38,26.0,0.12,0.12,616.803935,1776212811000
1776212813.287,113.287,0.63,11.2,0.62,26.0,0.75,5.0,0.79,5.0,0.25,5.0,0.21,5.0,0.37,11.2,0.38,26.0,0.12,0.12,616.804244,1776212812000
1776212814.885,114.885,0.63,11.2,0.62,26.0,0.75,5.0,0.79,5.0,0.25,5.0,0.21,5.0,0.37,11.2,0.38,26.0,0.12,0.12,616.804244,1776212813000
1776212815.7,115.7,0.63,11.2,0.62,26.0,0.75,5.0,0.79,5.0,0.25,5.0,0.21,5.0,0.37,11.2,0.38,26.0,0.12,0.12,616.804244,1776212814000
1776212816.26,116.26,0.63,11.2,0.62,26.0,0.75,5.0,0.79,5.0,0.25,5.0,0.21,5.0,0.37,11.2,0.38,26.0,0.12,0.12,616.80252,1776212815000
1776212817.609,117.609,0.63,11.2,0.62,26.0,0.75,5.0,0.79,5.0,0.25,5.0,0.21,5.0,0.37,11.2,0.38,26.0,0.12,0.12,616.799913,1776212816000
1776212818.378,118.378,0.63,11.2,0.62,26.0,0.75,5.0,0.79,5.0,0.25,5.0,0.21,5.0,0.37,11.2,0.38,26.0,0.12,0.12,616.802296,1776212817000
1776212819.494,119.494,0.63,11.2,0.62,26.0,0.75,5.0,0.79,5.0,0.25,5.0,0.21,5.0,0.37,11.2,0.38,26.0,0.12,0.12,616.802262,1776212818000
1776212820.153,120.153,0.63,11.2,0.62,26.0,0.75,5.0,0.79,5.0,0.25,5.0,0.21,5.0,0.37,11.2,0.38,26.0,0.12,0.12,616.804744,1776212819000
1776212821.077,121.077,0.77,14.7,0.76,14.3,0.86,5.0,0.87,23.0,0.25,5.0,0.21,5.0,0.37,11.2,0.38,26.0,0.09,0.12,616.804744,1776212819000
1776212821.37,121.37,0.77,14.7,0.76,14.3,0.86,5.0,0.87,23.0,0.14,5.0,0.13,23.0,0.23,14.7,0.24,14.3,0.09,0.09,616.828106,1776212820000
1776212822.129,122.129,0.77,14.7,0.76,14.3,0.86,5.0,0.87,23.0,0.14,5.0,0.13,23.0,0.23,14.7,0.24,14.3,0.09,0.09,616.828132,1776212821000
1776212823.293,123.293,0.77,14.7,0.76,14.3,0.86,5.0,0.87,23.0,0.14,5.0,0.13,23.0,0.23,14.7,0.24,14.3,0.09,0.09,616.828171,1776212822000
1776212823.9,123.9,0.77,14.7,0.76,14.3,0.86,5.0,0.87,23.0,0.14,5.0,0.13,23.0,0.23,14.7,0.24,14.3,0.09,0.09,616.841381,1776212823000
1776212825.339,125.339,0.77,14.7,0.76,14.3,0.86,5.0,0.87,23.0,0.14,5.0,0.13,23.0,0.23,14.7,0.24,14.3,0.09,0.09,616.838119,1776212824000
1776212825.889,125.889,0.77,14.7,0.76,14.3,0.86,5.0,0.87,23.0,0.14,5.0,0.13,23.0,0.23,14.7,0.24,14.3,0.09,0.09,616.840631,1776212825000
1776212827.229,127.229,0.77,14.7,0.76,14.3,0.86,5.0,0.87,23.0,0.14,5.0,0.13,23.0,0.23,14.7,0.24,14.3,0.09,0.09,616.840259,1776212826000
1776212828.599,128.599,0.77,14.7,0.76,14.3,0.86,5.0,0.87,23.0,0.14,5.0,0.13,23.0,0.23,14.7,0.24,14.3,0.09,0.09,616.840259,1776212827000
1776212829.249,129.249,0.77,14.7,0.76,14.3,0.86,5.0,0.87,23.0,0.14,5.0,0.13,23.0,0.23,14.7,0.24,14.3,0.09,0.09,616.840369,1776212828000
1776212830.531,130.531,0.77,14.7,0.76,14.3,0.86,5.0,0.87,23.0,0.14,5.0,0.13,23.0,0.23,14.7,0.24,14.3,0.09,0.09,616.842016,1776212829000
1776212831.567,131.567,0.77,14.7,0.76,14.3,0.86,5.0,0.87,23.0,0.14,5.0,0.13,23.0,0.23,14.7,0.24,14.3,0.09,0.09,616.842016,1776212830000
1776212832.163,132.163,0.77,14.7,0.76,14.3,0.86,5.0,0.87,23.0,0.14,5.0,0.13,23.0,0.23,14.7,0.24,14.3,0.09,0.09,616.841991,1776212831000
1776212833.166,133.166,0.77,14.7,0.76,14.3,0.86,5.0,0.87,23.0,0.14,5.0,0.13,23.0,0.23,14.7,0.24,14.3,0.09,0.09,616.842129,1776212832000
1776212834.218,134.218,0.77,14.7,0.76,14.3,0.86,5.0,0.87,23.0,0.14,5.0,0.13,23.0,0.23,14.7,0.24,14.3,0.09,0.09,616.842129,1776212833000
1776212835.17,135.17,0.77,14.7,0.76,14.3,0.86,5.0,0.87,23.0,0.14,5.0,0.13,23.0,0.23,14.7,0.24,14.3,0.09,0.09,616.84125,1776212834000
1776212836.2,136.2,0.77,14.7,0.76,14.3,0.86,5.0,0.87,23.0,0.14,5.0,0.13,23.0,0.23,14.7,0.24,14.3,0.09,0.09,616.841258,1776212835000
1776212837.231,137.231,0.82,17.6,0.81,16.89,0.87,5.0,0.9,28.9,0.14,5.0,0.13,23.0,0.23,14.7,0.24,14.3,0.05,0.09,616.841258,1776212835000
1776212838.299,138.299,0.82,17.6,0.81,16.89,0.87,5.0,0.9,28.9,0.13,5.0,0.1,28.9,0.18,17.6,0.19,16.89,0.05,0.05,616.844232,1776212837000
1776212839.332,139.332,0.82,17.6,0.81,16.89,0.87,5.0,0.9,28.9,0.13,5.0,0.1,28.9,0.18,17.6,0.19,16.89,0.05,0.05,616.850705,1776212838000
1776212839.928,139.928,0.82,17.6,0.81,16.89,0.87,5.0,0.9,28.9,0.13,5.0,0.1,28.9,0.18,17.6,0.19,16.89,0.05,0.05,616.850723,1776212839000
1776212840.883,140.883,0.82,17.6,0.81,16.89,0.87,5.0,0.9,28.9,0.13,5.0,0.1,28.9,0.18,17.6,0.19,16.89,0.05,0.05,616.851179,1776212840000
1776212841.848,141.848,0.82,17.6,0.81,16.89,0.87,5.0,0.9,28.9,0.13,5.0,0.1,28.9,0.18,17.6,0.19,16.89,0.05,0.05,616.853269,1776212841000
1776212842.887,142.887,0.82,17.6,0.81,16.89,0.87,5.0,0.9,28.9,0.13,5.0,0.1,28.9,0.18,17.6,0.19,16.89,0.05,0.05,616.853269,1776212842000
1776212843.858,143.858,0.82,17.6,0.81,16.89,0.87,5.0,0.9,28.9,0.13,5.0,0.1,28.9,0.18,17.6,0.19,16.89,0.05,0.05,616.852118,1776212843000
1776212845.387,145.387,0.82,17.6,0.81,16.89,0.87,5.0,0.9,28.9,0.13,5.0,0.1,28.9,0.18,17.6,0.19,16.89,0.05,0.05,616.847695,1776212844000
1776212845.901,145.901,0.82,17.6,0.81,16.89,0.87,5.0,0.9,28.9,0.13,5.0,0.1,28.9,0.18,17.6,0.19,16.89,0.05,0.05,616.847597,1776212845000
1776212846.945,146.945,0.82,17.6,0.81,16.89,0.87,5.0,0.9,28.9,0.13,5.0,0.1,28.9,0.18,17.6,0.19,16.89,0.05,0.05,616.847564,1776212846000
1776212847.857,147.857,0.82,17.6,0.81,16.89,0.87,5.0,0.9,28.9,0.13,5.0,0.1,28.9,0.18,17.6,0.19,16.89,0.05,0.05,616.84887,1776212847000
1776212848.924,148.924,0.82,17.6,0.81,16.89,0.87,5.0,0.9,28.9,0.13,5.0,0.1,28.9,0.18,17.6,0.19,16.89,0.05,0.05,616.84887,1776212848000
1776212849.935,149.935,0.82,17.6,0.81,16.89,0.87,5.0,0.9,28.9,0.13,5.0,0.1,28.9,0.18,17.6,0.19,16.89,0.05,0.05,616.848847,1776212849000
1776212850.866,150.866,0.82,17.6,0.81,16.89,0.87,5.0,0.9,28.9,0.13,5.0,0.1,28.9,0.18,17.6,0.19,16.89,0.05,0.05,616.850616,1776212850000
1776212851.907,151.907,0.82,17.6,0.81,16.89,0.87,5.0,0.9,28.9,0.13,5.0,0.1,28.9,0.18,17.6,0.19,16.89,0.05,0.05,616.852352,1776212851000
1776212852.617,152.617,0.81,16.89,0.8,16.3,0.89,3.87,0.9,28.9,0.13,5.0,0.1,28.9,0.18,17.6,0.19,16.89,0.08,0.05,616.852352,1776212851000
1776212852.941,152.941,0.81,16.89,0.8,16.3,0.89,3.87,0.9,28.9,0.11,3.87,0.1,28.9,0.19,16.89,0.2,16.3,0.08,0.08,616.852246,1776212852000
1776212853.95,153.95,0.81,16.89,0.8,16.3,0.89,3.87,0.9,28.9,0.11,3.87,0.1,28.9,0.19,16.89,0.2,16.3,0.08,0.08,616.854638,1776212853000
1776212855.051,155.051,0.81,16.89,0.8,16.3,0.89,3.87,0.9,28.9,0.11,3.87,0.1,28.9,0.19,16.89,0.2,16.3,0.08,0.08,616.852709,1776212854000
1776212856.028,156.028,0.81,16.89,0.8,16.3,0.89,3.87,0.9,28.9,0.11,3.87,0.1,28.9,0.19,16.89,0.2,16.3,0.08,0.08,616.845447,1776212855000
1776212857.127,157.127,0.81,16.89,0.8,16.3,0.89,3.87,0.9,28.9,0.11,3.87,0.1,28.9,0.19,16.89,0.2,16.3,0.08,0.08,616.851208,1776212856000
1776212858.237,158.237,0.81,16.89,0.8,16.3,0.89,3.87,0.9,28.9,0.11,3.87,0.1,28.9,0.19,16.89,0.2,16.3,0.08,0.08,616.85114,1776212857000
1776212859.31,159.31,0.83,18.39,0.82,17.6,0.9,3.88,0.91,31.7,0.1,3.88,0.09,31.7,0.17,18.39,0.18,17.6,0.07,0.07,616.853661,1776212858000
1776212860.233,160.233,0.83,18.39,0.82,17.6,0.9,3.88,0.91,31.7,0.1,3.88,0.09,31.7,0.17,18.39,0.18,17.6,0.07,0.07,616.853966,1776212859000
1776212861.197,161.197,0.83,18.39,0.82,17.6,0.9,3.88,0.91,31.7,0.1,3.88,0.09,31.7,0.17,18.39,0.18,17.6,0.07,0.07,616.906,1776212860000
1776212862.173,162.173,0.83,18.39,0.82,17.6,0.9,3.88,0.91,31.7,0.1,3.88,0.09,31.7,0.17,18.39,0.18,17.6,0.07,0.07,616.93,1776212861000
1776212863.102,163.102,0.83,18.39,0.82,17.6,0.9,3.88,0.91,31.7,0.1,3.88,0.09,31.7,0.17,18.39,0.18,17.6,0.07,0.07,616.93,1776212862000
1776212864.138,164.138,0.83,18.39,0.82,17.6,0.9,3.88,0.91,31.7,0.1,3.88,0.09,31.7,0.17,18.39,0.18,17.6,0.07,0.07,616.939451,1776212863000
1776212865.128,165.128,0.83,18.39,0.82,17.6,0.9,3.88,0.91,31.7,0.1,3.88,0.09,31.7,0.17,18.39,0.18,17.6,0.07,0.07,616.939451,1776212864000
1776212866.046,166.046,0.83,18.39,0.82,17.6,0.9,3.88,0.91,31.7,0.1,3.88,0.09,31.7,0.17,18.39,0.18,17.6,0.07,0.07,616.939343,1776212865000
1776212867.009,167.009,0.83,18.39,0.82,17.6,0.9,3.88,0.91,31.7,0.1,3.88,0.09,31.7,0.17,18.39,0.18,17.6,0.07,0.07,616.939343,1776212866000
1776212868.551,168.551,0.83,18.39,0.82,17.6,0.9,3.88,0.91,31.7,0.1,3.88,0.09,31.7,0.17,18.39,0.18,17.6,0.07,0.07,616.938577,1776212867000
1776212869.072,169.072,0.83,18.39,0.82,17.6,0.9,3.88,0.91,31.7,0.1,3.88,0.09,31.7,0.17,18.39,0.18,17.6,0.07,0.07,616.938915,1776212868000
1776212870.244,170.244,0.83,18.39,0.82,17.6,0.9,3.88,0.91,31.7,0.1,3.88,0.09,31.7,0.17,18.39,0.18,17.6,0.07,0.07,616.937352,1776212869000
1776212870.693,170.693,0.91,31.7,0.9,28.9,0.95,3.94,0.96,72.7,0.1,3.88,0.09,31.7,0.17,18.39,0.18,17.6,0.04,0.07,616.937352,1776212869000
1776212871.617,171.617,0.91,31.7,0.9,28.9,0.95,3.94,0.96,72.7,0.05,3.94,0.04,72.7,0.09,31.7,0.1,28.9,0.04,0.04,616.95819,1776212870000
1776212872.073,172.073,0.91,31.7,0.9,28.9,0.96,57.7,0.97,189.3,0.05,3.94,0.04,72.7,0.09,31.7,0.1,28.9,0.05,0.04,616.95819,1776212870000
1776212873.197,173.197,0.91,31.7,0.9,28.9,0.96,57.7,0.97,189.3,0.04,57.7,0.03,189.3,0.09,31.7,0.1,28.9,0.05,0.05,616.964425,1776212872000
1776212874.352,174.352,0.91,31.7,0.9,28.9,0.96,57.7,0.97,189.3,0.04,57.7,0.03,189.3,0.09,31.7,0.1,28.9,0.05,0.05,616.964418,1776212873000
1776212875.407,175.407,0.91,31.7,0.9,28.9,0.96,57.7,0.97,189.3,0.04,57.7,0.03,189.3,0.09,31.7,0.1,28.9,0.05,0.05,616.963783,1776212874000
1776212875.96,175.96,0.91,31.7,0.9,28.9,0.96,57.7,0.97,189.3,0.04,57.7,0.03,189.3,0.09,31.7,0.1,28.9,0.05,0.05,616.963783,1776212875000
1776212877.056,177.056,0.91,31.7,0.9,28.9,0.96,57.7,0.97,189.3,0.04,57.7,0.03,189.3,0.09,31.7,0.1,28.9,0.05,0.05,616.963385,1776212876000
1776212878.109,178.109,0.91,31.7,0.9,28.9,0.96,57.7,0.97,189.3,0.04,57.7,0.03,189.3,0.09,31.7,0.1,28.9,0.05,0.05,616.963343,1776212877000
1776212879.141,179.141,0.91,31.7,0.9,28.9,0.96,57.7,0.97,189.3,0.04,57.7,0.03,189.3,0.09,31.7,0.1,28.9,0.05,0.05,616.963252,1776212878000
1776212880.251,180.251,0.91,31.7,0.9,28.9,0.96,57.7,0.97,189.3,0.04,57.7,0.03,189.3,0.09,31.7,0.1,28.9,0.05,0.05,616.963809,1776212879000
1776212881.398,181.398,0.91,31.7,0.9,28.9,0.96,57.7,0.97,189.3,0.04,57.7,0.03,189.3,0.09,31.7,0.1,28.9,0.05,0.05,616.96821,1776212880000
1776212882.342,182.342,0.91,31.7,0.9,28.9,0.96,57.7,0.97,189.3,0.04,57.7,0.03,189.3,0.09,31.7,0.1,28.9,0.05,0.05,616.968155,1776212881000
1776212882.893,182.893,0.91,31.7,0.9,28.9,0.96,57.7,0.97,189.3,0.04,57.7,0.03,189.3,0.09,31.7,0.1,28.9,0.05,0.05,616.968132,1776212882000
1776212883.987,183.987,0.91,31.7,0.9,28.9,0.96,57.7,0.97,189.3,0.04,57.7,0.03,189.3,0.09,31.7,0.1,28.9,0.05,0.05,616.939594,1776212883000
1776212885.618,185.618,0.91,31.7,0.9,28.9,0.96,57.7,0.97,189.3,0.04,57.7,0.03,189.3,0.09,31.7,0.1,28.9,0.05,0.05,616.93883,1776212884000
1776212886.202,186.202,0.91,31.7,0.9,28.9,0.96,57.7,0.97,189.3,0.04,57.7,0.03,189.3,0.09,31.7,0.1,28.9,0.05,0.05,616.860106,1776212885000
1776212887.238,187.238,0.91,31.7,0.9,28.9,0.96,57.7,0.97,189.3,0.04,57.7,0.03,189.3,0.09,31.7,0.1,28.9,0.05,0.05,616.78653,1776212886000
1776212888.191,188.191,0.91,31.7,0.9,28.9,0.96,57.7,0.97,189.3,0.04,57.7,0.03,189.3,0.09,31.7,0.1,28.9,0.05,0.05,616.7704,1776212887000
1776212889.161,189.161,0.91,31.7,0.9,28.9,0.96,57.7,0.97,189.3,0.04,57.7,0.03,189.3,0.09,31.7,0.1,28.9,0.05,0.05,616.81571,1776212888000
1776212890.245,190.245,0.91,31.7,0.9,28.9,0.96,57.7,0.97,189.3,0.04,57.7,0.03,189.3,0.09,31.7,0.1,28.9,0.05,0.05,616.84332,1776212889000
1776212891.215,191.215,0.91,31.7,0.9,28.9,0.96,57.7,0.97,189.3,0.04,57.7,0.03,189.3,0.09,31.7,0.1,28.9,0.05,0.05,616.82,1776212890000
1776212892.177,192.177,0.91,31.7,0.9,28.9,0.96,57.7,0.97,189.3,0.04,57.7,0.03,189.3,0.09,31.7,0.1,28.9,0.05,0.05,616.8,1776212891000
1776212893.134,193.134,0.91,31.7,0.9,28.9,0.96,57.7,0.97,189.3,0.04,57.7,0.03,189.3,0.09,31.7,0.1,28.9,0.05,0.05,616.782,1776212892000
1776212894.114,194.114,0.91,31.7,0.9,28.9,0.96,57.7,0.97,189.3,0.04,57.7,0.03,189.3,0.09,31.7,0.1,28.9,0.05,0.05,616.78,1776212893000
1776212894.462,194.462,0.81,16.89,0.8,16.3,0.89,26.6,0.9,28.9,0.04,57.7,0.03,189.3,0.09,31.7,0.1,28.9,0.08,0.05,616.78,1776212893000
1776212895.14,195.14,0.81,16.89,0.8,16.3,0.89,26.6,0.9,28.9,0.11,26.6,0.1,28.9,0.19,16.89,0.2,16.3,0.08,0.08,616.778,1776212894000
1776212896.061,196.061,0.81,16.89,0.8,16.3,0.89,26.6,0.9,28.9,0.11,26.6,0.1,28.9,0.19,16.89,0.2,16.3,0.08,0.08,616.778,1776212895000
1776212897.01,197.01,0.81,16.89,0.8,16.3,0.89,26.6,0.9,28.9,0.11,26.6,0.1,28.9,0.19,16.89,0.2,16.3,0.08,0.08,616.777,1776212896000
1776212898.612,198.612,0.81,16.89,0.8,16.3,0.89,26.6,0.9,28.9,0.11,26.6,0.1,28.9,0.19,16.89,0.2,16.3,0.08,0.08,616.775,1776212897000
1776212899.14,199.14,0.81,16.89,0.8,16.3,0.89,26.6,0.9,28.9,0.11,26.6,0.1,28.9,0.19,16.89,0.2,16.3,0.08,0.08,616.775,1776212898000
1776212900.242,200.242,0.81,16.89,0.8,16.3,0.89,26.6,0.9,28.9,0.11,26.6,0.1,28.9,0.19,16.89,0.2,16.3,0.08,0.08,616.772,1776212899000
1776212901.295,201.295,0.81,16.89,0.8,16.3,0.89,26.6,0.9,28.9,0.11,26.6,0.1,28.9,0.19,16.89,0.2,16.3,0.08,0.08,616.784,1776212900000
1776212902.42,202.42,0.81,16.89,0.8,16.3,0.89,26.6,0.9,28.9,0.11,26.6,0.1,28.9,0.19,16.89,0.2,16.3,0.08,0.08,616.788,1776212901000
1776212903.306,203.306,0.81,16.89,0.8,16.3,0.89,26.6,0.9,28.9,0.11,26.6,0.1,28.9,0.19,16.89,0.2,16.3,0.08,0.08,616.828,1776212902000
1776212904.353,204.353,0.81,16.89,0.8,16.3,0.89,26.6,0.9,28.9,0.11,26.6,0.1,28.9,0.19,16.89,0.2,16.3,0.08,0.08,616.828,1776212903000
1776212904.558,204.558,0.88,24.6,0.87,23.0,0.94,43.97,0.95,64.7,0.11,26.6,0.1,28.9,0.19,16.89,0.2,16.3,0.06,0.08,616.828,1776212903000
1776212904.925,204.925,0.88,24.6,0.87,23.0,0.94,43.97,0.95,64.7,0.06,43.97,0.05,64.7,0.12,24.6,0.13,23.0,0.06,0.06,616.819,1776212904000
1776212905.735,205.735,0.89,26.6,0.88,24.6,0.94,41.84,0.95,64.7,0.06,43.97,0.05,64.7,0.12,24.6,0.13,23.0,0.05,0.06,616.819,1776212904000
1776212906.008,206.008,0.89,26.6,0.88,24.6,0.94,41.84,0.95,64.7,0.06,41.84,0.05,64.7,0.11,26.6,0.12,24.6,0.05,0.05,616.828,1776212905000
1776212907.001,207.001,0.89,26.6,0.88,24.6,0.94,41.84,0.95,64.7,0.06,41.84,0.05,64.7,0.11,26.6,0.12,24.6,0.05,0.05,616.821,1776212906000
1776212907.98,207.98,0.89,26.6,0.88,24.6,0.94,41.84,0.95,64.7,0.06,41.84,0.05,64.7,0.11,26.6,0.12,24.6,0.05,0.05,616.821,1776212907000
1776212908.955,208.955,0.89,26.6,0.88,24.6,0.94,41.84,0.95,64.7,0.06,41.84,0.05,64.7,0.11,26.6,0.12,24.6,0.05,0.05,616.814,1776212908000
1776212909.89,209.89,0.89,26.6,0.88,24.6,0.94,41.84,0.95,64.7,0.06,41.84,0.05,64.7,0.11,26.6,0.12,24.6,0.05,0.05,616.815,1776212909000
1776212910.858,210.858,0.89,26.6,0.88,24.6,0.94,41.84,0.95,64.7,0.06,41.84,0.05,64.7,0.11,26.6,0.12,24.6,0.05,0.05,616.813,1776212910000
1776212912.112,212.112,0.89,26.6,0.88,24.6,0.94,41.84,0.95,64.7,0.06,41.84,0.05,64.7,0.11,26.6,0.12,24.6,0.05,0.05,616.818,1776212911000
1776212913.987,213.987,0.89,26.6,0.88,24.6,0.94,41.84,0.95,64.7,0.06,41.84,0.05,64.7,0.11,26.6,0.12,24.6,0.05,0.05,616.811989,1776212912000
1776212914.763,214.763,0.89,26.6,0.88,24.6,0.94,41.84,0.95,64.7,0.06,41.84,0.05,64.7,0.11,26.6,0.12,24.6,0.05,0.05,616.812,1776212913000
1776212915.45,215.45,0.89,26.6,0.88,24.6,0.94,41.84,0.95,64.7,0.06,41.84,0.05,64.7,0.11,26.6,0.12,24.6,0.05,0.05,616.817,1776212914000
1776212916.113,216.113,0.89,26.6,0.88,24.6,0.94,41.84,0.95,64.7,0.06,41.84,0.05,64.7,0.11,26.6,0.12,24.6,0.05,0.05,616.817,1776212915000
1776212917.484,217.484,0.89,26.6,0.88,24.6,0.94,41.84,0.95,64.7,0.06,41.84,0.05,64.7,0.11,26.6,0.12,24.6,0.05,0.05,616.82,1776212916000
1776212918.276,218.276,0.89,26.6,0.88,24.6,0.94,41.84,0.95,64.7,0.06,41.84,0.05,64.7,0.11,26.6,0.12,24.6,0.05,0.05,616.838,1776212917000
1776212919.847,219.847,0.89,26.6,0.88,24.6,0.94,41.84,0.95,64.7,0.06,41.84,0.05,64.7,0.11,26.6,0.12,24.6,0.05,0.05,616.836,1776212918000
1776212920.623,220.623,0.89,26.6,0.88,24.6,0.94,41.84,0.95,64.7,0.06,41.84,0.05,64.7,0.11,26.6,0.12,24.6,0.05,0.05,616.879,1776212919000
1776212921.225,221.225,0.89,26.6,0.88,24.6,0.94,41.84,0.95,64.7,0.06,41.84,0.05,64.7,0.11,26.6,0.12,24.6,0.05,0.05,616.883,1776212920000
1776212922.765,222.765,0.89,26.6,0.88,24.6,0.94,41.84,0.95,64.7,0.06,41.84,0.05,64.7,0.11,26.6,0.12,24.6,0.05,0.05,616.88,1776212921000
1776212923.354,223.354,0.89,26.6,0.88,24.6,0.94,41.84,0.95,64.7,0.06,41.84,0.05,64.7,0.11,26.6,0.12,24.6,0.05,0.05,616.885,1776212922000
1776212924.279,224.279,0.89,26.6,0.88,24.6,0.94,41.84,0.95,64.7,0.06,41.84,0.05,64.7,0.11,26.6,0.12,24.6,0.05,0.05,616.885,1776212923000
1776212925.647,225.647,0.89,26.6,0.88,24.6,0.94,41.84,0.95,64.7,0.06,41.84,0.05,64.7,0.11,26.6,0.12,24.6,0.05,0.05,616.852,1776212924000
1776212926.506,226.506,0.89,26.6,0.88,24.6,0.94,41.84,0.95,64.7,0.06,41.84,0.05,64.7,0.11,26.6,0.12,24.6,0.05,0.05,616.853,1776212925000
1776212927.449,227.449,0.89,26.6,0.88,24.6,0.94,41.84,0.95,64.7,0.06,41.84,0.05,64.7,0.11,26.6,0.12,24.6,0.05,0.05,616.853,1776212926000
1776212928.149,228.149,0.94,46.1,0.93,39.9,0.97,189.3,0.98,142.69,0.03,189.3,0.02,142.69,0.06,46.1,0.07,39.9,0.03,0.03,616.854,1776212927000
1776212929.6,229.6,0.94,46.1,0.93,39.9,0.97,189.3,0.98,142.69,0.03,189.3,0.02,142.69,0.06,46.1,0.07,39.9,0.03,0.03,616.855,1776212928000
1776212930.188,230.188,0.94,46.1,0.93,39.9,0.97,189.3,0.98,142.69,0.03,189.3,0.02,142.69,0.06,46.1,0.07,39.9,0.03,0.03,616.855,1776212929000
1776212931.349,231.349,0.94,46.1,0.93,39.9,0.97,189.3,0.98,142.69,0.03,189.3,0.02,142.69,0.06,46.1,0.07,39.9,0.03,0.03,616.855,1776212930000
1776212932.373,232.373,0.94,46.1,0.93,39.9,0.97,189.3,0.98,142.69,0.03,189.3,0.02,142.69,0.06,46.1,0.07,39.9,0.03,0.03,616.837,1776212931000
1776212932.815,232.815,0.94,46.1,0.93,39.9,0.97,189.3,0.98,142.69,0.03,189.3,0.02,142.69,0.06,46.1,0.07,39.9,0.03,0.03,616.837,1776212932000
1776212933.917,233.917,0.94,46.1,0.93,39.9,0.97,189.3,0.98,142.69,0.03,189.3,0.02,142.69,0.06,46.1,0.07,39.9,0.03,0.03,616.823781,1776212933000
1776212934.844,234.844,0.94,46.1,0.93,39.9,0.97,189.3,0.98,142.69,0.03,189.3,0.02,142.69,0.06,46.1,0.07,39.9,0.03,0.03,616.8237,1776212934000
1776212935.871,235.871,0.94,46.1,0.93,39.9,0.97,189.3,0.98,142.69,0.03,189.3,0.02,142.69,0.06,46.1,0.07,39.9,0.03,0.03,616.823495,1776212935000
1776212937.293,237.293,0.94,46.1,0.93,39.9,0.97,189.3,0.98,142.69,0.03,189.3,0.02,142.69,0.06,46.1,0.07,39.9,0.03,0.03,616.822422,1776212936000
1776212938.376,238.376,0.94,46.1,0.93,39.9,0.97,189.3,0.98,142.69,0.03,189.3,0.02,142.69,0.06,46.1,0.07,39.9,0.03,0.03,616.822422,1776212937000
1776212938.944,238.944,0.94,46.1,0.93,39.9,0.97,189.3,0.98,142.69,0.03,189.3,0.02,142.69,0.06,46.1,0.07,39.9,0.03,0.03,616.822422,1776212938000
1776212939.91,239.91,0.94,46.1,0.93,39.9,0.97,189.3,0.98,142.69,0.03,189.3,0.02,142.69,0.06,46.1,0.07,39.9,0.03,0.03,616.819359,1776212939000
1776212940.949,240.949,0.94,46.1,0.93,39.9,0.97,189.3,0.98,142.69,0.03,189.3,0.02,142.69,0.06,46.1,0.07,39.9,0.03,0.03,616.819338,1776212940000
1776212942.027,242.027,0.94,46.1,0.93,39.9,0.97,189.3,0.98,142.69,0.03,189.3,0.02,142.69,0.06,46.1,0.07,39.9,0.03,0.03,616.821865,1776212941000
1776212943.1,243.1,0.94,46.1,0.93,39.9,0.97,189.3,0.98,142.69,0.03,189.3,0.02,142.69,0.06,46.1,0.07,39.9,0.03,0.03,616.826,1776212942000
1776212944.763,244.763,0.94,46.1,0.93,39.9,0.97,189.3,0.98,142.69,0.03,189.3,0.02,142.69,0.06,46.1,0.07,39.9,0.03,0.03,616.821285,1776212943000
1776212945.277,245.277,0.94,46.1,0.93,39.9,0.97,189.3,0.98,142.69,0.03,189.3,0.02,142.69,0.06,46.1,0.07,39.9,0.03,0.03,616.83,1776212944000
1776212945.723,245.723,0.95,54.7,0.94,46.1,0.97,94.69,0.98,142.69,0.03,189.3,0.02,142.69,0.06,46.1,0.07,39.9,0.02,0.03,616.83,1776212944000
1776212946.024,246.024,0.95,54.7,0.94,46.1,0.97,94.69,0.98,142.69,0.03,94.69,0.02,142.69,0.05,54.7,0.06,46.1,0.02,0.02,616.83,1776212945000
1776212946.33,246.33,0.95,54.7,0.94,46.1,0.97,74.07,0.98,142.69,0.03,94.69,0.02,142.69,0.05,54.7,0.06,46.1,0.02,0.02,616.83,1776212945000
1776212947.198,247.198,0.95,54.7,0.94,46.1,0.97,74.07,0.98,142.69,0.03,74.07,0.02,142.69,0.05,54.7,0.06,46.1,0.02,0.02,616.836,1776212946000
1776212947.984,247.984,0.95,54.7,0.94,46.1,0.97,61.06,0.98,142.69,0.03,61.06,0.02,142.69,0.05,54.7,0.06,46.1,0.02,0.02,616.836,1776212947000
1776212949.487,249.487,0.95,54.7,0.94,46.1,0.97,61.06,0.98,142.69,0.03,61.06,0.02,142.69,0.05,54.7,0.06,46.1,0.02,0.02,616.858,1776212948000
1776212950.211,250.211,0.95,54.7,0.94,46.1,0.97,61.06,0.98,142.69,0.03,61.06,0.02,142.69,0.05,54.7,0.06,46.1,0.02,0.02,616.858,1776212949000
1776212951.188,251.188,0.95,54.7,0.94,46.1,0.97,61.06,0.98,142.69,0.03,61.06,0.02,142.69,0.05,54.7,0.06,46.1,0.02,0.02,616.861,1776212950000
1776212952.56,252.56,0.95,54.7,0.94,46.1,0.97,61.06,0.98,142.69,0.03,61.06,0.02,142.69,0.05,54.7,0.06,46.1,0.02,0.02,616.862,1776212951000
1776212953.428,253.428,0.95,54.7,0.94,46.1,0.97,61.06,0.98,142.69,0.03,61.06,0.02,142.69,0.05,54.7,0.06,46.1,0.02,0.02,616.862,1776212952000
1776212953.628,253.628,0.96,67.7,0.95,54.7,0.97,60.02,0.98,10.0,0.03,61.06,0.02,142.69,0.05,54.7,0.06,46.1,0.01,0.02,616.862,1776212952000
1776212954.147,254.147,0.96,67.7,0.95,54.7,0.97,60.02,0.98,10.0,0.03,60.02,0.02,10.0,0.04,67.7,0.05,54.7,0.01,0.01,616.857,1776212953000
1776212954.373,254.373,0.96,67.7,0.95,54.7,0.98,10.0,0.99,5437.6,0.03,60.02,0.02,10.0,0.04,67.7,0.05,54.7,0.02,0.01,616.857,1776212953000
1776212956.465,256.465,0.96,67.7,0.95,54.7,0.98,10.0,0.99,5437.6,0.02,10.0,0.01,5437.6,0.04,67.7,0.05,54.7,0.02,0.02,616.858,1776212955000
1776212957.0,257.0,0.96,67.7,0.95,54.7,0.98,10.0,0.99,5437.6,0.02,10.0,0.01,5437.6,0.04,67.7,0.05,54.7,0.02,0.02,616.858,1776212956000
1776212958.18,258.18,0.96,67.7,0.95,54.7,0.98,10.0,0.99,5437.6,0.02,10.0,0.01,5437.6,0.04,67.7,0.05,54.7,0.02,0.02,616.926,1776212957000
1776212958.402,258.402,0.97,94.3,0.96,67.7,0.99,5437.6,,,0.02,10.0,0.01,5437.6,0.04,67.7,0.05,54.7,0.02,0.02,616.926,1776212957000
1776212959.322,259.322,0.97,94.3,0.96,67.7,0.99,5437.6,,,0.01,5437.6,,,0.03,94.3,0.04,67.7,0.02,0.02,616.902,1776212958000
1776212959.895,259.895,0.97,94.3,0.96,67.7,0.99,5437.6,,,0.01,5437.6,,,0.03,94.3,0.04,67.7,0.02,0.02,616.902,1776212959000
1776212961.064,261.064,0.97,94.3,0.96,67.7,0.99,5437.6,,,0.01,5437.6,,,0.03,94.3,0.04,67.7,0.02,0.02,616.904,1776212960000
1776212962.08,262.08,0.97,94.3,0.96,67.7,0.99,5437.6,,,0.01,5437.6,,,0.03,94.3,0.04,67.7,0.02,0.02,616.906,1776212961000
1776212963.062,263.062,0.97,94.3,0.96,67.7,0.99,5437.6,,,0.01,5437.6,,,0.03,94.3,0.04,67.7,0.02,0.02,616.905,1776212962000
1776212964.41,264.41,0.97,94.3,0.96,67.7,0.99,5437.6,,,0.01,5437.6,,,0.03,94.3,0.04,67.7,0.02,0.02,616.905,1776212963000
1776212965.069,265.069,0.97,94.3,0.96,67.7,0.99,5437.6,,,0.01,5437.6,,,0.03,94.3,0.04,67.7,0.02,0.02,616.933,1776212964000
1776212965.852,265.852,0.98,132.69,0.97,94.3,0.99,18.98,,,0.01,66.01,,,0.02,132.69,0.03,94.3,0.01,0.01,616.933,1776212964000
1776212966.588,266.588,0.98,132.69,0.97,94.3,0.99,18.98,,,0.01,18.98,,,0.02,132.69,0.03,94.3,0.01,0.01,616.949,1776212965000
1776212967.069,267.069,0.98,132.69,0.97,94.3,0.99,18.98,,,0.01,18.98,,,0.02,132.69,0.03,94.3,0.01,0.01,616.949,1776212966000
1776212968.605,268.605,0.98,132.69,0.97,94.3,0.99,18.98,,,0.01,18.98,,,0.02,132.69,0.03,94.3,0.01,0.01,616.948,1776212967000
1776212969.092,269.092,0.98,132.69,0.97,94.3,0.99,18.98,,,0.01,18.98,,,0.02,132.69,0.03,94.3,0.01,0.01,616.948,1776212968000
1776212970.533,270.533,0.98,132.69,0.97,94.3,0.99,18.98,,,0.01,18.98,,,0.02,132.69,0.03,94.3,0.01,0.01,616.927,1776212969000
1776212971.071,271.071,0.98,132.69,0.97,94.3,0.99,18.98,,,0.01,18.98,,,0.02,132.69,0.03,94.3,0.01,0.01,616.919774,1776212970000
1776212972.263,272.263,0.98,132.69,0.97,94.3,0.99,18.98,,,0.01,18.98,,,0.02,132.69,0.03,94.3,0.01,0.01,616.904,1776212971000
1776212973.114,273.114,0.98,132.69,0.97,94.3,0.99,18.98,,,0.01,18.98,,,0.02,132.69,0.03,94.3,0.01,0.01,616.904,1776212972000
1776212973.809,273.809,0.98,132.69,0.97,94.3,0.99,22.96,,,0.01,18.98,,,0.02,132.69,0.03,94.3,0.01,0.01,616.904,1776212972000
1776212974.252,274.252,0.98,132.69,0.97,94.3,0.99,22.96,,,0.01,22.96,,,0.02,132.69,0.03,94.3,0.01,0.01,616.9,1776212973000
1776212975.686,275.686,0.98,132.69,0.97,94.3,0.99,22.96,,,0.01,22.96,,,0.02,132.69,0.03,94.3,0.01,0.01,616.876,1776212974000
1776212976.263,276.263,0.98,132.69,0.97,94.3,0.99,22.96,,,0.01,22.96,,,0.02,132.69,0.03,94.3,0.01,0.01,616.876,1776212975000
1776212977.599,277.599,0.98,132.69,0.97,94.3,0.99,22.96,,,0.01,22.96,,,0.02,132.69,0.03,94.3,0.01,0.01,616.888,1776212976000
1776212978.157,278.157,0.98,132.69,0.97,94.3,0.99,22.96,,,0.01,22.96,,,0.02,132.69,0.03,94.3,0.01,0.01,616.888,1776212977000
1776212979.206,279.206,0.98,132.69,0.97,94.3,0.99,22.96,,,0.01,22.96,,,0.02,132.69,0.03,94.3,0.01,0.01,616.889,1776212978000
1776212980.228,280.228,0.98,132.69,0.97,94.3,0.99,22.96,,,0.01,22.96,,,0.02,132.69,0.03,94.3,0.01,0.01,616.891,1776212979000
1776212981.25,281.25,0.98,132.69,0.97,94.3,0.99,22.96,,,0.01,22.96,,,0.02,132.69,0.03,94.3,0.01,0.01,616.892,1776212980000
1776212982.313,282.313,0.98,132.69,0.97,94.3,0.99,22.96,,,0.01,22.96,,,0.02,132.69,0.03,94.3,0.01,0.01,616.857905,1776212981000
1776212982.834,282.834,0.98,132.69,0.97,94.3,0.99,22.96,,,0.01,22.96,,,0.02,132.69,0.03,94.3,0.01,0.01,616.856304,1776212982000
1776212983.976,283.976,0.98,132.69,0.97,94.3,0.99,22.96,,,0.01,22.96,,,0.02,132.69,0.03,94.3,0.01,0.01,616.831,1776212983000
1776212984.626,284.626,0.97,5.0,0.81,60.0,0.99,21.94,,,0.01,22.96,,,0.02,132.69,0.03,94.3,0.02,0.01,616.831,1776212983000
1776212984.827,284.827,0.99,978.06,0.97,5.0,,,,,0.01,21.94,,,0.03,5.0,0.19,60.0,,0.02,616.831,1776212983000
1776212985.92,285.92,0.99,978.06,0.97,5.0,,,,,,,,,0.01,978.06,0.03,5.0,,,616.88,1776212985000
1776212986.911,286.911,0.99,978.06,0.97,5.0,,,,,,,,,0.01,978.06,0.03,5.0,,,616.88,1776212986000
1776212987.897,287.897,0.99,978.06,0.97,5.0,,,,,,,,,0.01,978.06,0.03,5.0,,,616.89,1776212987000
1776212988.882,288.882,0.99,978.06,0.97,5.0,,,,,,,,,0.01,978.06,0.03,5.0,,,616.895,1776212988000
1776212990.319,290.319,0.99,978.06,0.97,5.0,,,,,,,,,0.01,978.06,0.03,5.0,,,616.869,1776212989000
1776212991.389,291.389,0.99,978.06,0.97,5.0,,,,,,,,,0.01,978.06,0.03,5.0,,,616.879,1776212990000
1776212991.851,291.851,0.99,978.06,0.97,5.0,,,,,,,,,0.01,978.06,0.03,5.0,,,616.879,1776212991000
1776212993.136,293.136,0.99,978.06,0.97,5.0,,,,,,,,,0.01,978.06,0.03,5.0,,,616.881,1776212992000
1776212993.943,293.943,0.99,978.06,0.97,5.0,,,,,,,,,0.01,978.06,0.03,5.0,,,616.878,1776212993000
1776212994.943,294.943,0.99,978.06,0.97,5.0,,,,,,,,,0.01,978.06,0.03,5.0,,,616.882,1776212994000
1776212995.916,295.916,0.99,978.06,0.97,5.0,,,,,,,,,0.01,978.06,0.03,5.0,,,616.883,1776212995000
1776212996.891,296.891,0.99,978.06,0.97,5.0,,,,,,,,,0.01,978.06,0.03,5.0,,,616.883,1776212996000
1776212997.842,297.842,0.99,978.06,0.97,5.0,,,,,,,,,0.01,978.06,0.03,5.0,,,616.886,1776212997000
1776212998.818,298.818,0.99,978.06,0.97,5.0,,,,,,,,,0.01,978.06,0.03,5.0,,,616.886,1776212998000
1776212999.885,299.885,0.99,978.06,0.97,5.0,,,,,,,,,0.01,978.06,0.03,5.0,,,616.95751,1776212999000
1776213000.944,300.944,0.99,978.06,0.97,5.0,,,,,,,,,0.01,978.06,0.03,5.0,,,617.059,1776213000000
1776213001.973,301.973,0.99,978.06,0.97,5.0,,,,,,,,,0.01,978.06,0.03,5.0,,,617.034,1776213001000

# RESULT,winner=Up,slug=bnb-updown-5m-1776212700,ticks=302
