timestamp,elapsed_sec,up_bid_p1,up_bid_s1,up_bid_p2,up_bid_s2,up_ask_p1,up_ask_s1,up_ask_p2,up_ask_s2,down_bid_p1,down_bid_s1,down_bid_p2,down_bid_s2,down_ask_p1,down_ask_s1,down_ask_p2,down_ask_s2,up_spread,down_spread,bnb_price,bnb_oracle_ts
1776224411.223,11.223,,,,,,,,,,,,,,,,,,,615.748962,1776224410000
1776224411.719,11.719,0.26,5.0,0.25,10.0,0.37,10.0,0.44,10.0,0.63,10.0,0.55,5.0,0.73,5.0,0.75,10.0,0.11,0.1,615.748962,1776224410000
1776224412.511,12.511,0.26,5.0,0.25,10.0,0.37,10.0,0.44,10.0,0.63,10.0,0.56,10.0,0.74,5.0,0.75,10.0,0.11,0.11,615.732281,1776224411000
1776224413.113,13.113,0.26,5.0,0.25,10.0,0.37,10.0,0.44,10.0,0.63,10.0,0.56,10.0,0.74,5.0,0.75,10.0,0.11,0.11,615.732281,1776224412000
1776224414.759,14.759,0.26,5.0,0.25,10.0,0.37,10.0,0.44,10.0,0.63,10.0,0.56,10.0,0.74,5.0,0.75,10.0,0.11,0.11,615.723668,1776224413000
1776224415.468,15.468,0.26,5.0,0.25,10.0,0.37,10.0,0.44,10.0,0.63,10.0,0.56,10.0,0.74,5.0,0.75,10.0,0.11,0.11,615.724831,1776224414000
1776224416.145,16.145,0.26,5.0,0.25,10.0,0.37,10.0,0.44,10.0,0.63,10.0,0.56,10.0,0.74,5.0,0.75,10.0,0.11,0.11,615.724831,1776224415000
1776224417.65,17.65,0.26,5.0,0.25,10.0,0.37,10.0,0.44,10.0,0.63,10.0,0.56,10.0,0.74,5.0,0.75,10.0,0.11,0.11,615.725019,1776224416000
1776224418.325,18.325,0.26,5.0,0.25,10.0,0.37,10.0,0.44,10.0,0.63,10.0,0.56,10.0,0.74,5.0,0.75,10.0,0.11,0.11,615.724747,1776224417000
1776224419.098,19.098,0.26,5.0,0.25,10.0,0.37,10.0,0.44,10.0,0.63,10.0,0.56,10.0,0.74,5.0,0.75,10.0,0.11,0.11,615.732572,1776224418000
1776224420.003,20.003,0.26,5.0,0.25,10.0,0.37,10.0,0.44,10.0,0.63,10.0,0.56,10.0,0.74,5.0,0.75,10.0,0.11,0.11,615.730434,1776224419000
1776224421.055,21.055,0.26,5.0,0.25,10.0,0.37,10.0,0.44,10.0,0.63,10.0,0.56,10.0,0.74,5.0,0.75,10.0,0.11,0.11,615.735716,1776224420000
1776224422.012,22.012,0.26,5.0,0.25,10.0,0.37,10.0,0.44,10.0,0.63,10.0,0.56,10.0,0.74,5.0,0.75,10.0,0.11,0.11,615.732378,1776224421000
1776224423.113,23.113,0.26,5.0,0.25,5.0,0.37,7.0,0.4,10.0,0.63,7.0,0.6,10.0,0.74,5.0,0.75,5.0,0.11,0.11,615.750111,1776224422000
1776224424.2,24.2,0.26,5.0,0.25,5.0,0.37,7.0,0.4,10.0,0.63,7.0,0.6,10.0,0.74,5.0,0.75,5.0,0.11,0.11,615.752137,1776224423000
1776224425.21,25.21,0.26,5.0,0.25,5.0,0.37,7.0,0.4,10.0,0.63,7.0,0.6,10.0,0.74,5.0,0.75,5.0,0.11,0.11,615.753977,1776224424000
1776224426.249,26.249,0.26,5.0,0.25,5.0,0.37,7.0,0.4,10.0,0.63,7.0,0.6,10.0,0.74,5.0,0.75,5.0,0.11,0.11,615.757071,1776224425000
1776224427.267,27.267,0.26,5.0,0.25,5.0,0.37,7.0,0.4,10.0,0.63,7.0,0.6,10.0,0.74,5.0,0.75,5.0,0.11,0.11,615.753215,1776224426000
1776224428.204,28.204,0.26,5.0,0.25,5.0,0.37,7.0,0.4,10.0,0.63,7.0,0.6,10.0,0.74,5.0,0.75,5.0,0.11,0.11,615.752769,1776224427000
1776224429.254,29.254,0.26,5.0,0.25,5.0,0.37,7.0,0.4,10.0,0.63,7.0,0.6,10.0,0.74,5.0,0.75,5.0,0.11,0.11,615.764451,1776224428000
1776224430.185,30.185,0.26,5.0,0.25,5.0,0.37,7.0,0.4,10.0,0.63,7.0,0.6,10.0,0.74,5.0,0.75,5.0,0.11,0.11,615.76754,1776224429000
1776224431.188,31.188,0.26,5.0,0.25,5.0,0.37,7.0,0.4,10.0,0.63,7.0,0.6,10.0,0.74,5.0,0.75,5.0,0.11,0.11,615.762184,1776224430000
1776224432.176,32.176,0.26,5.0,0.25,5.0,0.37,7.0,0.4,10.0,0.63,7.0,0.6,10.0,0.74,5.0,0.75,5.0,0.11,0.11,615.759815,1776224431000
1776224433.224,33.224,0.26,5.0,0.25,5.0,0.37,7.0,0.4,10.0,0.63,7.0,0.6,10.0,0.74,5.0,0.75,5.0,0.11,0.11,615.782437,1776224432000
1776224434.26,34.26,0.26,5.0,0.25,5.0,0.37,7.0,0.4,10.0,0.63,7.0,0.6,10.0,0.74,5.0,0.75,5.0,0.11,0.11,615.763611,1776224433000
1776224435.339,35.339,0.26,5.0,0.25,5.0,0.37,7.0,0.4,10.0,0.63,7.0,0.6,10.0,0.74,5.0,0.75,5.0,0.11,0.11,615.760863,1776224434000
1776224435.939,35.939,0.26,5.0,0.25,5.0,0.37,7.0,0.4,10.0,0.63,7.0,0.6,10.0,0.74,5.0,0.75,5.0,0.11,0.11,615.764989,1776224435000
1776224436.984,36.984,0.26,5.0,0.25,5.0,0.37,7.0,0.4,10.0,0.63,7.0,0.6,10.0,0.74,5.0,0.75,5.0,0.11,0.11,615.766586,1776224436000
1776224438.048,38.048,0.26,5.0,0.25,5.0,0.37,7.0,0.4,10.0,0.63,7.0,0.6,10.0,0.74,5.0,0.75,5.0,0.11,0.11,615.771414,1776224437000
1776224439.1,39.1,0.26,5.0,0.25,5.0,0.37,7.0,0.4,10.0,0.63,7.0,0.6,10.0,0.74,5.0,0.75,5.0,0.11,0.11,615.788752,1776224438000
1776224440.161,40.161,0.26,5.0,0.25,5.0,0.37,7.0,0.4,10.0,0.63,7.0,0.6,10.0,0.74,5.0,0.75,5.0,0.11,0.11,615.791284,1776224439000
1776224441.13,41.13,0.26,5.0,0.25,5.0,0.37,7.0,0.4,10.0,0.63,7.0,0.6,10.0,0.74,5.0,0.75,5.0,0.11,0.11,615.79708,1776224440000
1776224442.21,42.21,0.26,5.0,0.25,5.0,0.37,7.0,0.4,10.0,0.63,7.0,0.6,10.0,0.74,5.0,0.75,5.0,0.11,0.11,615.80543,1776224441000
1776224443.37,43.37,0.26,5.0,0.25,5.0,0.37,7.0,0.4,10.0,0.63,7.0,0.6,10.0,0.74,5.0,0.75,5.0,0.11,0.11,615.801847,1776224442000
1776224444.304,44.304,0.26,5.0,0.25,5.0,0.37,7.0,0.4,10.0,0.63,7.0,0.6,10.0,0.74,5.0,0.75,5.0,0.11,0.11,615.786998,1776224443000
1776224445.318,45.318,0.26,5.0,0.25,5.0,0.37,7.0,0.4,10.0,0.63,7.0,0.6,10.0,0.74,5.0,0.75,5.0,0.11,0.11,615.781511,1776224444000
1776224445.867,45.867,0.26,5.0,0.25,5.0,0.37,7.0,0.4,10.0,0.63,7.0,0.6,10.0,0.74,5.0,0.75,5.0,0.11,0.11,615.778354,1776224445000
1776224447.453,47.453,0.26,5.0,0.25,5.0,0.37,7.0,0.4,10.0,0.63,7.0,0.6,10.0,0.74,5.0,0.75,5.0,0.11,0.11,615.797759,1776224446000
1776224448.057,48.057,0.26,5.0,0.25,5.0,0.37,7.0,0.4,10.0,0.63,7.0,0.6,10.0,0.74,5.0,0.75,5.0,0.11,0.11,615.797572,1776224447000
1776224449.04,49.04,0.26,5.0,0.25,5.0,0.37,7.0,0.4,10.0,0.63,7.0,0.6,10.0,0.74,5.0,0.75,5.0,0.11,0.11,615.79233,1776224448000
1776224450.063,50.063,0.26,5.0,0.25,5.0,0.37,7.0,0.4,10.0,0.63,7.0,0.6,10.0,0.74,5.0,0.75,5.0,0.11,0.11,615.779506,1776224449000
1776224451.093,51.093,0.26,5.0,0.25,5.0,0.37,7.0,0.4,10.0,0.63,7.0,0.6,10.0,0.74,5.0,0.75,5.0,0.11,0.11,615.783309,1776224450000
1776224452.302,52.302,0.26,5.0,0.25,5.0,0.37,7.0,0.4,10.0,0.63,7.0,0.6,10.0,0.74,5.0,0.75,5.0,0.11,0.11,615.77578,1776224451000
1776224453.415,53.415,0.26,5.0,0.25,5.0,0.37,7.0,0.4,10.0,0.63,7.0,0.6,10.0,0.74,5.0,0.75,5.0,0.11,0.11,615.774738,1776224452000
1776224453.927,53.927,0.26,5.0,0.25,5.0,0.37,7.0,0.4,10.0,0.63,7.0,0.6,10.0,0.74,5.0,0.75,5.0,0.11,0.11,615.776177,1776224453000
1776224455.04,55.04,0.26,5.0,0.25,5.0,0.37,7.0,0.4,10.0,0.63,7.0,0.6,10.0,0.74,5.0,0.75,5.0,0.11,0.11,615.777033,1776224454000
1776224455.978,55.978,0.26,5.0,0.25,5.0,0.37,7.0,0.4,10.0,0.63,7.0,0.6,10.0,0.74,5.0,0.75,5.0,0.11,0.11,615.787565,1776224455000
1776224457.05,57.05,0.26,5.0,0.25,5.0,0.37,7.0,0.4,10.0,0.63,7.0,0.6,10.0,0.74,5.0,0.75,5.0,0.11,0.11,615.79193,1776224456000
1776224458.174,58.174,0.26,5.0,0.25,5.0,0.37,7.0,0.4,10.0,0.63,7.0,0.6,10.0,0.74,5.0,0.75,5.0,0.11,0.11,615.761471,1776224457000
1776224459.257,59.257,0.26,5.0,0.25,5.0,0.37,7.0,0.4,10.0,0.63,7.0,0.6,10.0,0.74,5.0,0.75,5.0,0.11,0.11,615.733377,1776224458000
1776224460.731,60.731,0.26,5.0,0.25,5.0,0.37,7.0,0.4,10.0,0.63,7.0,0.6,10.0,0.74,5.0,0.75,5.0,0.11,0.11,615.729045,1776224459000
1776224461.202,61.202,0.26,5.0,0.25,5.0,0.37,7.0,0.4,10.0,0.63,7.0,0.6,10.0,0.74,5.0,0.75,5.0,0.11,0.11,615.738719,1776224460000
1776224462.262,62.262,0.26,5.0,0.25,5.0,0.37,7.0,0.4,10.0,0.63,7.0,0.6,10.0,0.74,5.0,0.75,5.0,0.11,0.11,615.755777,1776224461000
1776224463.314,63.314,0.26,5.0,0.25,5.0,0.37,7.0,0.4,10.0,0.63,7.0,0.6,10.0,0.74,5.0,0.75,5.0,0.11,0.11,615.753224,1776224462000
1776224464.347,64.347,0.26,5.0,0.25,5.0,0.37,7.0,0.4,10.0,0.63,7.0,0.6,10.0,0.74,5.0,0.75,5.0,0.11,0.11,615.727985,1776224463000
1776224465.463,65.463,0.26,5.0,0.25,5.0,0.37,7.0,0.4,10.0,0.63,7.0,0.6,10.0,0.74,5.0,0.75,5.0,0.11,0.11,615.704605,1776224464000
1776224465.93,65.93,0.18,5.0,0.15,25.39,0.28,5.0,0.29,5.0,0.72,5.0,0.71,5.0,0.82,5.0,0.85,25.39,0.1,0.1,615.71001,1776224465000
1776224467.025,67.025,0.18,5.0,0.15,25.39,0.28,5.0,0.29,5.0,0.72,5.0,0.71,5.0,0.82,5.0,0.85,25.39,0.1,0.1,615.649034,1776224466000
1776224468.183,68.183,0.18,5.0,0.15,25.39,0.28,5.0,0.29,5.0,0.72,5.0,0.71,5.0,0.82,5.0,0.85,25.39,0.1,0.1,615.651451,1776224467000
1776224469.827,69.827,0.18,5.0,0.15,25.39,0.28,5.0,0.29,5.0,0.72,5.0,0.71,5.0,0.82,5.0,0.85,25.39,0.1,0.1,615.675404,1776224468000
1776224470.506,70.506,0.18,5.0,0.15,25.39,0.28,5.0,0.29,5.0,0.72,5.0,0.71,5.0,0.82,5.0,0.85,25.39,0.1,0.1,615.578835,1776224469000
1776224471.093,71.093,0.18,5.0,0.15,25.39,0.28,5.0,0.29,5.0,0.72,5.0,0.71,5.0,0.82,5.0,0.85,25.39,0.1,0.1,615.48692,1776224470000
1776224472.088,72.088,0.18,5.0,0.15,25.39,0.28,5.0,0.29,5.0,0.72,5.0,0.71,5.0,0.82,5.0,0.85,25.39,0.1,0.1,615.480792,1776224471000
1776224472.295,72.295,0.11,36.0,0.08,35.29,0.16,10.0,0.19,10.0,0.72,5.0,0.71,5.0,0.82,5.0,0.85,25.39,0.05,0.1,615.480792,1776224471000
1776224472.837,72.837,0.11,36.0,0.08,35.29,0.19,4.58,0.21,17.3,0.84,10.0,0.81,10.0,0.89,36.0,0.92,35.29,0.08,0.05,615.480792,1776224471000
1776224473.247,73.247,0.11,36.0,0.08,35.29,0.19,4.58,0.21,17.3,0.81,4.58,0.79,17.3,0.89,36.0,0.92,35.29,0.08,0.08,615.48355,1776224472000
1776224473.603,73.603,0.11,31.0,0.08,40.29,0.16,5.0,0.17,5.0,0.81,4.58,0.79,17.3,0.89,36.0,0.92,35.29,0.05,0.08,615.48355,1776224472000
1776224474.343,74.343,0.11,31.0,0.08,40.29,0.16,5.0,0.17,5.0,0.84,5.0,0.83,5.0,0.89,31.0,0.92,40.29,0.05,0.05,615.48729,1776224473000
1776224475.519,75.519,0.11,31.0,0.08,40.29,0.16,5.0,0.17,5.0,0.84,5.0,0.83,5.0,0.89,31.0,0.92,40.29,0.05,0.05,615.499598,1776224474000
1776224475.841,75.841,0.11,8.53,0.08,40.29,0.16,5.0,0.17,5.0,0.84,5.0,0.83,5.0,0.89,31.0,0.92,40.29,0.05,0.05,615.499598,1776224474000
1776224476.082,76.082,0.11,8.53,0.08,40.29,0.16,5.0,0.17,5.0,0.84,5.0,0.83,5.0,0.89,8.53,0.92,40.29,0.05,0.05,615.512114,1776224475000
1776224476.393,76.393,0.11,7.3,0.08,40.29,0.16,5.0,0.17,5.0,0.84,5.0,0.83,5.0,0.89,8.53,0.92,40.29,0.05,0.05,615.512114,1776224475000
1776224477.209,77.209,0.11,7.3,0.08,40.29,0.16,5.0,0.17,5.0,0.84,5.0,0.83,5.0,0.89,7.3,0.92,40.29,0.05,0.05,615.513352,1776224476000
1776224478.438,78.438,0.11,7.3,0.08,40.29,0.16,5.0,0.17,5.0,0.84,5.0,0.83,5.0,0.89,7.3,0.92,40.29,0.05,0.05,615.511914,1776224477000
1776224478.941,78.941,0.11,7.3,0.08,40.29,0.16,5.0,0.17,5.0,0.84,5.0,0.83,5.0,0.89,7.3,0.92,40.29,0.05,0.05,615.52292,1776224478000
1776224480.05,80.05,0.11,7.3,0.08,40.29,0.16,5.0,0.17,5.0,0.84,5.0,0.83,5.0,0.89,7.3,0.92,40.29,0.05,0.05,615.499103,1776224479000
1776224481.194,81.194,0.11,7.3,0.08,40.29,0.16,5.0,0.17,5.0,0.84,5.0,0.83,5.0,0.89,7.3,0.92,40.29,0.05,0.05,615.499113,1776224480000
1776224482.311,82.311,0.11,7.3,0.08,40.29,0.16,5.0,0.17,5.0,0.84,5.0,0.83,5.0,0.89,7.3,0.92,40.29,0.05,0.05,615.5013,1776224481000
1776224482.854,82.854,0.11,7.3,0.08,40.29,0.16,5.0,0.17,5.0,0.84,5.0,0.83,5.0,0.89,7.3,0.92,40.29,0.05,0.05,615.501504,1776224482000
1776224484.019,84.019,0.11,7.3,0.08,40.29,0.16,5.0,0.17,5.0,0.84,5.0,0.83,5.0,0.89,7.3,0.92,40.29,0.05,0.05,615.518985,1776224483000
1776224485.203,85.203,0.11,7.3,0.08,40.29,0.16,5.0,0.17,5.0,0.84,5.0,0.83,5.0,0.89,7.3,0.92,40.29,0.05,0.05,615.512029,1776224484000
1776224486.207,86.207,0.11,7.3,0.08,40.29,0.16,5.0,0.17,5.0,0.84,5.0,0.83,5.0,0.89,7.3,0.92,40.29,0.05,0.05,615.512029,1776224485000
1776224487.313,87.313,0.11,2.3,0.07,44.9,0.14,21.6,0.15,25.39,0.86,21.6,0.85,25.39,0.89,2.3,0.93,44.9,0.03,0.03,615.49418,1776224486000
1776224487.854,87.854,0.11,2.3,0.07,44.9,0.14,21.6,0.15,25.39,0.86,21.6,0.85,25.39,0.89,2.3,0.93,44.9,0.03,0.03,615.49418,1776224487000
1776224488.164,88.164,0.11,2.3,0.07,44.9,0.13,17.98,0.14,21.6,0.86,21.6,0.85,25.39,0.89,2.3,0.93,44.9,0.02,0.03,615.49418,1776224487000
1776224488.885,88.885,0.11,2.3,0.07,44.9,0.13,17.98,0.14,21.6,0.87,17.98,0.86,21.6,0.89,2.3,0.93,44.9,0.02,0.02,615.528103,1776224488000
1776224489.582,89.582,0.11,2.3,0.07,5.0,0.13,12.75,0.14,21.6,0.87,17.98,0.86,21.6,0.89,2.3,0.93,44.9,0.02,0.02,615.528103,1776224488000
1776224489.993,89.993,0.11,2.3,0.07,5.0,0.13,12.75,0.14,21.6,0.87,12.75,0.86,21.6,0.89,2.3,0.93,5.0,0.02,0.02,615.532201,1776224489000
1776224491.097,91.097,0.11,2.3,0.07,5.0,0.13,12.75,0.14,21.6,0.87,12.75,0.86,21.6,0.89,2.3,0.93,5.0,0.02,0.02,615.517306,1776224490000
1776224492.214,92.214,0.11,2.3,0.07,5.0,0.13,12.75,0.14,21.6,0.87,12.75,0.86,21.6,0.89,2.3,0.93,5.0,0.02,0.02,615.503125,1776224491000
1776224492.525,92.525,0.11,2.3,0.07,5.0,0.12,16.76,0.13,12.75,0.87,12.75,0.86,21.6,0.89,2.3,0.93,5.0,0.01,0.02,615.503125,1776224491000
1776224493.449,93.449,0.11,2.3,0.07,5.0,0.12,8.2,0.13,12.75,0.88,8.2,0.87,12.75,0.89,2.3,0.93,5.0,0.01,0.01,615.513194,1776224492000
1776224494.153,94.153,0.11,2.3,0.07,5.0,0.12,8.2,0.13,12.75,0.88,8.2,0.87,12.75,0.89,2.3,0.93,5.0,0.01,0.01,615.52023,1776224493000
1776224495.139,95.139,0.11,2.3,0.07,5.0,0.12,8.2,0.13,12.75,0.88,8.2,0.87,12.75,0.89,2.3,0.93,5.0,0.01,0.01,615.557859,1776224494000
1776224496.581,96.581,0.11,2.3,0.07,5.0,0.12,8.2,0.13,12.75,0.88,8.2,0.87,12.75,0.89,2.3,0.93,5.0,0.01,0.01,615.554153,1776224495000
1776224497.139,97.139,0.11,2.3,0.07,5.0,0.12,8.2,0.13,12.75,0.88,8.2,0.87,12.75,0.89,2.3,0.93,5.0,0.01,0.01,615.55669,1776224496000
1776224498.409,98.409,0.11,2.3,0.07,5.0,0.12,8.2,0.13,12.75,0.88,8.2,0.87,12.75,0.89,2.3,0.93,5.0,0.01,0.01,615.543961,1776224497000
1776224498.919,98.919,0.11,2.3,0.07,5.0,0.12,8.2,0.13,12.75,0.88,8.2,0.87,12.75,0.89,2.3,0.93,5.0,0.01,0.01,615.543469,1776224498000
1776224499.137,99.137,0.07,5.0,0.06,46.1,0.12,8.2,0.13,12.75,0.88,8.2,0.87,12.75,0.89,2.3,0.93,5.0,0.05,0.01,615.543469,1776224498000
1776224500.128,100.128,0.07,5.0,0.06,46.1,0.12,8.2,0.13,12.75,0.88,8.2,0.87,12.75,0.93,5.0,0.94,46.1,0.05,0.05,615.542845,1776224499000
1776224501.2,101.2,0.07,5.0,0.06,46.1,0.12,8.2,0.13,12.75,0.88,8.2,0.87,12.75,0.93,5.0,0.94,46.1,0.05,0.05,615.529496,1776224500000
1776224502.389,102.389,0.07,5.0,0.06,46.1,0.12,8.2,0.13,12.75,0.88,8.2,0.87,12.75,0.93,5.0,0.94,46.1,0.05,0.05,615.529997,1776224501000
1776224502.985,102.985,0.07,5.0,0.06,46.1,0.12,8.2,0.13,12.75,0.88,8.2,0.87,12.75,0.93,5.0,0.94,46.1,0.05,0.05,615.530584,1776224502000
1776224504.117,104.117,0.07,5.0,0.06,46.1,0.12,8.2,0.13,12.75,0.88,8.2,0.87,12.75,0.93,5.0,0.94,46.1,0.05,0.05,615.506856,1776224503000
1776224505.195,105.195,0.07,5.0,0.06,46.1,0.12,8.2,0.13,12.75,0.88,8.2,0.87,12.75,0.93,5.0,0.94,46.1,0.05,0.05,615.491035,1776224504000
1776224506.273,106.273,0.07,5.0,0.06,46.1,0.12,8.2,0.13,12.75,0.88,8.2,0.87,12.75,0.93,5.0,0.94,46.1,0.05,0.05,615.480015,1776224505000
1776224507.359,107.359,0.07,5.0,0.06,46.1,0.12,8.2,0.13,12.75,0.88,8.2,0.87,12.75,0.93,5.0,0.94,46.1,0.05,0.05,615.487968,1776224506000
1776224508.33,108.33,0.07,5.0,0.06,46.1,0.12,8.2,0.13,12.75,0.88,8.2,0.87,12.75,0.93,5.0,0.94,46.1,0.05,0.05,615.482769,1776224507000
1776224509.379,109.379,0.07,5.0,0.06,46.1,0.12,8.2,0.13,12.75,0.88,8.2,0.87,12.75,0.93,5.0,0.94,46.1,0.05,0.05,615.483548,1776224508000
1776224510.377,110.377,0.07,5.0,0.06,46.1,0.12,8.2,0.13,12.75,0.88,8.2,0.87,12.75,0.93,5.0,0.94,46.1,0.05,0.05,615.510353,1776224509000
1776224510.901,110.901,0.07,5.0,0.06,46.1,0.12,8.2,0.13,12.75,0.88,8.2,0.87,12.75,0.93,5.0,0.94,46.1,0.05,0.05,615.510321,1776224510000
1776224511.946,111.946,0.07,5.0,0.06,46.1,0.12,8.2,0.13,12.75,0.88,8.2,0.87,12.75,0.93,5.0,0.94,46.1,0.05,0.05,615.521659,1776224511000
1776224513.083,113.083,0.07,5.0,0.06,46.1,0.12,8.2,0.13,12.75,0.88,8.2,0.87,12.75,0.93,5.0,0.94,46.1,0.05,0.05,615.51663,1776224512000
1776224514.088,114.088,0.07,5.0,0.06,46.1,0.12,8.2,0.13,12.75,0.88,8.2,0.87,12.75,0.93,5.0,0.94,46.1,0.05,0.05,615.51663,1776224513000
1776224515.183,115.183,0.07,5.0,0.06,46.1,0.12,8.2,0.13,12.75,0.88,8.2,0.87,12.75,0.93,5.0,0.94,46.1,0.05,0.05,615.48642,1776224514000
1776224516.211,116.211,0.07,5.0,0.06,46.1,0.12,8.2,0.13,12.75,0.88,8.2,0.87,12.75,0.93,5.0,0.94,46.1,0.05,0.05,615.486433,1776224515000
1776224517.131,117.131,0.07,5.0,0.06,46.1,0.12,8.2,0.13,12.75,0.88,8.2,0.87,12.75,0.93,5.0,0.94,46.1,0.05,0.05,615.472978,1776224516000
1776224518.704,118.704,0.07,5.0,0.06,46.1,0.12,8.2,0.13,12.75,0.88,8.2,0.87,12.75,0.93,5.0,0.94,46.1,0.05,0.05,615.484373,1776224517000
1776224519.268,119.268,0.07,5.0,0.06,46.1,0.12,8.2,0.13,12.75,0.88,8.2,0.87,12.75,0.93,5.0,0.94,46.1,0.05,0.05,615.477217,1776224518000
1776224520.37,120.37,0.07,5.0,0.06,46.1,0.12,8.2,0.13,12.75,0.88,8.2,0.87,12.75,0.93,5.0,0.94,46.1,0.05,0.05,615.478838,1776224519000
1776224520.926,120.926,0.07,5.0,0.06,46.1,0.12,8.2,0.13,12.75,0.88,8.2,0.87,12.75,0.93,5.0,0.94,46.1,0.05,0.05,615.448026,1776224520000
1776224522.054,122.054,0.07,5.0,0.06,46.1,0.12,8.2,0.13,12.75,0.88,8.2,0.87,12.75,0.93,5.0,0.94,46.1,0.05,0.05,615.459192,1776224521000
1776224523.097,123.097,0.07,5.0,0.06,46.1,0.12,8.2,0.13,12.75,0.88,8.2,0.87,12.75,0.93,5.0,0.94,46.1,0.05,0.05,615.459512,1776224522000
1776224524.263,124.263,0.07,5.0,0.06,46.1,0.12,8.2,0.13,12.75,0.88,8.2,0.87,12.75,0.93,5.0,0.94,46.1,0.05,0.05,615.456341,1776224523000
1776224525.249,125.249,0.07,5.0,0.06,46.1,0.12,8.2,0.13,12.75,0.88,8.2,0.87,12.75,0.93,5.0,0.94,46.1,0.05,0.05,615.456947,1776224524000
1776224526.476,126.476,0.07,5.0,0.06,46.1,0.12,8.2,0.13,12.75,0.88,8.2,0.87,12.75,0.93,5.0,0.94,46.1,0.05,0.05,615.467375,1776224525000
1776224526.934,126.934,0.07,5.0,0.06,46.1,0.12,8.2,0.13,12.75,0.88,8.2,0.87,12.75,0.93,5.0,0.94,46.1,0.05,0.05,615.465604,1776224526000
1776224528.029,128.029,0.07,5.0,0.06,46.1,0.12,8.2,0.13,12.75,0.88,8.2,0.87,12.75,0.93,5.0,0.94,46.1,0.05,0.05,615.45885,1776224527000
1776224529.201,129.201,0.07,5.0,0.06,46.1,0.12,8.2,0.13,12.75,0.88,8.2,0.87,12.75,0.93,5.0,0.94,46.1,0.05,0.05,615.459078,1776224528000
1776224530.351,130.351,0.07,5.0,0.06,46.1,0.12,8.2,0.13,12.75,0.88,8.2,0.87,12.75,0.93,5.0,0.94,46.1,0.05,0.05,615.459073,1776224529000
1776224530.926,130.926,0.07,5.0,0.06,46.1,0.12,8.2,0.13,12.75,0.88,8.2,0.87,12.75,0.93,5.0,0.94,46.1,0.05,0.05,615.45965,1776224530000
1776224532.042,132.042,0.07,5.0,0.06,46.1,0.12,8.2,0.13,12.75,0.88,8.2,0.87,12.75,0.93,5.0,0.94,46.1,0.05,0.05,615.4669,1776224531000
1776224533.238,133.238,0.07,5.0,0.06,46.1,0.12,8.2,0.13,12.75,0.88,8.2,0.87,12.75,0.93,5.0,0.94,46.1,0.05,0.05,615.461133,1776224532000
1776224534.482,134.482,0.07,5.0,0.06,46.1,0.12,8.2,0.13,12.75,0.88,8.2,0.87,12.75,0.93,5.0,0.94,46.1,0.05,0.05,615.48123,1776224533000
1776224535.062,135.062,0.07,5.0,0.06,46.1,0.12,8.2,0.13,12.75,0.88,8.2,0.87,12.75,0.93,5.0,0.94,46.1,0.05,0.05,615.466012,1776224534000
1776224536.313,136.313,0.07,5.0,0.06,46.1,0.12,8.2,0.13,12.75,0.88,8.2,0.87,12.75,0.93,5.0,0.94,46.1,0.05,0.05,615.465793,1776224535000
1776224537.007,137.007,0.07,5.0,0.06,46.1,0.12,8.2,0.13,12.75,0.88,8.2,0.87,12.75,0.93,5.0,0.94,46.1,0.05,0.05,615.466307,1776224536000
1776224538.323,138.323,0.07,5.0,0.06,46.1,0.12,8.2,0.13,12.75,0.88,8.2,0.87,12.75,0.93,5.0,0.94,46.1,0.05,0.05,615.461033,1776224537000
1776224538.907,138.907,0.02,160.69,0.01,6080.6,0.05,54.7,0.06,46.1,0.95,54.7,0.94,46.1,0.98,160.69,0.99,6080.6,0.03,0.03,615.439367,1776224538000
1776224539.676,139.676,0.02,140.69,0.01,6075.6,0.05,54.7,0.06,46.1,0.95,54.7,0.94,46.1,0.98,160.69,0.99,6080.6,0.03,0.03,615.439367,1776224538000
1776224540.025,140.025,0.02,130.48,0.01,6075.6,0.05,54.7,0.06,46.1,0.95,54.7,0.94,46.1,0.98,140.69,0.99,6075.6,0.03,0.03,615.439367,1776224538000
1776224540.358,140.358,0.02,130.48,0.01,6075.6,0.05,54.7,0.06,46.1,0.95,54.7,0.94,46.1,0.98,130.48,0.99,6075.6,0.03,0.03,615.457194,1776224539000
1776224541.509,141.509,0.02,130.48,0.01,6075.6,0.05,54.7,0.06,46.1,0.95,54.7,0.94,46.1,0.98,130.48,0.99,6075.6,0.03,0.03,615.457408,1776224540000
1776224542.077,142.077,0.02,130.48,0.01,6075.6,0.05,54.7,0.06,46.1,0.95,54.7,0.94,46.1,0.98,130.48,0.99,6075.6,0.03,0.03,615.457408,1776224541000
1776224543.387,143.387,0.02,130.48,0.01,6075.6,0.05,54.7,0.06,46.1,0.95,54.7,0.94,46.1,0.98,130.48,0.99,6075.6,0.03,0.03,615.448831,1776224542000
1776224544.079,144.079,0.02,130.48,0.01,6075.6,0.05,54.7,0.06,46.1,0.95,54.7,0.94,46.1,0.98,130.48,0.99,6075.6,0.03,0.03,615.436861,1776224543000
1776224545.317,145.317,0.02,130.48,0.01,6075.6,0.05,54.7,0.06,46.1,0.95,54.7,0.94,46.1,0.98,130.48,0.99,6075.6,0.03,0.03,615.43575,1776224544000
1776224546.672,146.672,0.02,130.48,0.01,6075.6,0.05,54.7,0.06,46.1,0.95,54.7,0.94,46.1,0.98,130.48,0.99,6075.6,0.03,0.03,615.43792,1776224545000
1776224547.213,147.213,0.02,130.48,0.01,6075.6,0.05,54.7,0.06,46.1,0.95,54.7,0.94,46.1,0.98,130.48,0.99,6075.6,0.03,0.03,615.43718,1776224546000
1776224548.393,148.393,0.02,130.48,0.01,6075.6,0.05,54.7,0.06,46.1,0.95,54.7,0.94,46.1,0.98,130.48,0.99,6075.6,0.03,0.03,615.44153,1776224547000
1776224549.559,149.559,0.02,130.48,0.01,6075.6,0.05,54.7,0.06,46.1,0.95,54.7,0.94,46.1,0.98,130.48,0.99,6075.6,0.03,0.03,615.43783,1776224548000
1776224550.08,150.08,0.02,130.48,0.01,6075.6,0.05,54.7,0.06,46.1,0.95,54.7,0.94,46.1,0.98,130.48,0.99,6075.6,0.03,0.03,615.43837,1776224549000
1776224551.14,151.14,0.02,130.48,0.01,6075.6,0.05,54.7,0.06,46.1,0.95,54.7,0.94,46.1,0.98,130.48,0.99,6075.6,0.03,0.03,615.4468,1776224550000
1776224552.515,152.515,0.02,130.48,0.01,6075.6,0.05,54.7,0.06,46.1,0.95,54.7,0.94,46.1,0.98,130.48,0.99,6075.6,0.03,0.03,615.4498,1776224551000
1776224553.121,153.121,0.02,130.48,0.01,6075.6,0.05,54.7,0.06,46.1,0.95,54.7,0.94,46.1,0.98,130.48,0.99,6075.6,0.03,0.03,615.446356,1776224552000
1776224554.214,154.214,0.02,130.48,0.01,6075.6,0.05,54.7,0.06,46.1,0.95,54.7,0.94,46.1,0.98,130.48,0.99,6075.6,0.03,0.03,615.44876,1776224553000
1776224556.028,156.028,0.02,130.48,0.01,6075.6,0.05,54.7,0.06,46.1,0.95,54.7,0.94,46.1,0.98,130.48,0.99,6075.6,0.03,0.03,615.448711,1776224555000
1776224557.445,157.445,0.02,130.48,0.01,6075.6,0.05,54.7,0.06,46.1,0.95,54.7,0.94,46.1,0.98,130.48,0.99,6075.6,0.03,0.03,615.448241,1776224556000
1776224558.127,158.127,0.02,130.48,0.01,6075.6,0.05,54.7,0.06,46.1,0.95,54.7,0.94,46.1,0.98,130.48,0.99,6075.6,0.03,0.03,615.444772,1776224557000
1776224558.822,158.822,0.02,119.35,0.01,5727.6,0.04,67.7,0.05,54.7,0.95,54.7,0.94,46.1,0.98,130.48,0.99,6075.6,0.02,0.03,615.444772,1776224557000
1776224559.213,159.213,0.02,113.23,0.01,5727.6,0.04,67.7,0.05,54.7,0.96,67.7,0.95,54.7,0.98,119.35,0.99,5727.6,0.02,0.02,615.444772,1776224557000
1776224559.505,159.505,0.02,113.23,0.01,5727.6,0.04,67.7,0.05,54.7,0.96,67.7,0.95,54.7,0.98,113.23,0.99,5727.6,0.02,0.02,615.444551,1776224558000
1776224560.311,160.311,0.02,113.23,0.01,5727.6,0.04,67.7,0.05,54.7,0.96,67.7,0.95,54.7,0.98,113.23,0.99,5727.6,0.02,0.02,615.447064,1776224559000
1776224561.311,161.311,0.02,113.23,0.01,5727.6,0.04,67.7,0.05,54.7,0.96,67.7,0.95,54.7,0.98,113.23,0.99,5727.6,0.02,0.02,615.45148,1776224560000
1776224562.012,162.012,0.02,113.23,0.01,5727.6,0.04,67.7,0.05,54.7,0.96,67.7,0.95,54.7,0.98,113.23,0.99,5727.6,0.02,0.02,615.45129,1776224561000
1776224563.429,163.429,0.02,113.23,0.01,5727.6,0.04,67.7,0.05,54.7,0.96,67.7,0.95,54.7,0.98,113.23,0.99,5727.6,0.02,0.02,615.44997,1776224562000
1776224564.009,164.009,0.02,113.23,0.01,5727.6,0.04,67.7,0.05,54.7,0.96,67.7,0.95,54.7,0.98,113.23,0.99,5727.6,0.02,0.02,615.445375,1776224563000
1776224565.101,165.101,0.02,113.23,0.01,5727.6,0.04,67.7,0.05,54.7,0.96,67.7,0.95,54.7,0.98,113.23,0.99,5727.6,0.02,0.02,615.446031,1776224564000
1776224566.059,166.059,0.02,113.23,0.01,5727.6,0.04,67.7,0.05,54.7,0.96,67.7,0.95,54.7,0.98,113.23,0.99,5727.6,0.02,0.02,615.444589,1776224565000
1776224567.051,167.051,0.02,113.23,0.01,5727.6,0.04,67.7,0.05,54.7,0.96,67.7,0.95,54.7,0.98,113.23,0.99,5727.6,0.02,0.02,615.444497,1776224566000
1776224568.165,168.165,0.02,113.23,0.01,5727.6,0.04,67.7,0.05,54.7,0.96,67.7,0.95,54.7,0.98,113.23,0.99,5727.6,0.02,0.02,615.44525,1776224567000
1776224569.172,169.172,0.02,113.23,0.01,5727.6,0.04,67.7,0.05,54.7,0.96,67.7,0.95,54.7,0.98,113.23,0.99,5727.6,0.02,0.02,615.451657,1776224568000
1776224570.122,170.122,0.02,113.23,0.01,5727.6,0.04,67.7,0.05,54.7,0.96,67.7,0.95,54.7,0.98,113.23,0.99,5727.6,0.02,0.02,615.451884,1776224569000
1776224571.26,171.26,0.02,113.23,0.01,5727.6,0.04,67.7,0.05,54.7,0.96,67.7,0.95,54.7,0.98,113.23,0.99,5727.6,0.02,0.02,615.456958,1776224570000
1776224572.249,172.249,0.02,113.23,0.01,5727.6,0.04,67.7,0.05,54.7,0.96,67.7,0.95,54.7,0.98,113.23,0.99,5727.6,0.02,0.02,615.459107,1776224571000
1776224573.209,173.209,0.02,113.23,0.01,5727.6,0.04,67.7,0.05,54.7,0.96,67.7,0.95,54.7,0.98,113.23,0.99,5727.6,0.02,0.02,615.457896,1776224572000
1776224574.251,174.251,0.02,113.23,0.01,5727.6,0.04,67.7,0.05,54.7,0.96,67.7,0.95,54.7,0.98,113.23,0.99,5727.6,0.02,0.02,615.451578,1776224573000
1776224575.21,175.21,0.02,113.23,0.01,5727.6,0.04,67.7,0.05,54.7,0.96,67.7,0.95,54.7,0.98,113.23,0.99,5727.6,0.02,0.02,615.470925,1776224574000
1776224576.218,176.218,0.02,113.23,0.01,5727.6,0.04,67.7,0.05,54.7,0.96,67.7,0.95,54.7,0.98,113.23,0.99,5727.6,0.02,0.02,615.48315,1776224575000
1776224576.626,176.626,0.01,5722.6,,,0.04,59.67,0.05,54.7,0.96,67.7,0.95,54.7,0.98,113.23,0.99,5727.6,0.03,0.02,615.48315,1776224575000
1776224577.364,177.364,0.01,5722.6,,,0.04,59.67,0.05,54.7,0.96,59.67,0.95,54.7,0.99,5722.6,,,0.03,0.03,615.468622,1776224576000
1776224578.235,178.235,0.01,5722.6,,,0.04,59.67,0.05,54.7,0.96,59.67,0.95,54.7,0.99,5722.6,,,0.03,0.03,615.468622,1776224577000
1776224579.425,179.425,0.01,5722.6,,,0.04,59.67,0.05,54.7,0.96,59.67,0.95,54.7,0.99,5722.6,,,0.03,0.03,615.481,1776224578000
1776224580.015,180.015,0.01,5722.6,,,0.04,59.67,0.05,54.7,0.96,59.67,0.95,54.7,0.99,5722.6,,,0.03,0.03,615.481,1776224579000
1776224580.954,180.954,0.01,5722.6,,,0.04,59.67,0.05,54.7,0.96,59.67,0.95,54.7,0.99,5722.6,,,0.03,0.03,615.48265,1776224580000
1776224581.931,181.931,0.01,5722.6,,,0.04,59.67,0.05,54.7,0.96,59.67,0.95,54.7,0.99,5722.6,,,0.03,0.03,615.431032,1776224581000
1776224582.899,182.899,0.01,5722.6,,,0.04,59.67,0.05,54.7,0.96,59.67,0.95,54.7,0.99,5722.6,,,0.03,0.03,615.422438,1776224582000
1776224583.861,183.861,0.01,5722.6,,,0.04,59.67,0.05,54.7,0.96,59.67,0.95,54.7,0.99,5722.6,,,0.03,0.03,615.422434,1776224583000
1776224584.806,184.806,0.01,5722.6,,,0.04,59.67,0.05,54.7,0.96,59.67,0.95,54.7,0.99,5722.6,,,0.03,0.03,615.421972,1776224584000
1776224586.279,186.279,0.01,5722.6,,,0.04,59.67,0.05,54.7,0.96,59.67,0.95,54.7,0.99,5722.6,,,0.03,0.03,615.43737,1776224585000
1776224587.347,187.347,0.01,5722.6,,,0.04,59.67,0.05,54.7,0.96,59.67,0.95,54.7,0.99,5722.6,,,0.03,0.03,615.4373,1776224586000
1776224588.246,188.246,0.01,5722.6,,,0.04,59.67,0.05,54.7,0.96,59.67,0.95,54.7,0.99,5722.6,,,0.03,0.03,615.434986,1776224587000
1776224589.207,189.207,0.01,5722.6,,,0.04,59.67,0.05,54.7,0.96,59.67,0.95,54.7,0.99,5722.6,,,0.03,0.03,615.436934,1776224588000
1776224590.226,190.226,0.01,5722.6,,,0.04,59.67,0.05,54.7,0.96,59.67,0.95,54.7,0.99,5722.6,,,0.03,0.03,615.434434,1776224589000
1776224591.29,191.29,0.01,5722.6,,,0.04,59.67,0.05,54.7,0.96,59.67,0.95,54.7,0.99,5722.6,,,0.03,0.03,615.44023,1776224590000
1776224592.254,192.254,0.01,5722.6,,,0.04,59.67,0.05,54.7,0.96,59.67,0.95,54.7,0.99,5722.6,,,0.03,0.03,615.43995,1776224591000
1776224593.531,193.531,0.01,5722.6,,,0.04,59.67,0.05,54.7,0.96,59.67,0.95,54.7,0.99,5722.6,,,0.03,0.03,615.44062,1776224592000
1776224593.978,193.978,0.01,5722.6,,,0.04,59.67,0.05,54.7,0.96,59.67,0.95,54.7,0.99,5722.6,,,0.03,0.03,615.43983,1776224593000
1776224595.145,195.145,0.01,5722.6,,,0.04,59.67,0.05,54.7,0.96,59.67,0.95,54.7,0.99,5722.6,,,0.03,0.03,615.43977,1776224594000
1776224596.326,196.326,0.01,5722.6,,,0.04,59.67,0.05,54.7,0.96,59.67,0.95,54.7,0.99,5722.6,,,0.03,0.03,615.43904,1776224595000
1776224597.149,197.149,0.01,617.49,,,0.04,67.7,0.05,54.7,0.96,59.67,0.95,54.7,0.99,5722.6,,,0.03,0.03,615.43904,1776224595000
1776224597.358,197.358,0.01,617.49,,,0.04,67.7,0.05,54.7,0.96,67.7,0.95,54.7,0.99,617.49,,,0.03,0.03,615.438827,1776224596000
1776224597.928,197.928,0.01,617.49,,,0.04,67.7,0.05,54.7,0.96,67.7,0.95,54.7,0.99,617.49,,,0.03,0.03,615.438832,1776224597000
1776224599.103,199.103,0.01,617.49,,,0.04,67.7,0.05,54.7,0.96,67.7,0.95,54.7,0.99,617.49,,,0.03,0.03,615.438624,1776224598000
1776224600.205,200.205,0.01,617.49,,,0.04,67.7,0.05,54.7,0.96,67.7,0.95,54.7,0.99,617.49,,,0.03,0.03,615.43973,1776224599000
1776224601.286,201.286,0.01,617.49,,,0.04,67.7,0.05,54.7,0.96,67.7,0.95,54.7,0.99,617.49,,,0.03,0.03,615.44008,1776224600000
1776224602.475,202.475,0.01,617.49,,,0.04,67.7,0.05,54.7,0.96,67.7,0.95,54.7,0.99,617.49,,,0.03,0.03,615.44013,1776224601000
1776224602.967,202.967,0.01,617.49,,,0.04,67.7,0.05,54.7,0.96,67.7,0.95,54.7,0.99,617.49,,,0.03,0.03,615.44128,1776224602000
1776224604.11,204.11,0.01,617.49,,,0.04,67.7,0.05,54.7,0.96,67.7,0.95,54.7,0.99,617.49,,,0.03,0.03,615.493177,1776224603000
1776224605.183,205.183,0.01,617.49,,,0.04,67.7,0.05,54.7,0.96,67.7,0.95,54.7,0.99,617.49,,,0.03,0.03,615.49952,1776224604000
1776224606.848,206.848,0.01,617.49,,,0.04,67.7,0.05,54.7,0.96,67.7,0.95,54.7,0.99,617.49,,,0.03,0.03,615.495998,1776224605000
1776224607.547,207.547,0.01,617.49,,,0.04,67.7,0.05,54.7,0.96,67.7,0.95,54.7,0.99,617.49,,,0.03,0.03,615.531093,1776224606000
1776224608.377,208.377,0.01,617.49,,,0.04,67.7,0.05,54.7,0.96,67.7,0.95,54.7,0.99,617.49,,,0.03,0.03,615.53127,1776224607000
1776224609.043,209.043,0.01,617.49,,,0.04,67.7,0.05,54.7,0.96,67.7,0.95,54.7,0.99,617.49,,,0.03,0.03,615.579368,1776224608000
1776224610.313,210.313,0.01,617.49,,,0.04,67.7,0.05,54.7,0.96,67.7,0.95,54.7,0.99,617.49,,,0.03,0.03,615.57984,1776224609000
1776224611.572,211.572,0.01,617.49,,,0.04,67.7,0.05,54.7,0.96,67.7,0.95,54.7,0.99,617.49,,,0.03,0.03,615.615896,1776224610000
1776224612.628,212.628,0.01,617.49,,,0.04,67.7,0.05,54.7,0.96,67.7,0.95,54.7,0.99,617.49,,,0.03,0.03,615.621522,1776224611000
1776224613.383,213.383,0.01,617.49,,,0.04,67.7,0.05,54.7,0.96,67.7,0.95,54.7,0.99,617.49,,,0.03,0.03,615.636398,1776224612000
1776224614.172,214.172,0.01,617.49,,,0.04,67.7,0.05,54.7,0.96,67.7,0.95,54.7,0.99,617.49,,,0.03,0.03,615.640056,1776224613000
1776224615.508,215.508,0.01,617.49,,,0.04,67.7,0.05,54.7,0.96,67.7,0.95,54.7,0.99,617.49,,,0.03,0.03,615.60337,1776224614000
1776224616.099,216.099,0.01,617.49,,,0.04,67.7,0.05,54.7,0.96,67.7,0.95,54.7,0.99,617.49,,,0.03,0.03,615.63556,1776224615000
1776224617.431,217.431,0.01,617.49,,,0.04,67.7,0.05,54.7,0.96,67.7,0.95,54.7,0.99,617.49,,,0.03,0.03,615.64378,1776224616000
1776224618.197,218.197,0.01,617.49,,,0.04,67.7,0.05,54.7,0.96,67.7,0.95,54.7,0.99,617.49,,,0.03,0.03,615.63896,1776224617000
1776224619.387,219.387,0.01,617.49,,,0.04,67.7,0.05,54.7,0.96,67.7,0.95,54.7,0.99,617.49,,,0.03,0.03,615.65633,1776224618000
1776224620.08,220.08,0.01,617.49,,,0.04,67.7,0.05,54.7,0.96,67.7,0.95,54.7,0.99,617.49,,,0.03,0.03,615.621154,1776224619000
1776224621.299,221.299,0.01,617.49,,,0.04,67.7,0.05,54.7,0.96,67.7,0.95,54.7,0.99,617.49,,,0.03,0.03,615.620774,1776224620000
1776224622.131,222.131,0.01,617.49,,,0.04,67.7,0.05,54.7,0.96,67.7,0.95,54.7,0.99,617.49,,,0.03,0.03,615.64171,1776224621000
1776224623.695,223.695,0.01,617.49,,,0.04,67.7,0.05,54.7,0.96,67.7,0.95,54.7,0.99,617.49,,,0.03,0.03,615.637107,1776224622000
1776224624.704,224.704,0.01,617.49,,,0.04,67.7,0.05,54.7,0.96,67.7,0.95,54.7,0.99,617.49,,,0.03,0.03,615.587442,1776224623000
1776224625.361,225.361,0.01,617.49,,,0.04,67.7,0.05,54.7,0.96,67.7,0.95,54.7,0.99,617.49,,,0.03,0.03,615.591523,1776224624000
1776224625.929,225.929,0.01,617.49,,,0.04,67.7,0.05,54.7,0.96,67.7,0.95,54.7,0.99,617.49,,,0.03,0.03,615.591499,1776224625000
1776224627.008,227.008,0.01,617.49,,,0.04,67.7,0.05,54.7,0.96,67.7,0.95,54.7,0.99,617.49,,,0.03,0.03,615.65885,1776224626000
1776224628.204,228.204,0.01,617.49,,,0.04,67.7,0.05,54.7,0.96,67.7,0.95,54.7,0.99,617.49,,,0.03,0.03,615.613164,1776224627000
1776224629.163,229.163,0.01,617.49,,,0.04,67.7,0.05,54.7,0.96,67.7,0.95,54.7,0.99,617.49,,,0.03,0.03,615.612173,1776224628000
1776224630.457,230.457,0.01,617.49,,,0.04,67.7,0.05,54.7,0.96,67.7,0.95,54.7,0.99,617.49,,,0.03,0.03,615.612201,1776224629000
1776224630.989,230.989,0.01,617.49,,,0.04,67.7,0.05,54.7,0.96,67.7,0.95,54.7,0.99,617.49,,,0.03,0.03,615.612153,1776224630000
1776224632.155,232.155,0.01,617.49,,,0.04,67.7,0.05,54.7,0.96,67.7,0.95,54.7,0.99,617.49,,,0.03,0.03,615.64735,1776224631000
1776224633.577,233.577,0.01,617.49,,,0.04,67.7,0.05,54.7,0.96,67.7,0.95,54.7,0.99,617.49,,,0.03,0.03,615.631597,1776224632000
1776224633.992,233.992,0.01,617.49,,,0.04,67.7,0.05,54.7,0.96,67.7,0.95,54.7,0.99,617.49,,,0.03,0.03,615.643677,1776224633000
1776224635.039,235.039,0.01,617.49,,,0.04,67.7,0.05,54.7,0.96,67.7,0.95,54.7,0.99,617.49,,,0.03,0.03,615.65549,1776224634000
1776224636.247,236.247,0.01,617.49,,,0.04,67.7,0.05,54.7,0.96,67.7,0.95,54.7,0.99,617.49,,,0.03,0.03,615.591012,1776224635000
1776224637.487,237.487,0.01,617.49,,,0.04,67.7,0.05,54.7,0.96,67.7,0.95,54.7,0.99,617.49,,,0.03,0.03,615.572164,1776224636000
1776224637.968,237.968,0.01,617.49,,,0.04,67.7,0.05,54.7,0.96,67.7,0.95,54.7,0.99,617.49,,,0.03,0.03,615.587785,1776224637000
1776224639.671,239.671,0.01,617.49,,,0.04,67.7,0.05,54.7,0.96,67.7,0.95,54.7,0.99,617.49,,,0.03,0.03,615.596338,1776224638000
1776224640.75,240.75,0.01,617.49,,,0.04,67.7,0.05,54.7,0.96,67.7,0.95,54.7,0.99,617.49,,,0.03,0.03,615.584334,1776224639000
1776224641.323,241.323,0.01,617.49,,,0.04,67.7,0.05,54.7,0.96,67.7,0.95,54.7,0.99,617.49,,,0.03,0.03,615.592161,1776224640000
1776224642.515,242.515,0.01,617.49,,,0.04,67.7,0.05,54.7,0.96,67.7,0.95,54.7,0.99,617.49,,,0.03,0.03,615.6328,1776224641000
1776224643.093,243.093,0.01,617.49,,,0.04,67.7,0.05,54.7,0.96,67.7,0.95,54.7,0.99,617.49,,,0.03,0.03,615.62989,1776224642000
1776224644.226,244.226,0.01,617.49,,,0.04,67.7,0.05,54.7,0.96,67.7,0.95,54.7,0.99,617.49,,,0.03,0.03,615.63531,1776224643000
1776224645.395,245.395,0.01,617.49,,,0.04,67.7,0.05,54.7,0.96,67.7,0.95,54.7,0.99,617.49,,,0.03,0.03,615.61085,1776224644000
1776224645.969,245.969,0.01,617.49,,,0.04,67.7,0.05,54.7,0.96,67.7,0.95,54.7,0.99,617.49,,,0.03,0.03,615.61085,1776224645000
1776224647.566,247.566,0.01,617.49,,,0.04,67.7,0.05,54.7,0.96,67.7,0.95,54.7,0.99,617.49,,,0.03,0.03,615.623043,1776224646000
1776224648.225,248.225,0.01,617.49,,,0.04,67.7,0.05,54.7,0.96,67.7,0.95,54.7,0.99,617.49,,,0.03,0.03,615.626152,1776224647000
1776224649.393,249.393,0.01,617.49,,,0.04,67.7,0.05,54.7,0.96,67.7,0.95,54.7,0.99,617.49,,,0.03,0.03,615.6251,1776224648000
1776224650.806,250.806,0.01,617.49,,,0.04,67.7,0.05,54.7,0.96,67.7,0.95,54.7,0.99,617.49,,,0.03,0.03,615.614758,1776224649000
1776224651.298,251.298,0.01,617.49,,,0.04,67.7,0.05,54.7,0.96,67.7,0.95,54.7,0.99,617.49,,,0.03,0.03,615.63913,1776224650000
1776224651.946,251.946,0.01,617.49,,,0.04,67.7,0.05,54.7,0.96,67.7,0.95,54.7,0.99,617.49,,,0.03,0.03,615.639365,1776224651000
1776224653.147,253.147,0.01,617.49,,,0.04,67.7,0.05,54.7,0.96,67.7,0.95,54.7,0.99,617.49,,,0.03,0.03,615.652747,1776224652000
1776224654.334,254.334,0.01,617.49,,,0.04,67.7,0.05,54.7,0.96,67.7,0.95,54.7,0.99,617.49,,,0.03,0.03,615.640278,1776224653000
1776224656.037,256.037,0.01,617.49,,,0.04,67.7,0.05,54.7,0.96,67.7,0.95,54.7,0.99,617.49,,,0.03,0.03,615.6753,1776224655000
1776224657.153,257.153,0.01,617.49,,,0.04,67.7,0.05,54.7,0.96,67.7,0.95,54.7,0.99,617.49,,,0.03,0.03,615.674657,1776224656000
1776224658.327,258.327,0.01,617.49,,,0.04,67.7,0.05,54.7,0.96,67.7,0.95,54.7,0.99,617.49,,,0.03,0.03,615.654651,1776224657000
1776224658.884,258.884,0.01,617.49,,,0.04,67.7,0.05,54.7,0.96,67.7,0.95,54.7,0.99,617.49,,,0.03,0.03,615.651128,1776224658000
1776224660.011,260.011,0.01,617.49,,,0.04,67.7,0.05,54.7,0.96,67.7,0.95,54.7,0.99,617.49,,,0.03,0.03,615.654728,1776224659000
1776224661.04,261.04,0.01,617.49,,,0.04,67.7,0.05,54.7,0.96,67.7,0.95,54.7,0.99,617.49,,,0.03,0.03,615.657176,1776224660000
1776224662.201,262.201,0.01,617.49,,,0.04,67.7,0.05,54.7,0.96,67.7,0.95,54.7,0.99,617.49,,,0.03,0.03,615.67268,1776224661000
1776224663.286,263.286,0.01,617.49,,,0.04,67.7,0.05,54.7,0.96,67.7,0.95,54.7,0.99,617.49,,,0.03,0.03,615.659973,1776224662000
1776224663.842,263.842,0.01,592.49,,,0.04,29.24,0.05,54.7,0.96,67.7,0.95,54.7,0.99,617.49,,,0.03,0.03,615.659973,1776224662000
1776224664.402,264.402,0.01,592.49,,,0.04,29.24,0.05,54.7,0.96,29.24,0.95,54.7,0.99,592.49,,,0.03,0.03,615.6704,1776224663000
1776224664.977,264.977,0.01,592.49,,,0.04,29.24,0.05,54.7,0.96,29.24,0.95,54.7,0.99,592.49,,,0.03,0.03,615.673681,1776224664000
1776224666.038,266.038,0.01,592.49,,,0.04,29.24,0.05,54.7,0.96,29.24,0.95,54.7,0.99,592.49,,,0.03,0.03,615.68157,1776224665000
1776224667.101,267.101,0.01,592.49,,,0.04,29.24,0.05,54.7,0.96,29.24,0.95,54.7,0.99,592.49,,,0.03,0.03,615.678326,1776224666000
1776224668.249,268.249,0.01,592.49,,,0.04,29.24,0.05,54.7,0.96,29.24,0.95,54.7,0.99,592.49,,,0.03,0.03,615.664882,1776224667000
1776224669.241,269.241,0.01,592.49,,,0.04,29.24,0.05,54.7,0.96,29.24,0.95,54.7,0.99,592.49,,,0.03,0.03,615.66483,1776224668000
1776224670.313,270.313,0.02,112.28,0.01,497.49,0.07,39.9,0.08,35.29,0.93,39.9,0.92,35.29,0.98,112.28,0.99,497.49,0.05,0.05,615.671056,1776224669000
1776224670.933,270.933,0.02,112.28,0.01,497.49,0.07,39.9,0.08,35.29,0.93,39.9,0.92,35.29,0.98,112.28,0.99,497.49,0.05,0.05,615.713772,1776224670000
1776224671.929,271.929,0.02,112.28,0.01,497.49,0.07,39.9,0.08,35.29,0.93,39.9,0.92,35.29,0.98,112.28,0.99,497.49,0.05,0.05,615.715816,1776224671000
1776224673.155,273.155,0.02,112.28,0.01,497.49,0.07,39.9,0.08,35.29,0.93,39.9,0.92,35.29,0.98,112.28,0.99,497.49,0.05,0.05,615.704234,1776224672000
1776224674.338,274.338,0.02,112.28,0.01,497.49,0.07,39.9,0.08,35.29,0.93,39.9,0.92,35.29,0.98,112.28,0.99,497.49,0.05,0.05,615.701855,1776224673000
1776224674.964,274.964,0.02,112.28,0.01,497.49,0.07,39.9,0.08,35.29,0.93,39.9,0.92,35.29,0.98,112.28,0.99,497.49,0.05,0.05,615.701941,1776224674000
1776224676.183,276.183,0.02,112.28,0.01,497.49,0.07,39.9,0.08,35.29,0.93,39.9,0.92,35.29,0.98,112.28,0.99,497.49,0.05,0.05,615.711,1776224675000
1776224677.328,277.328,0.02,112.28,0.01,497.49,0.07,39.9,0.08,35.29,0.93,39.9,0.92,35.29,0.98,112.28,0.99,497.49,0.05,0.05,615.718,1776224676000
1776224677.927,277.927,0.02,112.28,0.01,497.49,0.07,39.9,0.08,35.29,0.93,39.9,0.92,35.29,0.98,112.28,0.99,497.49,0.05,0.05,615.687654,1776224677000
1776224678.962,278.962,0.02,112.28,0.01,497.49,0.07,39.9,0.08,35.29,0.93,39.9,0.92,35.29,0.98,112.28,0.99,497.49,0.05,0.05,615.687072,1776224678000
1776224680.143,280.143,0.02,112.28,0.01,497.49,0.07,39.9,0.08,35.29,0.93,39.9,0.92,35.29,0.98,112.28,0.99,497.49,0.05,0.05,615.704,1776224679000
1776224681.165,281.165,0.02,112.28,0.01,497.49,0.07,39.9,0.08,35.29,0.93,39.9,0.92,35.29,0.98,112.28,0.99,497.49,0.05,0.05,615.704,1776224680000
1776224681.781,281.781,0.01,128.89,,,0.04,5.21,0.11,50.0,0.93,39.9,0.92,35.29,0.98,112.28,0.99,497.49,0.03,0.05,615.704,1776224680000
1776224682.286,282.286,0.01,128.89,,,0.04,5.21,0.11,50.0,0.96,5.21,0.89,50.0,0.99,128.89,,,0.03,0.03,615.691961,1776224681000
1776224682.896,282.896,0.01,128.89,,,0.04,5.21,0.11,50.0,0.96,5.21,0.89,50.0,0.99,128.89,,,0.03,0.03,615.691961,1776224682000
1776224683.989,283.989,0.01,128.89,,,0.04,5.21,0.11,50.0,0.96,5.21,0.89,50.0,0.99,128.89,,,0.03,0.03,615.683403,1776224683000
1776224685.08,285.08,0.01,128.89,,,0.04,5.21,0.11,50.0,0.96,5.21,0.89,50.0,0.99,128.89,,,0.03,0.03,615.691394,1776224684000
1776224686.089,286.089,0.01,128.89,,,0.04,5.21,0.11,50.0,0.96,5.21,0.89,50.0,0.99,128.89,,,0.03,0.03,615.690013,1776224685000
1776224686.312,286.312,0.01,78.89,,,0.04,5.21,0.11,50.0,0.96,5.21,0.89,50.0,0.99,128.89,,,0.03,0.03,615.690013,1776224685000
1776224686.976,286.976,0.01,78.89,,,0.04,5.21,0.11,50.0,0.96,5.21,0.89,50.0,0.99,78.89,,,0.03,0.03,615.689365,1776224686000
1776224687.96,287.96,0.01,78.89,,,0.04,5.21,0.11,50.0,0.96,5.21,0.89,50.0,0.99,78.89,,,0.03,0.03,615.669682,1776224687000
1776224688.992,288.992,0.01,78.89,,,0.04,5.21,0.11,50.0,0.96,5.21,0.89,50.0,0.99,78.89,,,0.03,0.03,615.669253,1776224688000
1776224689.987,289.987,0.01,78.89,,,0.04,5.21,0.11,50.0,0.96,5.21,0.89,50.0,0.99,78.89,,,0.03,0.03,615.701,1776224689000
1776224690.932,290.932,0.01,78.89,,,0.04,5.21,0.11,50.0,0.96,5.21,0.89,50.0,0.99,78.89,,,0.03,0.03,615.701,1776224690000
1776224691.806,291.806,0.01,78.89,,,0.04,5.21,0.11,50.0,0.96,5.21,0.89,50.0,0.99,78.89,,,0.03,0.03,615.7,1776224691000
1776224693.361,293.361,0.01,78.89,,,0.04,5.21,0.11,50.0,0.96,5.21,0.89,50.0,0.99,78.89,,,0.03,0.03,615.7,1776224692000
1776224694.028,294.028,0.01,58.68,,,0.04,5.21,0.11,50.0,0.96,5.21,0.89,50.0,0.99,78.89,,,0.03,0.03,615.7,1776224692000
1776224694.301,294.301,0.01,58.68,,,0.04,5.21,0.11,50.0,0.96,5.21,0.89,50.0,0.99,58.68,,,0.03,0.03,615.701,1776224693000
1776224695.227,295.227,,,,,0.01,941.32,0.04,5.21,0.99,941.32,0.96,5.21,,,,,,,615.691227,1776224694000
1776224696.273,296.273,,,,,0.01,941.32,0.04,5.21,0.99,941.32,0.96,5.21,,,,,,,615.689734,1776224695000
1776224697.647,297.647,,,,,0.01,941.32,0.04,5.21,0.99,941.32,0.96,5.21,,,,,,,615.689869,1776224696000
1776224698.229,298.229,,,,,0.01,941.32,0.04,5.21,0.99,941.32,0.96,5.21,,,,,,,615.69,1776224697000
1776224699.26,299.26,,,,,0.01,941.32,0.04,5.21,0.99,941.32,0.96,5.21,,,,,,,615.691,1776224698000
1776224700.263,300.263,,,,,0.01,941.32,0.04,5.21,0.99,941.32,0.96,5.21,,,,,,,615.69,1776224699000

# RESULT,winner=Down,slug=bnb-updown-5m-1776224400,ticks=308
