timestamp,elapsed_sec,up_bid_p1,up_bid_s1,up_bid_p2,up_bid_s2,up_ask_p1,up_ask_s1,up_ask_p2,up_ask_s2,down_bid_p1,down_bid_s1,down_bid_p2,down_bid_s2,down_ask_p1,down_ask_s1,down_ask_p2,down_ask_s2,up_spread,down_spread,bnb_price,bnb_oracle_ts
1776227701.405,1.405,0.51,5.0,0.33,300.0,0.67,300.0,0.69,375.0,0.33,300.0,0.31,375.0,0.49,5.0,0.67,300.0,0.16,0.16,614.778,1776227699000
1776227701.733,1.733,0.51,5.0,0.33,300.0,0.67,300.0,0.69,375.0,0.33,300.0,0.31,375.0,0.49,5.0,0.67,300.0,0.16,0.16,614.778,1776227699000
1776227702.229,2.229,0.51,5.0,0.33,300.0,0.67,300.0,0.69,375.0,0.33,300.0,0.31,375.0,0.49,5.0,0.67,300.0,0.16,0.16,614.762,1776227700000
1776227703.327,3.327,0.51,5.0,0.33,300.0,0.67,300.0,0.69,375.0,0.33,300.0,0.31,375.0,0.49,5.0,0.67,300.0,0.16,0.16,614.769,1776227702000
1776227704.363,4.363,0.51,5.0,0.33,300.0,0.67,300.0,0.69,375.0,0.33,300.0,0.31,375.0,0.49,5.0,0.67,300.0,0.16,0.16,614.773,1776227703000
1776227704.878,4.878,0.51,5.0,0.33,300.0,0.67,300.0,0.69,375.0,0.33,300.0,0.31,375.0,0.49,5.0,0.67,300.0,0.16,0.16,614.773,1776227704000
1776227705.867,5.867,0.52,10.0,0.51,5.0,0.56,5.0,0.62,10.0,0.33,300.0,0.31,375.0,0.49,5.0,0.67,300.0,0.04,0.16,614.773,1776227704000
1776227707.118,7.118,0.52,10.0,0.51,5.0,0.56,5.0,0.62,10.0,0.44,5.0,0.38,10.0,0.48,10.0,0.49,5.0,0.04,0.04,614.783,1776227706000
1776227708.126,8.126,0.52,10.0,0.51,5.0,0.56,5.0,0.62,10.0,0.44,5.0,0.38,10.0,0.48,10.0,0.49,5.0,0.04,0.04,614.786,1776227707000
1776227708.367,8.367,0.52,10.0,0.51,5.0,0.64,0.35,0.65,5.0,0.44,5.0,0.38,10.0,0.48,10.0,0.49,5.0,0.12,0.04,614.786,1776227707000
1776227709.199,9.199,0.52,10.0,0.51,5.0,0.64,0.35,0.65,5.0,0.36,0.35,0.35,5.0,0.48,10.0,0.49,5.0,0.12,0.12,614.79,1776227708000
1776227710.088,10.088,0.62,5.0,0.53,22.0,0.63,5.28,0.75,5.0,0.36,0.35,0.35,5.0,0.48,10.0,0.49,5.0,0.01,0.12,614.79,1776227708000
1776227710.392,10.392,0.62,5.0,0.52,10.0,0.76,5.0,0.79,750.0,0.24,5.0,0.21,750.0,0.38,5.0,0.48,10.0,0.14,0.14,614.821426,1776227709000
1776227711.283,11.283,0.62,5.0,0.52,10.0,0.76,5.0,0.79,750.0,0.24,5.0,0.21,750.0,0.38,5.0,0.48,10.0,0.14,0.14,614.889,1776227710000
1776227712.444,12.444,0.62,5.0,0.52,10.0,0.76,5.0,0.79,750.0,0.24,5.0,0.21,750.0,0.38,5.0,0.48,10.0,0.14,0.14,615.0535,1776227711000
1776227712.951,12.951,0.62,5.0,0.52,10.0,0.76,5.0,0.79,750.0,0.24,5.0,0.21,750.0,0.38,5.0,0.48,10.0,0.14,0.14,615.169713,1776227712000
1776227713.228,13.228,0.75,5.0,0.66,20.0,0.81,45.0,0.88,10.0,0.24,5.0,0.21,750.0,0.38,5.0,0.48,10.0,0.06,0.14,615.169713,1776227712000
1776227713.787,13.787,0.75,5.0,0.66,20.0,0.81,40.0,0.85,5.0,0.19,45.0,0.12,10.0,0.25,5.0,0.34,20.0,0.06,0.06,615.169713,1776227712000
1776227714.012,14.012,0.75,5.0,0.66,20.0,0.81,40.0,0.85,5.0,0.19,40.0,0.15,5.0,0.25,5.0,0.34,20.0,0.06,0.06,615.233786,1776227713000
1776227715.762,15.762,0.79,29.0,0.75,5.0,0.8,10.0,0.88,5.0,0.19,40.0,0.15,5.0,0.25,5.0,0.34,20.0,0.01,0.06,615.233786,1776227713000
1776227716.264,16.264,0.79,29.0,0.75,5.0,0.8,10.0,0.88,5.0,0.2,10.0,0.12,5.0,0.21,29.0,0.25,5.0,0.01,0.01,615.12036,1776227715000
1776227717.464,17.464,0.79,29.0,0.75,5.0,0.8,10.0,0.88,5.0,0.2,10.0,0.12,5.0,0.21,29.0,0.25,5.0,0.01,0.01,615.230237,1776227716000
1776227717.858,17.858,0.79,29.0,0.75,5.0,0.8,10.0,0.88,5.0,0.2,10.0,0.12,5.0,0.21,29.0,0.25,5.0,0.01,0.01,615.266,1776227717000
1776227719.339,19.339,0.79,29.0,0.75,5.0,0.8,10.0,0.88,5.0,0.2,10.0,0.12,5.0,0.21,29.0,0.25,5.0,0.01,0.01,615.278,1776227718000
1776227720.418,20.418,0.79,29.0,0.75,5.0,0.8,10.0,0.88,5.0,0.2,10.0,0.12,5.0,0.21,29.0,0.25,5.0,0.01,0.01,615.232,1776227719000
1776227720.702,20.702,0.85,5.0,0.82,5.0,0.88,5.45,0.89,100.0,0.2,10.0,0.12,5.0,0.21,29.0,0.25,5.0,0.03,0.01,615.232,1776227719000
1776227721.081,21.081,0.85,5.0,0.82,5.0,0.88,5.45,0.89,100.0,0.12,5.45,0.11,100.0,0.15,5.0,0.18,5.0,0.03,0.03,615.232,1776227720000
1776227721.826,21.826,0.85,5.0,0.82,5.0,0.88,5.45,0.89,100.0,0.12,5.45,0.11,100.0,0.15,5.0,0.18,5.0,0.03,0.03,615.239,1776227721000
1776227722.777,22.777,0.85,5.0,0.82,5.0,0.88,5.45,0.89,100.0,0.12,5.45,0.11,100.0,0.15,5.0,0.18,5.0,0.03,0.03,615.238,1776227722000
1776227723.825,23.825,0.85,5.0,0.82,5.0,0.88,5.45,0.89,100.0,0.12,5.45,0.11,100.0,0.15,5.0,0.18,5.0,0.03,0.03,615.221,1776227723000
1776227724.735,24.735,0.75,5.0,0.72,5.0,0.81,40.0,0.88,5.45,0.12,5.45,0.11,100.0,0.15,5.0,0.18,5.0,0.06,0.03,615.221,1776227723000
1776227725.056,25.056,0.75,21.0,0.7,5.0,0.81,35.0,0.88,5.45,0.19,40.0,0.12,5.45,0.25,5.0,0.28,5.0,0.06,0.06,615.238,1776227724000
1776227726.024,26.024,0.75,21.0,0.7,5.0,0.81,35.0,0.88,5.45,0.19,35.0,0.12,5.45,0.25,21.0,0.3,5.0,0.06,0.06,615.234,1776227725000
1776227727.071,27.071,0.75,21.0,0.7,5.0,0.81,35.0,0.88,5.45,0.19,35.0,0.12,5.45,0.25,21.0,0.3,5.0,0.06,0.06,615.21167,1776227726000
1776227728.004,28.004,0.75,21.0,0.7,5.0,0.81,35.0,0.88,5.45,0.19,35.0,0.12,5.45,0.25,21.0,0.3,5.0,0.06,0.06,615.130211,1776227727000
1776227729.393,29.393,0.75,21.0,0.7,5.0,0.81,35.0,0.88,5.45,0.19,35.0,0.12,5.45,0.25,21.0,0.3,5.0,0.06,0.06,615.137,1776227728000
1776227730.122,30.122,0.75,21.0,0.7,5.0,0.81,35.0,0.88,5.45,0.19,35.0,0.12,5.45,0.25,21.0,0.3,5.0,0.06,0.06,615.129,1776227729000
1776227731.64,31.64,0.75,21.0,0.7,5.0,0.81,35.0,0.88,5.45,0.19,35.0,0.12,5.45,0.25,21.0,0.3,5.0,0.06,0.06,615.114,1776227730000
1776227732.151,32.151,0.75,21.0,0.7,5.0,0.81,35.0,0.88,5.45,0.19,35.0,0.12,5.45,0.25,21.0,0.3,5.0,0.06,0.06,615.127,1776227731000
1776227733.464,33.464,0.69,15.0,0.68,5.0,0.88,15.0,0.89,105.0,0.12,15.0,0.11,105.0,0.31,15.0,0.32,5.0,0.19,0.19,615.148,1776227732000
1776227734.207,34.207,0.69,15.0,0.68,5.0,0.88,15.0,0.89,105.0,0.12,15.0,0.11,105.0,0.31,15.0,0.32,5.0,0.19,0.19,615.139,1776227733000
1776227735.541,35.541,0.69,15.0,0.68,5.0,0.88,15.0,0.89,105.0,0.12,15.0,0.11,105.0,0.31,15.0,0.32,5.0,0.19,0.19,615.141,1776227734000
1776227736.243,36.243,0.68,3.9,0.67,5.0,0.86,10.0,0.87,9.0,0.14,10.0,0.13,9.0,0.32,3.9,0.33,5.0,0.18,0.18,615.141,1776227735000
1776227737.966,37.966,0.68,3.9,0.67,5.0,0.86,10.0,0.87,9.0,0.14,10.0,0.13,9.0,0.32,3.9,0.33,5.0,0.18,0.18,615.191,1776227737000
1776227739.261,39.261,0.68,3.9,0.67,5.0,0.86,10.0,0.87,9.0,0.14,10.0,0.13,9.0,0.32,3.9,0.33,5.0,0.18,0.18,615.193469,1776227738000
1776227740.731,40.731,0.68,3.9,0.67,5.0,0.86,10.0,0.87,9.0,0.14,10.0,0.13,9.0,0.32,3.9,0.33,5.0,0.18,0.18,615.19609,1776227739000
1776227741.395,41.395,0.68,3.9,0.67,5.0,0.86,10.0,0.87,9.0,0.14,10.0,0.13,9.0,0.32,3.9,0.33,5.0,0.18,0.18,615.199845,1776227740000
1776227741.989,41.989,0.68,3.9,0.67,5.0,0.86,10.0,0.87,9.0,0.14,10.0,0.13,9.0,0.32,3.9,0.33,5.0,0.18,0.18,615.203,1776227741000
1776227743.067,43.067,0.68,3.9,0.67,5.0,0.86,10.0,0.87,9.0,0.14,10.0,0.13,9.0,0.32,3.9,0.33,5.0,0.18,0.18,615.187,1776227742000
1776227744.2,44.2,0.68,3.9,0.67,5.0,0.86,10.0,0.87,9.0,0.14,10.0,0.13,9.0,0.32,3.9,0.33,5.0,0.18,0.18,615.177,1776227743000
1776227745.377,45.377,0.68,3.9,0.67,5.0,0.86,10.0,0.87,9.0,0.14,10.0,0.13,9.0,0.32,3.9,0.33,5.0,0.18,0.18,615.179,1776227744000
1776227746.284,46.284,0.68,3.9,0.67,5.0,0.86,10.0,0.87,9.0,0.14,10.0,0.13,9.0,0.32,3.9,0.33,5.0,0.18,0.18,615.179,1776227745000
1776227747.335,47.335,0.68,3.9,0.67,5.0,0.86,10.0,0.87,9.0,0.14,10.0,0.13,9.0,0.32,3.9,0.33,5.0,0.18,0.18,615.18,1776227746000
1776227747.816,47.816,0.68,3.9,0.67,5.0,0.86,10.0,0.87,9.0,0.14,10.0,0.13,9.0,0.32,3.9,0.33,5.0,0.18,0.18,615.18,1776227747000
1776227748.845,48.845,0.68,3.9,0.67,5.0,0.86,10.0,0.87,9.0,0.14,10.0,0.13,9.0,0.32,3.9,0.33,5.0,0.18,0.18,615.196,1776227748000
1776227749.838,49.838,0.68,3.9,0.67,5.0,0.86,10.0,0.87,9.0,0.14,10.0,0.13,9.0,0.32,3.9,0.33,5.0,0.18,0.18,615.198,1776227749000
1776227751.414,51.414,0.68,3.9,0.67,5.0,0.86,10.0,0.87,9.0,0.14,10.0,0.13,9.0,0.32,3.9,0.33,5.0,0.18,0.18,615.204,1776227750000
1776227752.028,52.028,0.68,3.9,0.67,5.0,0.86,10.0,0.87,9.0,0.14,10.0,0.13,9.0,0.32,3.9,0.33,5.0,0.18,0.18,615.198,1776227751000
1776227753.029,53.029,0.68,3.9,0.67,5.0,0.86,10.0,0.87,9.0,0.14,10.0,0.13,9.0,0.32,3.9,0.33,5.0,0.18,0.18,615.198,1776227752000
1776227754.211,54.211,0.68,3.9,0.67,5.0,0.86,10.0,0.87,9.0,0.14,10.0,0.13,9.0,0.32,3.9,0.33,5.0,0.18,0.18,615.191,1776227753000
1776227755.218,55.218,0.68,3.9,0.67,5.0,0.86,10.0,0.87,9.0,0.14,10.0,0.13,9.0,0.32,3.9,0.33,5.0,0.18,0.18,615.191,1776227754000
1776227756.301,56.301,0.68,3.9,0.67,5.0,0.86,10.0,0.87,9.0,0.14,10.0,0.13,9.0,0.32,3.9,0.33,5.0,0.18,0.18,615.203,1776227755000
1776227757.663,57.663,0.68,3.9,0.67,5.0,0.86,10.0,0.87,9.0,0.14,10.0,0.13,9.0,0.32,3.9,0.33,5.0,0.18,0.18,615.211,1776227756000
1776227758.247,58.247,0.68,3.9,0.67,5.0,0.86,10.0,0.87,9.0,0.14,10.0,0.13,9.0,0.32,3.9,0.33,5.0,0.18,0.18,615.218,1776227757000
1776227759.322,59.322,0.68,3.9,0.67,5.0,0.86,10.0,0.87,9.0,0.14,10.0,0.13,9.0,0.32,3.9,0.33,5.0,0.18,0.18,615.222,1776227758000
1776227759.876,59.876,0.68,3.9,0.67,5.0,0.86,10.0,0.87,9.0,0.14,10.0,0.13,9.0,0.32,3.9,0.33,5.0,0.18,0.18,615.223,1776227759000
1776227761.446,61.446,0.68,3.9,0.67,5.0,0.86,10.0,0.87,9.0,0.14,10.0,0.13,9.0,0.32,3.9,0.33,5.0,0.18,0.18,615.223,1776227760000
1776227761.939,61.939,0.68,3.9,0.67,5.0,0.86,10.0,0.87,9.0,0.14,10.0,0.13,9.0,0.32,3.9,0.33,5.0,0.18,0.18,615.223,1776227761000
1776227762.917,62.917,0.68,3.9,0.67,5.0,0.86,10.0,0.87,9.0,0.14,10.0,0.13,9.0,0.32,3.9,0.33,5.0,0.18,0.18,615.223,1776227762000
1776227763.971,63.971,0.68,3.9,0.67,5.0,0.86,10.0,0.87,9.0,0.14,10.0,0.13,9.0,0.32,3.9,0.33,5.0,0.18,0.18,615.223,1776227763000
1776227764.959,64.959,0.68,3.9,0.67,5.0,0.86,10.0,0.87,9.0,0.14,10.0,0.13,9.0,0.32,3.9,0.33,5.0,0.18,0.18,615.223,1776227764000
1776227765.92,65.92,0.68,3.9,0.67,5.0,0.86,10.0,0.87,9.0,0.14,10.0,0.13,9.0,0.32,3.9,0.33,5.0,0.18,0.18,615.223,1776227765000
1776227766.973,66.973,0.68,3.9,0.67,5.0,0.86,10.0,0.87,9.0,0.14,10.0,0.13,9.0,0.32,3.9,0.33,5.0,0.18,0.18,615.228,1776227766000
1776227767.92,67.92,0.68,3.9,0.67,5.0,0.86,10.0,0.87,9.0,0.14,10.0,0.13,9.0,0.32,3.9,0.33,5.0,0.18,0.18,615.228,1776227767000
1776227769.021,69.021,0.68,3.9,0.67,5.0,0.86,10.0,0.87,9.0,0.14,10.0,0.13,9.0,0.32,3.9,0.33,5.0,0.18,0.18,615.235,1776227768000
1776227770.023,70.023,0.68,3.9,0.67,5.0,0.86,10.0,0.87,9.0,0.14,10.0,0.13,9.0,0.32,3.9,0.33,5.0,0.18,0.18,615.231,1776227769000
1776227771.044,71.044,0.68,3.9,0.67,5.0,0.86,10.0,0.87,9.0,0.14,10.0,0.13,9.0,0.32,3.9,0.33,5.0,0.18,0.18,615.238,1776227770000
1776227772.183,72.183,0.68,3.9,0.67,5.0,0.86,10.0,0.87,9.0,0.14,10.0,0.13,9.0,0.32,3.9,0.33,5.0,0.18,0.18,615.21,1776227771000
1776227773.216,73.216,0.68,3.9,0.67,5.0,0.86,10.0,0.87,9.0,0.14,10.0,0.13,9.0,0.32,3.9,0.33,5.0,0.18,0.18,615.21,1776227772000
1776227774.234,74.234,0.68,3.9,0.67,5.0,0.86,10.0,0.87,9.0,0.14,10.0,0.13,9.0,0.32,3.9,0.33,5.0,0.18,0.18,615.219,1776227773000
1776227775.376,75.376,0.68,3.9,0.67,5.0,0.86,10.0,0.87,9.0,0.14,10.0,0.13,9.0,0.32,3.9,0.33,5.0,0.18,0.18,615.259,1776227774000
1776227775.924,75.924,0.68,3.9,0.67,5.0,0.86,10.0,0.87,9.0,0.14,10.0,0.13,9.0,0.32,3.9,0.33,5.0,0.18,0.18,615.259,1776227775000
1776227777.209,77.209,0.68,3.9,0.67,5.0,0.86,10.0,0.87,9.0,0.14,10.0,0.13,9.0,0.32,3.9,0.33,5.0,0.18,0.18,615.325,1776227776000
1776227778.223,78.223,0.68,3.9,0.67,5.0,0.86,10.0,0.87,9.0,0.14,10.0,0.13,9.0,0.32,3.9,0.33,5.0,0.18,0.18,615.341,1776227777000
1776227779.317,79.317,0.68,3.9,0.67,5.0,0.86,10.0,0.87,9.0,0.14,10.0,0.13,9.0,0.32,3.9,0.33,5.0,0.18,0.18,615.34,1776227778000
1776227779.986,79.986,0.68,3.9,0.67,5.0,0.86,10.0,0.87,9.0,0.14,10.0,0.13,9.0,0.32,3.9,0.33,5.0,0.18,0.18,615.34,1776227779000
1776227780.913,80.913,0.87,39.0,0.86,21.6,0.92,1.82,0.93,39.9,0.14,10.0,0.13,9.0,0.32,3.9,0.33,5.0,0.05,0.18,615.34,1776227779000
1776227782.205,82.205,0.87,39.0,0.86,21.6,0.92,1.82,0.93,39.9,0.08,1.82,0.07,39.9,0.13,39.0,0.14,21.6,0.05,0.05,615.334,1776227781000
1776227783.679,83.679,0.87,39.0,0.86,21.6,0.92,1.82,0.93,39.9,0.08,1.82,0.07,39.9,0.13,39.0,0.14,21.6,0.05,0.05,615.281,1776227782000
1776227784.322,84.322,0.87,39.0,0.86,21.6,0.92,1.82,0.93,39.9,0.08,1.82,0.07,39.9,0.13,39.0,0.14,21.6,0.05,0.05,615.276,1776227783000
1776227785.489,85.489,0.87,39.0,0.86,21.6,0.92,1.82,0.93,39.9,0.08,1.82,0.07,39.9,0.13,39.0,0.14,21.6,0.05,0.05,615.196,1776227784000
1776227786.079,86.079,0.87,39.0,0.86,21.6,0.92,1.82,0.93,39.9,0.08,1.82,0.07,39.9,0.13,39.0,0.14,21.6,0.05,0.05,615.196,1776227785000
1776227787.312,87.312,0.87,39.0,0.86,21.6,0.92,1.82,0.93,39.9,0.08,1.82,0.07,39.9,0.13,39.0,0.14,21.6,0.05,0.05,615.201232,1776227786000
1776227788.38,88.38,0.87,39.0,0.86,21.6,0.92,1.82,0.93,39.9,0.08,1.82,0.07,39.9,0.13,39.0,0.14,21.6,0.05,0.05,615.154,1776227787000
1776227789.212,89.212,0.87,39.0,0.86,21.6,0.92,1.82,0.93,39.9,0.08,1.82,0.07,39.9,0.13,39.0,0.14,21.6,0.05,0.05,615.145,1776227788000
1776227790.224,90.224,0.87,7.39,0.82,17.6,0.89,15.0,0.9,28.9,0.11,15.0,0.1,28.9,0.13,7.39,0.18,17.6,0.02,0.02,615.153,1776227789000
1776227791.25,91.25,0.87,7.39,0.82,17.6,0.89,15.0,0.9,28.9,0.11,15.0,0.1,28.9,0.13,7.39,0.18,17.6,0.02,0.02,615.152,1776227790000
1776227792.228,92.228,0.87,7.39,0.82,17.6,0.89,15.0,0.9,28.9,0.11,15.0,0.1,28.9,0.13,7.39,0.18,17.6,0.02,0.02,615.163,1776227791000
1776227793.243,93.243,0.87,7.39,0.82,17.6,0.89,15.0,0.9,28.9,0.11,15.0,0.1,28.9,0.13,7.39,0.18,17.6,0.02,0.02,615.163,1776227792000
1776227794.309,94.309,0.87,7.39,0.82,17.6,0.89,15.0,0.9,28.9,0.11,15.0,0.1,28.9,0.13,7.39,0.18,17.6,0.02,0.02,615.161,1776227793000
1776227795.272,95.272,0.87,7.39,0.82,17.6,0.89,15.0,0.9,28.9,0.11,15.0,0.1,28.9,0.13,7.39,0.18,17.6,0.02,0.02,615.17,1776227794000
1776227796.252,96.252,0.87,7.39,0.82,17.6,0.89,15.0,0.9,28.9,0.11,15.0,0.1,28.9,0.13,7.39,0.18,17.6,0.02,0.02,615.173,1776227795000
1776227797.3,97.3,0.87,7.39,0.82,17.6,0.89,15.0,0.9,28.9,0.11,15.0,0.1,28.9,0.13,7.39,0.18,17.6,0.02,0.02,615.171,1776227796000
1776227798.259,98.259,0.87,7.39,0.82,17.6,0.89,15.0,0.9,28.9,0.11,15.0,0.1,28.9,0.13,7.39,0.18,17.6,0.02,0.02,615.171,1776227797000
1776227799.269,99.269,0.87,7.39,0.82,17.6,0.89,15.0,0.9,28.9,0.11,15.0,0.1,28.9,0.13,7.39,0.18,17.6,0.02,0.02,615.153,1776227798000
1776227800.335,100.335,0.87,7.39,0.82,17.6,0.89,15.0,0.9,28.9,0.11,15.0,0.1,28.9,0.13,7.39,0.18,17.6,0.02,0.02,615.17,1776227799000
1776227801.306,101.306,0.87,7.39,0.82,17.6,0.89,15.0,0.9,28.9,0.11,15.0,0.1,28.9,0.13,7.39,0.18,17.6,0.02,0.02,615.191,1776227800000
1776227802.491,102.491,0.87,7.39,0.82,17.6,0.89,15.0,0.9,28.9,0.11,15.0,0.1,28.9,0.13,7.39,0.18,17.6,0.02,0.02,615.163,1776227801000
1776227803.049,103.049,0.87,7.39,0.82,17.6,0.89,15.0,0.9,28.9,0.11,15.0,0.1,28.9,0.13,7.39,0.18,17.6,0.02,0.02,615.165,1776227802000
1776227804.203,104.203,0.87,7.39,0.82,17.6,0.89,15.0,0.9,28.9,0.11,15.0,0.1,28.9,0.13,7.39,0.18,17.6,0.02,0.02,615.163,1776227803000
1776227804.904,104.904,0.87,7.39,0.82,17.6,0.89,15.0,0.9,28.9,0.11,15.0,0.1,28.9,0.13,7.39,0.18,17.6,0.02,0.02,615.16,1776227804000
1776227806.187,106.187,0.87,7.39,0.82,17.6,0.89,15.0,0.9,28.9,0.11,15.0,0.1,28.9,0.13,7.39,0.18,17.6,0.02,0.02,615.132902,1776227805000
1776227807.349,107.349,0.87,7.39,0.82,17.6,0.89,15.0,0.9,28.9,0.11,15.0,0.1,28.9,0.13,7.39,0.18,17.6,0.02,0.02,615.123,1776227806000
1776227807.855,107.855,0.87,7.39,0.82,17.6,0.89,15.0,0.9,28.9,0.11,15.0,0.1,28.9,0.13,7.39,0.18,17.6,0.02,0.02,615.091,1776227807000
1776227809.089,109.089,0.87,7.39,0.82,17.6,0.89,15.0,0.9,28.9,0.11,15.0,0.1,28.9,0.13,7.39,0.18,17.6,0.02,0.02,615.097,1776227808000
1776227810.335,110.335,0.87,7.39,0.82,17.6,0.89,15.0,0.9,28.9,0.11,15.0,0.1,28.9,0.13,7.39,0.18,17.6,0.02,0.02,615.097,1776227809000
1776227810.91,110.91,0.87,7.39,0.82,17.6,0.89,15.0,0.9,28.9,0.11,15.0,0.1,28.9,0.13,7.39,0.18,17.6,0.02,0.02,615.098,1776227810000
1776227812.055,112.055,0.87,7.39,0.82,17.6,0.89,15.0,0.9,28.9,0.11,15.0,0.1,28.9,0.13,7.39,0.18,17.6,0.02,0.02,615.082,1776227811000
1776227813.229,113.229,0.87,7.39,0.82,17.6,0.89,15.0,0.9,28.9,0.11,15.0,0.1,28.9,0.13,7.39,0.18,17.6,0.02,0.02,615.084,1776227812000
1776227814.466,114.466,0.87,7.39,0.82,17.6,0.89,15.0,0.9,28.9,0.11,15.0,0.1,28.9,0.13,7.39,0.18,17.6,0.02,0.02,615.084,1776227813000
1776227815.105,115.105,0.87,7.39,0.82,17.6,0.89,15.0,0.9,28.9,0.11,15.0,0.1,28.9,0.13,7.39,0.18,17.6,0.02,0.02,615.084,1776227814000
1776227816.302,116.302,0.87,7.39,0.82,17.6,0.89,15.0,0.9,28.9,0.11,15.0,0.1,28.9,0.13,7.39,0.18,17.6,0.02,0.02,615.086,1776227815000
1776227817.033,117.033,0.87,7.39,0.82,17.6,0.89,15.0,0.9,28.9,0.11,15.0,0.1,28.9,0.13,7.39,0.18,17.6,0.02,0.02,615.085,1776227816000
1776227818.222,118.222,0.87,7.39,0.82,17.6,0.89,15.0,0.9,28.9,0.11,15.0,0.1,28.9,0.13,7.39,0.18,17.6,0.02,0.02,615.084,1776227817000
1776227819.948,119.948,0.87,7.39,0.82,17.6,0.89,15.0,0.9,28.9,0.11,15.0,0.1,28.9,0.13,7.39,0.18,17.6,0.02,0.02,615.082,1776227818000
1776227820.812,120.812,0.87,7.39,0.82,17.6,0.89,15.0,0.9,28.9,0.11,15.0,0.1,28.9,0.13,7.39,0.18,17.6,0.02,0.02,615.08,1776227819000
1776227821.429,121.429,0.87,7.39,0.82,17.6,0.89,15.0,0.9,28.9,0.11,15.0,0.1,28.9,0.13,7.39,0.18,17.6,0.02,0.02,615.081,1776227820000
1776227821.974,121.974,0.87,7.39,0.82,17.6,0.89,15.0,0.9,28.9,0.11,15.0,0.1,28.9,0.13,7.39,0.18,17.6,0.02,0.02,615.081,1776227821000
1776227823.503,123.503,0.87,7.39,0.82,17.6,0.89,15.0,0.9,28.9,0.11,15.0,0.1,28.9,0.13,7.39,0.18,17.6,0.02,0.02,615.087,1776227822000
1776227824.351,124.351,0.87,7.39,0.82,17.6,0.89,15.0,0.9,28.9,0.11,15.0,0.1,28.9,0.13,7.39,0.18,17.6,0.02,0.02,615.087,1776227823000
1776227824.914,124.914,0.87,7.39,0.82,17.6,0.89,15.0,0.9,28.9,0.11,15.0,0.1,28.9,0.13,7.39,0.18,17.6,0.02,0.02,615.087,1776227824000
1776227826.366,126.366,0.87,7.39,0.82,17.6,0.89,15.0,0.9,28.9,0.11,15.0,0.1,28.9,0.13,7.39,0.18,17.6,0.02,0.02,615.086,1776227825000
1776227826.966,126.966,0.87,7.39,0.82,17.6,0.89,15.0,0.9,28.9,0.11,15.0,0.1,28.9,0.13,7.39,0.18,17.6,0.02,0.02,615.085,1776227826000
1776227828.377,128.377,0.87,7.39,0.82,17.6,0.89,15.0,0.9,28.9,0.11,15.0,0.1,28.9,0.13,7.39,0.18,17.6,0.02,0.02,615.052,1776227827000
1776227829.092,129.092,0.87,7.39,0.82,17.6,0.89,15.0,0.9,28.9,0.11,15.0,0.1,28.9,0.13,7.39,0.18,17.6,0.02,0.02,615.052,1776227828000
1776227830.396,130.396,0.87,7.39,0.82,17.6,0.89,15.0,0.9,28.9,0.11,15.0,0.1,28.9,0.13,7.39,0.18,17.6,0.02,0.02,615.032,1776227829000
1776227831.025,131.025,0.87,7.39,0.82,17.6,0.89,15.0,0.9,28.9,0.11,15.0,0.1,28.9,0.13,7.39,0.18,17.6,0.02,0.02,615.022,1776227830000
1776227832.401,132.401,0.87,7.39,0.82,17.6,0.89,15.0,0.9,28.9,0.11,15.0,0.1,28.9,0.13,7.39,0.18,17.6,0.02,0.02,615.022,1776227831000
1776227833.153,133.153,0.87,7.39,0.82,17.6,0.89,15.0,0.9,28.9,0.11,15.0,0.1,28.9,0.13,7.39,0.18,17.6,0.02,0.02,614.967,1776227832000
1776227834.578,134.578,0.87,7.39,0.82,17.6,0.89,15.0,0.9,28.9,0.11,15.0,0.1,28.9,0.13,7.39,0.18,17.6,0.02,0.02,614.969,1776227833000
1776227835.212,135.212,0.87,7.39,0.82,17.6,0.89,15.0,0.9,28.9,0.11,15.0,0.1,28.9,0.13,7.39,0.18,17.6,0.02,0.02,614.971,1776227834000
1776227836.243,136.243,0.87,7.39,0.82,17.6,0.89,15.0,0.9,28.9,0.11,15.0,0.1,28.9,0.13,7.39,0.18,17.6,0.02,0.02,614.971,1776227835000
1776227837.366,137.366,0.87,7.39,0.82,17.6,0.89,15.0,0.9,28.9,0.11,15.0,0.1,28.9,0.13,7.39,0.18,17.6,0.02,0.02,614.915037,1776227836000
1776227837.987,137.987,0.87,7.39,0.82,17.6,0.89,15.0,0.9,28.9,0.11,15.0,0.1,28.9,0.13,7.39,0.18,17.6,0.02,0.02,614.915294,1776227837000
1776227838.715,138.715,0.66,2.05,0.65,11.4,0.77,20.0,0.78,20.2,0.11,15.0,0.1,28.9,0.13,7.39,0.18,17.6,0.11,0.02,614.915294,1776227837000
1776227839.098,139.098,0.66,2.05,0.65,11.4,0.77,20.0,0.78,20.2,0.23,20.0,0.22,20.2,0.34,2.05,0.35,11.4,0.11,0.11,614.912149,1776227838000
1776227840.079,140.079,0.66,2.05,0.65,11.4,0.77,20.0,0.78,20.2,0.23,20.0,0.22,20.2,0.34,2.05,0.35,11.4,0.11,0.11,614.910058,1776227839000
1776227841.19,141.19,0.66,2.05,0.65,11.4,0.77,20.0,0.78,20.2,0.23,20.0,0.22,20.2,0.34,2.05,0.35,11.4,0.11,0.11,614.912,1776227840000
1776227842.173,142.173,0.66,2.05,0.65,11.4,0.77,20.0,0.78,20.2,0.23,20.0,0.22,20.2,0.34,2.05,0.35,11.4,0.11,0.11,614.913082,1776227841000
1776227843.154,143.154,0.66,2.05,0.65,11.4,0.77,20.0,0.78,20.2,0.23,20.0,0.22,20.2,0.34,2.05,0.35,11.4,0.11,0.11,614.932,1776227842000
1776227844.148,144.148,0.66,2.05,0.65,11.4,0.77,20.0,0.78,20.2,0.23,20.0,0.22,20.2,0.34,2.05,0.35,11.4,0.11,0.11,614.93,1776227843000
1776227845.093,145.093,0.66,2.05,0.65,11.4,0.77,20.0,0.78,20.2,0.23,20.0,0.22,20.2,0.34,2.05,0.35,11.4,0.11,0.11,614.931,1776227844000
1776227846.267,146.267,0.66,2.05,0.65,11.4,0.77,20.0,0.78,20.2,0.23,20.0,0.22,20.2,0.34,2.05,0.35,11.4,0.11,0.11,614.935,1776227845000
1776227847.278,147.278,0.66,2.05,0.65,11.4,0.77,20.0,0.78,20.2,0.23,20.0,0.22,20.2,0.34,2.05,0.35,11.4,0.11,0.11,614.935,1776227846000
1776227848.286,148.286,0.66,2.05,0.65,11.4,0.77,20.0,0.78,20.2,0.23,20.0,0.22,20.2,0.34,2.05,0.35,11.4,0.11,0.11,614.934,1776227847000
1776227848.729,148.729,0.66,13.65,0.65,11.4,0.76,8.68,0.77,10.0,0.23,20.0,0.22,20.2,0.34,2.05,0.35,11.4,0.1,0.11,614.934,1776227847000
1776227850.189,150.189,0.66,13.65,0.65,11.4,0.76,8.68,0.77,10.0,0.24,8.68,0.23,10.0,0.34,13.65,0.35,11.4,0.1,0.1,614.935,1776227848000
1776227851.072,151.072,0.66,13.65,0.65,11.4,0.76,8.68,0.77,10.0,0.24,8.68,0.23,10.0,0.34,13.65,0.35,11.4,0.1,0.1,614.935,1776227849000
1776227851.878,151.878,0.66,13.65,0.65,11.4,0.76,8.68,0.77,10.0,0.24,8.68,0.23,10.0,0.34,13.65,0.35,11.4,0.1,0.1,614.935,1776227850000
1776227852.595,152.595,0.66,13.65,0.65,11.4,0.76,8.68,0.77,10.0,0.24,8.68,0.23,10.0,0.34,13.65,0.35,11.4,0.1,0.1,614.981,1776227851000
1776227853.415,153.415,0.66,13.65,0.65,11.4,0.76,8.68,0.77,10.0,0.24,8.68,0.23,10.0,0.34,13.65,0.35,11.4,0.1,0.1,614.987,1776227852000
1776227853.93,153.93,0.66,13.65,0.65,11.4,0.76,8.68,0.77,10.0,0.24,8.68,0.23,10.0,0.34,13.65,0.35,11.4,0.1,0.1,614.987,1776227853000
1776227855.255,155.255,0.66,13.65,0.65,11.4,0.76,8.68,0.77,10.0,0.24,8.68,0.23,10.0,0.34,13.65,0.35,11.4,0.1,0.1,614.987,1776227854000
1776227855.482,155.482,0.73,7.0,0.72,12.9,0.76,35.9,0.79,10.0,0.24,8.68,0.23,10.0,0.34,13.65,0.35,11.4,0.03,0.1,614.987,1776227854000
1776227856.634,156.634,0.73,7.0,0.72,12.9,0.76,35.9,0.79,10.0,0.24,35.9,0.21,10.0,0.27,7.0,0.28,12.9,0.03,0.03,614.988,1776227855000
1776227857.232,157.232,0.73,7.0,0.72,12.9,0.76,35.9,0.79,10.0,0.24,35.9,0.21,10.0,0.27,7.0,0.28,12.9,0.03,0.03,614.966,1776227856000
1776227858.484,158.484,0.73,7.0,0.72,12.9,0.76,35.9,0.79,10.0,0.24,35.9,0.21,10.0,0.27,7.0,0.28,12.9,0.03,0.03,614.965,1776227857000
1776227859.017,159.017,0.73,7.0,0.72,12.9,0.76,35.9,0.79,10.0,0.24,35.9,0.21,10.0,0.27,7.0,0.28,12.9,0.03,0.03,614.963,1776227858000
1776227860.245,160.245,0.73,7.0,0.72,12.9,0.76,35.9,0.79,10.0,0.24,35.9,0.21,10.0,0.27,7.0,0.28,12.9,0.03,0.03,614.965,1776227859000
1776227861.372,161.372,0.73,7.0,0.72,12.9,0.76,35.9,0.79,10.0,0.24,35.9,0.21,10.0,0.27,7.0,0.28,12.9,0.03,0.03,614.969,1776227860000
1776227861.967,161.967,0.73,7.0,0.72,12.9,0.76,35.9,0.79,10.0,0.24,35.9,0.21,10.0,0.27,7.0,0.28,12.9,0.03,0.03,614.969,1776227861000
1776227863.079,163.079,0.73,7.0,0.72,12.9,0.76,35.9,0.79,10.0,0.24,35.9,0.21,10.0,0.27,7.0,0.28,12.9,0.03,0.03,614.969,1776227862000
1776227863.595,163.595,0.55,3.4,0.54,10.5,0.68,5.0,0.75,10.0,0.24,35.9,0.21,10.0,0.27,7.0,0.28,12.9,0.13,0.03,614.969,1776227862000
1776227864.315,164.315,0.55,3.4,0.54,10.5,0.68,5.0,0.75,10.0,0.32,5.0,0.25,10.0,0.45,3.4,0.46,10.5,0.13,0.13,614.969,1776227863000
1776227865.413,165.413,0.55,3.4,0.54,10.5,0.68,5.0,0.75,10.0,0.32,5.0,0.25,10.0,0.45,3.4,0.46,10.5,0.13,0.13,614.946403,1776227864000
1776227866.33,166.33,0.55,3.4,0.54,10.5,0.68,5.0,0.75,10.0,0.32,5.0,0.25,10.0,0.45,3.4,0.46,10.5,0.13,0.13,614.946403,1776227865000
1776227867.393,167.393,0.55,3.4,0.54,10.5,0.68,5.0,0.75,10.0,0.32,5.0,0.25,10.0,0.45,3.4,0.46,10.5,0.13,0.13,614.921,1776227866000
1776227867.883,167.883,0.56,19.6,0.55,13.9,0.61,4.82,0.67,10.0,0.32,5.0,0.25,10.0,0.45,3.4,0.46,10.5,0.05,0.13,614.921,1776227866000
1776227869.023,169.023,0.56,19.6,0.55,13.9,0.67,7.82,0.69,15.0,0.33,7.82,0.31,15.0,0.44,19.6,0.45,13.9,0.11,0.11,614.882,1776227868000
1776227870.087,170.087,0.56,19.6,0.55,13.9,0.67,7.82,0.69,15.0,0.33,7.82,0.31,15.0,0.44,19.6,0.45,13.9,0.11,0.11,614.894,1776227869000
1776227871.155,171.155,0.56,19.6,0.55,13.9,0.67,7.82,0.69,15.0,0.33,7.82,0.31,15.0,0.44,19.6,0.45,13.9,0.11,0.11,614.881,1776227870000
1776227872.3,172.3,0.56,19.6,0.55,13.9,0.67,7.82,0.69,15.0,0.33,7.82,0.31,15.0,0.44,19.6,0.45,13.9,0.11,0.11,614.89,1776227871000
1776227873.394,173.394,0.56,19.6,0.55,13.9,0.67,7.82,0.69,15.0,0.33,7.82,0.31,15.0,0.44,19.6,0.45,13.9,0.11,0.11,614.888,1776227872000
1776227873.931,173.931,0.56,19.6,0.55,13.9,0.67,7.82,0.69,15.0,0.33,7.82,0.31,15.0,0.44,19.6,0.45,13.9,0.11,0.11,614.888,1776227873000
1776227874.959,174.959,0.56,19.6,0.55,13.9,0.67,7.82,0.69,15.0,0.33,7.82,0.31,15.0,0.44,19.6,0.45,13.9,0.11,0.11,614.888,1776227874000
1776227876.068,176.068,0.56,19.6,0.55,13.9,0.67,7.82,0.69,15.0,0.33,7.82,0.31,15.0,0.44,19.6,0.45,13.9,0.11,0.11,614.888,1776227875000
1776227884.513,184.513,0.56,19.6,0.55,13.9,0.67,7.82,0.69,15.0,0.33,7.82,0.31,15.0,0.44,19.6,0.45,13.9,0.11,0.11,614.891,1776227883000
1776227885.425,185.425,0.56,19.6,0.55,13.9,0.67,7.82,0.69,15.0,0.33,7.82,0.31,15.0,0.44,19.6,0.45,13.9,0.11,0.11,614.889,1776227884000
1776227885.983,185.983,0.56,19.6,0.55,13.9,0.67,7.82,0.69,15.0,0.33,7.82,0.31,15.0,0.44,19.6,0.45,13.9,0.11,0.11,614.897,1776227885000
1776227887.063,187.063,0.56,19.6,0.55,13.9,0.67,7.82,0.69,15.0,0.33,7.82,0.31,15.0,0.44,19.6,0.45,13.9,0.11,0.11,614.897,1776227886000
1776227888.26,188.26,0.56,19.6,0.55,13.9,0.67,7.82,0.69,15.0,0.33,7.82,0.31,15.0,0.44,19.6,0.45,13.9,0.11,0.11,614.903,1776227887000
1776227889.393,189.393,0.56,19.6,0.55,13.9,0.67,7.82,0.69,15.0,0.33,7.82,0.31,15.0,0.44,19.6,0.45,13.9,0.11,0.11,614.895,1776227888000
1776227889.938,189.938,0.56,19.6,0.55,13.9,0.67,7.82,0.69,15.0,0.33,7.82,0.31,15.0,0.44,19.6,0.45,13.9,0.11,0.11,614.895,1776227889000
1776227891.162,191.162,0.56,19.6,0.55,13.9,0.67,7.82,0.69,15.0,0.33,7.82,0.31,15.0,0.44,19.6,0.45,13.9,0.11,0.11,614.877,1776227890000
1776227892.356,192.356,0.56,19.6,0.55,13.9,0.67,7.82,0.69,15.0,0.33,7.82,0.31,15.0,0.44,19.6,0.45,13.9,0.11,0.11,614.946,1776227891000
1776227893.451,193.451,0.56,19.6,0.55,13.9,0.67,7.82,0.69,15.0,0.33,7.82,0.31,15.0,0.44,19.6,0.45,13.9,0.11,0.11,614.948,1776227892000
1776227893.971,193.971,0.56,19.6,0.55,13.9,0.67,7.82,0.69,15.0,0.33,7.82,0.31,15.0,0.44,19.6,0.45,13.9,0.11,0.11,614.946,1776227893000
1776227895.174,195.174,0.56,19.6,0.55,13.9,0.67,7.82,0.69,15.0,0.33,7.82,0.31,15.0,0.44,19.6,0.45,13.9,0.11,0.11,614.946,1776227894000
1776227895.624,195.624,0.74,10.0,0.73,13.2,0.75,0.92,0.76,35.9,0.33,7.82,0.31,15.0,0.44,19.6,0.45,13.9,0.01,0.11,614.946,1776227894000
1776227896.212,196.212,0.74,10.0,0.73,13.2,0.75,0.92,0.76,35.9,0.25,0.92,0.24,35.9,0.26,10.0,0.27,13.2,0.01,0.01,614.95,1776227895000
1776227897.252,197.252,0.74,10.0,0.73,13.2,0.75,0.92,0.76,35.9,0.25,0.92,0.24,35.9,0.26,10.0,0.27,13.2,0.01,0.01,614.954,1776227896000
1776227898.271,198.271,0.74,10.0,0.73,13.2,0.75,0.92,0.76,35.9,0.25,0.92,0.24,35.9,0.26,10.0,0.27,13.2,0.01,0.01,614.952,1776227897000
1776227899.204,199.204,0.74,10.0,0.73,13.2,0.75,0.92,0.76,35.9,0.25,0.92,0.24,35.9,0.26,10.0,0.27,13.2,0.01,0.01,614.949,1776227898000
1776227900.216,200.216,0.74,10.0,0.73,13.2,0.75,0.92,0.76,35.9,0.25,0.92,0.24,35.9,0.26,10.0,0.27,13.2,0.01,0.01,614.949,1776227899000
1776227901.219,201.219,0.74,10.0,0.73,13.2,0.75,0.92,0.76,35.9,0.25,0.92,0.24,35.9,0.26,10.0,0.27,13.2,0.01,0.01,614.930845,1776227900000
1776227902.228,202.228,0.74,10.0,0.73,13.2,0.75,0.92,0.76,35.9,0.25,0.92,0.24,35.9,0.26,10.0,0.27,13.2,0.01,0.01,614.966,1776227901000
1776227903.347,203.347,0.74,10.0,0.73,13.2,0.75,0.92,0.76,35.9,0.25,0.92,0.24,35.9,0.26,10.0,0.27,13.2,0.01,0.01,614.957741,1776227902000
1776227904.384,204.384,0.74,10.0,0.73,13.2,0.75,0.92,0.76,35.9,0.25,0.92,0.24,35.9,0.26,10.0,0.27,13.2,0.01,0.01,614.954531,1776227903000
1776227904.925,204.925,0.74,10.0,0.73,13.2,0.75,0.92,0.76,35.9,0.25,0.92,0.24,35.9,0.26,10.0,0.27,13.2,0.01,0.01,614.954524,1776227904000
1776227906.027,206.027,0.74,10.0,0.73,13.2,0.75,0.92,0.76,35.9,0.25,0.92,0.24,35.9,0.26,10.0,0.27,13.2,0.01,0.01,614.956,1776227905000
1776227906.939,206.939,0.74,10.0,0.73,13.2,0.75,0.92,0.76,35.9,0.25,0.92,0.24,35.9,0.26,10.0,0.27,13.2,0.01,0.01,614.95442,1776227906000
1776227908.351,208.351,0.74,10.0,0.73,13.2,0.75,0.92,0.76,35.9,0.25,0.92,0.24,35.9,0.26,10.0,0.27,13.2,0.01,0.01,614.956,1776227907000
1776227909.207,209.207,0.74,10.0,0.73,13.2,0.75,0.92,0.76,35.9,0.25,0.92,0.24,35.9,0.26,10.0,0.27,13.2,0.01,0.01,614.956,1776227908000
1776227910.322,210.322,0.74,10.0,0.73,13.2,0.75,0.92,0.76,35.9,0.25,0.92,0.24,35.9,0.26,10.0,0.27,13.2,0.01,0.01,614.958,1776227909000
1776227911.526,211.526,0.74,10.0,0.73,13.2,0.75,0.92,0.76,35.9,0.25,0.92,0.24,35.9,0.26,10.0,0.27,13.2,0.01,0.01,614.959,1776227910000
1776227912.048,212.048,0.74,10.0,0.73,13.2,0.75,0.92,0.76,35.9,0.25,0.92,0.24,35.9,0.26,10.0,0.27,13.2,0.01,0.01,614.959,1776227911000
1776227913.354,213.354,0.74,10.0,0.73,13.2,0.75,0.92,0.76,35.9,0.25,0.92,0.24,35.9,0.26,10.0,0.27,13.2,0.01,0.01,614.982,1776227912000
1776227913.941,213.941,0.74,10.0,0.73,13.2,0.75,0.92,0.76,35.9,0.25,0.92,0.24,35.9,0.26,10.0,0.27,13.2,0.01,0.01,614.982,1776227913000
1776227915.165,215.165,0.74,10.0,0.73,13.2,0.75,0.92,0.76,35.9,0.25,0.92,0.24,35.9,0.26,10.0,0.27,13.2,0.01,0.01,614.983,1776227914000
1776227916.324,216.324,0.74,10.0,0.73,13.2,0.75,0.92,0.76,35.9,0.25,0.92,0.24,35.9,0.26,10.0,0.27,13.2,0.01,0.01,614.982,1776227915000
1776227916.913,216.913,0.74,51.5,0.73,13.2,0.76,35.49,0.83,10.0,0.25,0.92,0.24,35.9,0.26,10.0,0.27,13.2,0.02,0.01,614.982,1776227915000
1776227917.48,217.48,0.74,51.5,0.73,13.2,0.76,35.49,0.83,10.0,0.24,35.49,0.17,10.0,0.26,51.5,0.27,13.2,0.02,0.02,614.960461,1776227916000
1776227918.003,218.003,0.74,51.5,0.73,13.2,0.76,35.49,0.83,10.0,0.24,35.49,0.17,10.0,0.26,51.5,0.27,13.2,0.02,0.02,614.944,1776227917000
1776227918.503,218.503,0.74,51.5,0.73,13.2,0.76,35.49,0.83,10.0,0.24,35.49,0.17,10.0,0.26,51.5,0.27,13.2,0.02,0.02,614.944,1776227917000
1776227919.067,219.067,0.74,51.5,0.73,13.2,0.76,35.49,0.83,10.0,0.24,35.49,0.17,10.0,0.26,51.5,0.27,13.2,0.02,0.02,614.943,1776227918000
1776227920.217,220.217,0.74,51.5,0.73,13.2,0.76,35.49,0.83,10.0,0.24,35.49,0.17,10.0,0.26,51.5,0.27,13.2,0.02,0.02,614.94,1776227919000
1776227921.265,221.265,0.74,51.5,0.73,13.2,0.76,35.49,0.83,10.0,0.24,35.49,0.17,10.0,0.26,51.5,0.27,13.2,0.02,0.02,614.949,1776227920000
1776227922.373,222.373,0.74,51.5,0.73,13.2,0.76,35.49,0.83,10.0,0.24,35.49,0.17,10.0,0.26,51.5,0.27,13.2,0.02,0.02,614.956,1776227921000
1776227922.609,222.609,0.75,23.9,0.74,41.5,0.84,10.0,0.88,41.26,0.24,35.49,0.17,10.0,0.26,51.5,0.27,13.2,0.09,0.02,614.956,1776227921000
1776227923.57,223.57,0.75,23.9,0.74,41.5,0.84,10.0,0.88,41.26,0.16,10.0,0.12,41.26,0.25,23.9,0.26,41.5,0.09,0.09,614.96,1776227922000
1776227924.612,224.612,0.75,23.9,0.74,41.5,0.84,10.0,0.88,41.26,0.16,10.0,0.12,41.26,0.25,23.9,0.26,41.5,0.09,0.09,614.96,1776227923000
1776227925.324,225.324,0.75,23.9,0.74,41.5,0.84,10.0,0.88,41.26,0.16,10.0,0.12,41.26,0.25,23.9,0.26,41.5,0.09,0.09,614.961,1776227924000
1776227926.539,226.539,0.75,23.9,0.74,41.5,0.84,10.0,0.88,41.26,0.16,10.0,0.12,41.26,0.25,23.9,0.26,41.5,0.09,0.09,614.965,1776227925000
1776227927.369,227.369,0.75,23.9,0.74,41.5,0.84,10.0,0.88,41.26,0.16,10.0,0.12,41.26,0.25,23.9,0.26,41.5,0.09,0.09,614.96,1776227926000
1776227928.494,228.494,0.75,23.9,0.74,41.5,0.84,10.0,0.88,41.26,0.16,10.0,0.12,41.26,0.25,23.9,0.26,41.5,0.09,0.09,614.943,1776227927000
1776227929.468,229.468,0.75,23.9,0.74,41.5,0.84,10.0,0.88,41.26,0.16,10.0,0.12,41.26,0.25,23.9,0.26,41.5,0.09,0.09,614.943,1776227928000
1776227930.132,230.132,0.75,23.9,0.74,41.5,0.84,10.0,0.88,41.26,0.16,10.0,0.12,41.26,0.25,23.9,0.26,41.5,0.09,0.09,614.922,1776227929000
1776227931.515,231.515,0.75,23.9,0.74,41.5,0.84,10.0,0.88,41.26,0.16,10.0,0.12,41.26,0.25,23.9,0.26,41.5,0.09,0.09,614.927,1776227930000
1776227932.388,232.388,0.75,23.9,0.74,41.5,0.84,10.0,0.88,41.26,0.16,10.0,0.12,41.26,0.25,23.9,0.26,41.5,0.09,0.09,614.927,1776227931000
1776227933.026,233.026,0.75,23.9,0.74,41.5,0.84,10.0,0.88,41.26,0.16,10.0,0.12,41.26,0.25,23.9,0.26,41.5,0.09,0.09,614.923,1776227932000
1776227934.344,234.344,0.75,23.9,0.74,41.5,0.84,10.0,0.88,41.26,0.16,10.0,0.12,41.26,0.25,23.9,0.26,41.5,0.09,0.09,614.93,1776227933000
1776227935.671,235.671,0.75,23.9,0.74,41.5,0.84,10.0,0.88,41.26,0.16,10.0,0.12,41.26,0.25,23.9,0.26,41.5,0.09,0.09,614.945,1776227934000
1776227936.341,236.341,0.75,23.9,0.74,41.5,0.84,10.0,0.88,41.26,0.16,10.0,0.12,41.26,0.25,23.9,0.26,41.5,0.09,0.09,614.954,1776227935000
1776227937.577,237.577,0.75,23.9,0.74,41.5,0.84,10.0,0.88,41.26,0.16,10.0,0.12,41.26,0.25,23.9,0.26,41.5,0.09,0.09,614.964,1776227936000
1776227938.251,238.251,0.75,23.9,0.74,41.5,0.84,10.0,0.88,41.26,0.16,10.0,0.12,41.26,0.25,23.9,0.26,41.5,0.09,0.09,614.967,1776227937000
1776227939.574,239.574,0.75,23.9,0.74,41.5,0.84,10.0,0.88,41.26,0.16,10.0,0.12,41.26,0.25,23.9,0.26,41.5,0.09,0.09,614.971,1776227938000
1776227940.234,240.234,0.75,23.9,0.74,41.5,0.84,10.0,0.88,41.26,0.16,10.0,0.12,41.26,0.25,23.9,0.26,41.5,0.09,0.09,614.971,1776227939000
1776227941.644,241.644,0.75,23.9,0.74,41.5,0.84,10.0,0.88,41.26,0.16,10.0,0.12,41.26,0.25,23.9,0.26,41.5,0.09,0.09,614.973,1776227940000
1776227942.165,242.165,0.75,23.9,0.74,41.5,0.84,10.0,0.88,41.26,0.16,10.0,0.12,41.26,0.25,23.9,0.26,41.5,0.09,0.09,614.973,1776227941000
1776227943.265,243.265,0.75,23.9,0.74,41.5,0.84,10.0,0.88,41.26,0.16,10.0,0.12,41.26,0.25,23.9,0.26,41.5,0.09,0.09,614.976,1776227942000
1776227944.358,244.358,0.75,23.9,0.74,41.5,0.84,10.0,0.88,41.26,0.16,10.0,0.12,41.26,0.25,23.9,0.26,41.5,0.09,0.09,614.967,1776227943000
1776227945.097,245.097,0.75,23.9,0.74,41.5,0.84,10.0,0.88,41.26,0.16,10.0,0.12,41.26,0.25,23.9,0.26,41.5,0.09,0.09,614.967,1776227944000
1776227946.376,246.376,0.75,23.9,0.74,41.5,0.84,10.0,0.88,41.26,0.16,10.0,0.12,41.26,0.25,23.9,0.26,41.5,0.09,0.09,614.967,1776227945000
1776227946.985,246.985,0.75,23.9,0.74,41.5,0.84,10.0,0.88,41.26,0.16,10.0,0.12,41.26,0.25,23.9,0.26,41.5,0.09,0.09,614.974,1776227946000
1776227947.523,247.523,0.85,20.39,0.84,19.3,0.88,6.36,0.92,35.29,0.16,10.0,0.12,41.26,0.25,23.9,0.26,41.5,0.03,0.09,614.974,1776227946000
1776227948.028,248.028,0.85,20.39,0.84,19.3,0.92,35.29,0.93,39.9,0.12,6.36,0.08,35.29,0.15,20.39,0.16,19.3,0.07,0.03,614.974,1776227946000
1776227949.649,249.649,0.85,20.39,0.84,19.3,0.92,35.29,0.93,39.9,0.08,35.29,0.07,39.9,0.15,20.39,0.16,19.3,0.07,0.07,614.966,1776227948000
1776227950.438,250.438,0.85,20.39,0.84,19.3,0.92,35.29,0.93,39.9,0.08,35.29,0.07,39.9,0.15,20.39,0.16,19.3,0.07,0.07,614.966,1776227949000
1776227950.97,250.97,0.85,20.39,0.84,19.3,0.92,35.29,0.93,39.9,0.08,35.29,0.07,39.9,0.15,20.39,0.16,19.3,0.07,0.07,614.97,1776227950000
1776227952.342,252.342,0.85,20.39,0.84,19.3,0.92,35.29,0.93,39.9,0.08,35.29,0.07,39.9,0.15,20.39,0.16,19.3,0.07,0.07,614.963,1776227951000
1776227953.044,253.044,0.85,20.39,0.84,19.3,0.92,35.29,0.93,39.9,0.08,35.29,0.07,39.9,0.15,20.39,0.16,19.3,0.07,0.07,614.961,1776227952000
1776227954.292,254.292,0.85,20.39,0.84,19.3,0.92,35.29,0.93,39.9,0.08,35.29,0.07,39.9,0.15,20.39,0.16,19.3,0.07,0.07,614.972,1776227953000
1776227954.91,254.91,0.88,24.6,0.87,23.0,0.9,6.32,0.94,46.1,0.1,6.32,0.06,46.1,0.12,24.6,0.13,23.0,0.02,0.02,614.972,1776227954000
1776227956.157,256.157,0.88,24.6,0.87,23.0,0.9,6.32,0.94,46.1,0.1,6.32,0.06,46.1,0.12,24.6,0.13,23.0,0.02,0.02,614.98,1776227955000
1776227956.397,256.397,0.89,26.6,0.88,24.6,0.95,54.7,0.96,72.7,0.1,6.32,0.06,46.1,0.12,24.6,0.13,23.0,0.06,0.02,614.98,1776227955000
1776227957.737,257.737,0.9,28.9,0.89,26.6,0.95,49.43,0.96,72.7,0.05,54.7,0.04,72.7,0.11,26.6,0.12,24.6,0.05,0.06,614.98,1776227955000
1776227959.003,259.003,0.9,28.9,0.89,26.6,0.95,49.43,0.96,72.7,0.05,49.43,0.04,72.7,0.1,28.9,0.11,26.6,0.05,0.05,614.979,1776227957000
1776227959.592,259.592,0.9,28.9,0.89,26.6,0.95,49.43,0.96,72.7,0.05,49.43,0.04,72.7,0.1,28.9,0.11,26.6,0.05,0.05,614.984,1776227958000
1776227960.176,260.176,0.9,28.9,0.89,26.6,0.95,49.43,0.96,72.7,0.05,49.43,0.04,72.7,0.1,28.9,0.11,26.6,0.05,0.05,614.981,1776227959000
1776227961.356,261.356,0.9,28.9,0.89,26.6,0.95,49.43,0.96,72.7,0.05,49.43,0.04,72.7,0.1,28.9,0.11,26.6,0.05,0.05,614.981,1776227960000
1776227961.985,261.985,0.9,28.9,0.89,26.6,0.95,49.43,0.96,72.7,0.05,49.43,0.04,72.7,0.1,28.9,0.11,26.6,0.05,0.05,614.976,1776227961000
1776227963.104,263.104,0.9,28.9,0.89,26.6,0.95,49.43,0.96,72.7,0.05,49.43,0.04,72.7,0.1,28.9,0.11,26.6,0.05,0.05,614.976,1776227962000
1776227964.274,264.274,0.9,28.9,0.89,26.6,0.95,49.43,0.96,72.7,0.05,49.43,0.04,72.7,0.1,28.9,0.11,26.6,0.05,0.05,614.98,1776227963000
1776227965.412,265.412,0.9,28.9,0.89,26.6,0.95,49.43,0.96,72.7,0.05,49.43,0.04,72.7,0.1,28.9,0.11,26.6,0.05,0.05,614.969,1776227964000
1776227966.011,266.011,0.9,28.9,0.89,26.6,0.95,49.43,0.96,72.7,0.05,49.43,0.04,72.7,0.1,28.9,0.11,26.6,0.05,0.05,614.972,1776227965000
1776227967.106,267.106,0.9,28.9,0.89,26.6,0.95,49.43,0.96,72.7,0.05,49.43,0.04,72.7,0.1,28.9,0.11,26.6,0.05,0.05,614.969,1776227966000
1776227968.234,268.234,0.9,28.9,0.89,26.6,0.95,49.43,0.96,72.7,0.05,49.43,0.04,72.7,0.1,28.9,0.11,26.6,0.05,0.05,614.97,1776227967000
1776227969.32,269.32,0.9,28.9,0.89,26.6,0.95,49.43,0.96,72.7,0.05,49.43,0.04,72.7,0.1,28.9,0.11,26.6,0.05,0.05,614.984,1776227968000
1776227969.886,269.886,0.9,28.9,0.89,26.6,0.95,49.43,0.96,72.7,0.05,49.43,0.04,72.7,0.1,28.9,0.11,26.6,0.05,0.05,614.984,1776227969000
1776227971.07,271.07,0.9,28.9,0.89,26.6,0.95,49.43,0.96,72.7,0.05,49.43,0.04,72.7,0.1,28.9,0.11,26.6,0.05,0.05,614.965,1776227970000
1776227972.176,272.176,0.9,28.9,0.89,26.6,0.95,49.43,0.96,72.7,0.05,49.43,0.04,72.7,0.1,28.9,0.11,26.6,0.05,0.05,614.965,1776227971000
1776227972.524,272.524,0.65,2.91,0.64,11.3,0.91,50.0,0.96,10.0,0.05,49.43,0.04,72.7,0.1,28.9,0.11,26.6,0.26,0.05,614.965,1776227971000
1776227973.394,273.394,0.61,53.28,0.6,10.8,0.82,20.0,0.91,55.0,0.09,50.0,0.04,10.0,0.36,5.87,0.37,11.2,0.21,0.27,614.965,1776227971000
1776227973.787,273.787,0.61,5.75,0.6,10.8,0.81,50.0,0.82,20.0,0.18,20.0,0.09,55.0,0.39,53.28,0.4,10.8,0.2,0.21,614.965,1776227971000
1776227974.597,274.597,0.61,5.75,0.6,10.8,0.81,50.0,0.82,20.0,0.19,50.0,0.18,20.0,0.39,5.75,0.4,10.8,0.2,0.2,614.937677,1776227973000
1776227975.272,275.272,0.61,5.75,0.6,10.8,0.81,50.0,0.82,20.0,0.19,50.0,0.18,20.0,0.39,5.75,0.4,10.8,0.2,0.2,614.935344,1776227974000
1776227975.926,275.926,0.61,5.75,0.6,10.8,0.81,50.0,0.82,20.0,0.19,50.0,0.18,20.0,0.39,5.75,0.4,10.8,0.2,0.2,614.865,1776227975000
1776227977.028,277.028,0.61,5.75,0.6,10.8,0.81,50.0,0.82,20.0,0.19,50.0,0.18,20.0,0.39,5.75,0.4,10.8,0.2,0.2,614.853,1776227976000
1776227978.32,278.32,0.61,5.75,0.6,10.8,0.81,50.0,0.82,20.0,0.19,50.0,0.18,20.0,0.39,5.75,0.4,10.8,0.2,0.2,614.845,1776227977000
1776227978.89,278.89,0.61,5.75,0.6,10.8,0.81,50.0,0.82,20.0,0.19,50.0,0.18,20.0,0.39,5.75,0.4,10.8,0.2,0.2,614.839,1776227978000
1776227979.984,279.984,0.61,5.75,0.6,10.8,0.81,50.0,0.82,20.0,0.19,50.0,0.18,20.0,0.39,5.75,0.4,10.8,0.2,0.2,614.852,1776227979000
1776227981.161,281.161,0.61,5.75,0.6,10.8,0.81,50.0,0.82,20.0,0.19,50.0,0.18,20.0,0.39,5.75,0.4,10.8,0.2,0.2,614.855,1776227980000
1776227982.417,282.417,0.61,5.75,0.6,10.8,0.81,50.0,0.82,20.0,0.19,50.0,0.18,20.0,0.39,5.75,0.4,10.8,0.2,0.2,614.857,1776227981000
1776227982.955,282.955,0.61,5.75,0.6,10.8,0.81,50.0,0.82,20.0,0.19,50.0,0.18,20.0,0.39,5.75,0.4,10.8,0.2,0.2,614.857,1776227982000
1776227984.189,284.189,0.61,5.75,0.6,10.8,0.81,50.0,0.82,20.0,0.19,50.0,0.18,20.0,0.39,5.75,0.4,10.8,0.2,0.2,614.852,1776227983000
1776227985.282,285.282,0.61,5.75,0.6,10.8,0.81,50.0,0.82,20.0,0.19,50.0,0.18,20.0,0.39,5.75,0.4,10.8,0.2,0.2,614.85,1776227984000
1776227986.398,286.398,0.61,5.75,0.6,10.8,0.81,50.0,0.82,20.0,0.19,50.0,0.18,20.0,0.39,5.75,0.4,10.8,0.2,0.2,614.843,1776227985000
1776227987.013,287.013,0.61,5.75,0.6,10.8,0.81,50.0,0.82,20.0,0.19,50.0,0.18,20.0,0.39,5.75,0.4,10.8,0.2,0.2,614.839,1776227986000
1776227988.126,288.126,0.61,5.75,0.6,10.8,0.81,50.0,0.82,20.0,0.19,50.0,0.18,20.0,0.39,5.75,0.4,10.8,0.2,0.2,614.84,1776227987000
1776227989.075,289.075,0.61,5.75,0.6,10.8,0.81,50.0,0.82,20.0,0.19,50.0,0.18,20.0,0.39,5.75,0.4,10.8,0.2,0.2,614.888345,1776227988000
1776227989.437,289.437,0.51,58.93,0.41,50.0,0.72,10.0,0.81,50.0,0.19,50.0,0.18,20.0,0.39,5.75,0.4,10.8,0.21,0.2,614.888345,1776227988000
1776227989.928,289.928,0.51,46.79,0.41,50.0,0.73,8.61,0.81,50.0,0.28,10.0,0.19,50.0,0.49,46.79,0.59,50.0,0.22,0.21,614.888345,1776227988000
1776227990.353,290.353,0.51,63.58,0.41,50.0,0.75,3.61,0.81,50.0,0.26,8.61,0.19,50.0,0.49,28.58,0.59,50.0,0.24,0.23,614.905,1776227989000
1776227990.795,290.795,0.61,42.0,0.51,63.58,0.81,5.0,0.82,10.0,0.25,3.61,0.19,50.0,0.49,63.58,0.59,50.0,0.2,0.24,614.905,1776227989000
1776227991.076,291.076,0.51,63.58,0.41,50.0,0.81,46.33,0.82,7.69,0.19,46.33,0.18,7.69,0.49,63.58,0.59,50.0,0.3,0.3,614.86576,1776227990000
1776227991.393,291.393,0.71,50.0,0.61,50.0,0.82,4.06,0.91,5.0,0.19,46.33,0.18,7.69,0.49,63.58,0.59,50.0,0.11,0.3,614.86576,1776227990000
1776227991.976,291.976,0.72,7.31,0.71,50.0,0.91,2.12,0.96,10.0,0.18,0.43,0.09,5.0,0.29,50.0,0.39,50.0,0.19,0.11,614.86576,1776227990000
1776227992.491,292.491,0.72,7.31,0.71,50.0,0.96,8.91,0.98,10.0,0.09,2.12,0.04,10.0,0.28,7.31,0.29,50.0,0.24,0.19,614.84307,1776227991000
1776227993.092,293.092,0.72,7.31,0.71,50.0,0.96,5.81,0.98,10.0,0.04,5.81,0.02,10.0,0.28,7.31,0.29,50.0,0.24,0.24,614.907105,1776227992000
1776227994.12,294.12,0.72,7.31,0.71,50.0,0.96,5.81,0.98,10.0,0.04,5.81,0.02,10.0,0.28,7.31,0.29,50.0,0.24,0.24,614.93,1776227993000
1776227995.082,295.082,0.71,49.89,0.61,50.0,0.96,5.81,0.98,10.0,0.04,5.81,0.02,10.0,0.29,49.89,0.39,50.0,0.25,0.25,614.94954,1776227994000
1776227996.083,296.083,0.71,49.89,0.61,50.0,0.96,5.81,0.98,10.0,0.04,5.81,0.02,10.0,0.29,49.89,0.39,50.0,0.25,0.25,614.94252,1776227995000
1776227996.464,296.464,0.81,50.0,0.71,49.89,0.96,4.67,0.98,10.0,0.04,5.81,0.02,10.0,0.29,49.89,0.39,50.0,0.15,0.25,614.94252,1776227995000
1776227997.103,297.103,0.81,50.0,0.71,49.89,0.96,4.67,0.98,10.0,0.04,4.67,0.02,10.0,0.19,50.0,0.29,49.89,0.15,0.15,614.94277,1776227996000
1776227997.348,297.348,0.81,50.0,0.71,49.89,0.98,5.39,0.99,125.0,0.04,4.67,0.02,10.0,0.19,50.0,0.29,49.89,0.17,0.15,614.94277,1776227996000
1776227997.814,297.814,0.81,50.0,0.71,49.89,0.98,3.12,0.99,125.0,0.02,4.25,0.01,125.0,0.19,50.0,0.29,49.89,0.17,0.17,614.94277,1776227996000
1776227998.121,298.121,0.81,50.0,0.71,49.89,0.98,3.12,0.99,125.0,0.02,3.12,0.01,125.0,0.19,50.0,0.29,49.89,0.17,0.17,614.94249,1776227997000
1776227998.45,298.45,0.81,50.0,0.71,49.89,0.99,114.95,,,0.01,116.07,,,0.19,50.0,0.29,49.89,0.18,0.18,614.94249,1776227997000
1776227998.751,298.751,0.99,890.11,0.81,50.0,,,,,0.01,109.89,,,0.19,50.0,0.29,49.89,,0.18,614.94249,1776227997000
1776227999.155,299.155,0.99,890.11,0.81,50.0,,,,,,,,,0.01,890.11,0.19,50.0,,,614.94328,1776227998000
1776228000.128,300.128,0.99,1866.18,0.77,5.0,,,,,,,,,0.01,1866.18,0.23,5.0,,,614.94389,1776227999000

# RESULT,winner=Up,slug=bnb-updown-5m-1776227700,ticks=321
