timestamp,elapsed_sec,up_bid_p1,up_bid_s1,up_bid_p2,up_bid_s2,up_ask_p1,up_ask_s1,up_ask_p2,up_ask_s2,down_bid_p1,down_bid_s1,down_bid_p2,down_bid_s2,down_ask_p1,down_ask_s1,down_ask_p2,down_ask_s2,up_spread,down_spread,bnb_price,bnb_oracle_ts
1776222901.643,1.643,0.5,5.0,0.33,300.0,0.67,300.0,0.69,375.0,0.33,300.0,0.31,375.0,0.5,5.0,0.67,300.0,0.17,0.17,615.530757,1776222900000
1776222901.954,1.954,0.5,5.0,0.33,300.0,0.67,300.0,0.69,375.0,0.33,300.0,0.31,375.0,0.5,5.0,0.67,300.0,0.17,0.17,615.530757,1776222900000
1776222902.223,2.223,0.5,5.0,0.33,300.0,0.67,300.0,0.69,375.0,0.33,300.0,0.31,375.0,0.5,5.0,0.67,300.0,0.17,0.17,615.556,1776222901000
1776222903.146,3.146,0.5,5.0,0.33,300.0,0.67,300.0,0.69,375.0,0.33,300.0,0.31,375.0,0.5,5.0,0.67,300.0,0.17,0.17,615.537,1776222902000
1776222904.127,4.127,0.5,5.0,0.33,300.0,0.67,300.0,0.69,375.0,0.33,300.0,0.31,375.0,0.5,5.0,0.67,300.0,0.17,0.17,615.44145,1776222903000
1776222905.168,5.168,0.5,5.0,0.33,300.0,0.67,300.0,0.69,375.0,0.33,300.0,0.31,375.0,0.5,5.0,0.67,300.0,0.17,0.17,615.399453,1776222904000
1776222905.433,5.433,0.33,10.0,0.27,450.0,0.51,50.0,0.61,50.0,0.33,300.0,0.31,375.0,0.5,5.0,0.67,300.0,0.18,0.17,615.399453,1776222904000
1776222906.331,6.331,0.33,10.0,0.27,450.0,0.51,50.0,0.61,50.0,0.49,50.0,0.39,50.0,0.67,10.0,0.73,450.0,0.18,0.18,615.399882,1776222905000
1776222907.638,7.638,0.33,10.0,0.27,450.0,0.51,50.0,0.61,50.0,0.49,50.0,0.39,50.0,0.67,10.0,0.73,450.0,0.18,0.18,615.43368,1776222906000
1776222908.356,8.356,0.33,10.0,0.27,450.0,0.51,50.0,0.61,50.0,0.49,50.0,0.39,50.0,0.67,10.0,0.73,450.0,0.18,0.18,615.432,1776222907000
1776222909.118,9.118,0.33,10.0,0.27,450.0,0.51,50.0,0.61,50.0,0.49,50.0,0.39,50.0,0.67,10.0,0.73,450.0,0.18,0.18,615.432,1776222908000
1776222910.483,10.483,0.33,10.0,0.27,450.0,0.51,50.0,0.61,50.0,0.49,50.0,0.39,50.0,0.67,10.0,0.73,450.0,0.18,0.18,615.449,1776222909000
1776222911.255,11.255,0.33,10.0,0.27,450.0,0.51,50.0,0.61,50.0,0.49,50.0,0.39,50.0,0.67,10.0,0.73,450.0,0.18,0.18,615.449,1776222910000
1776222912.488,12.488,0.33,10.0,0.27,450.0,0.51,50.0,0.61,50.0,0.49,50.0,0.39,50.0,0.67,10.0,0.73,450.0,0.18,0.18,615.464,1776222911000
1776222913.081,13.081,0.33,10.0,0.27,450.0,0.51,50.0,0.61,50.0,0.49,50.0,0.39,50.0,0.67,10.0,0.73,450.0,0.18,0.18,615.464,1776222912000
1776222914.306,14.306,0.33,10.0,0.27,450.0,0.51,50.0,0.61,50.0,0.49,50.0,0.39,50.0,0.67,10.0,0.73,450.0,0.18,0.18,615.465,1776222913000
1776222915.431,15.431,0.33,10.0,0.27,450.0,0.51,50.0,0.61,50.0,0.49,50.0,0.39,50.0,0.67,10.0,0.73,450.0,0.18,0.18,615.47,1776222914000
1776222916.052,16.052,0.33,10.0,0.27,450.0,0.51,50.0,0.61,50.0,0.49,50.0,0.39,50.0,0.67,10.0,0.73,450.0,0.18,0.18,615.471,1776222915000
1776222917.256,17.256,0.33,10.0,0.27,450.0,0.51,50.0,0.61,50.0,0.49,50.0,0.39,50.0,0.67,10.0,0.73,450.0,0.18,0.18,615.436,1776222916000
1776222918.507,18.507,0.33,10.0,0.27,450.0,0.51,50.0,0.61,50.0,0.49,50.0,0.39,50.0,0.67,10.0,0.73,450.0,0.18,0.18,615.398,1776222917000
1776222919.013,19.013,0.33,10.0,0.27,450.0,0.51,50.0,0.61,50.0,0.49,50.0,0.39,50.0,0.67,10.0,0.73,450.0,0.18,0.18,615.398,1776222918000
1776222920.215,20.215,0.33,10.0,0.27,450.0,0.51,50.0,0.61,50.0,0.49,50.0,0.39,50.0,0.67,10.0,0.73,450.0,0.18,0.18,615.397,1776222919000
1776222921.344,21.344,0.33,10.0,0.27,450.0,0.51,50.0,0.61,50.0,0.49,50.0,0.39,50.0,0.67,10.0,0.73,450.0,0.18,0.18,615.368,1776222920000
1776222922.335,22.335,0.33,10.0,0.27,450.0,0.51,50.0,0.61,50.0,0.49,50.0,0.39,50.0,0.67,10.0,0.73,450.0,0.18,0.18,615.367893,1776222921000
1776222922.906,22.906,0.33,10.0,0.27,450.0,0.51,50.0,0.61,50.0,0.49,50.0,0.39,50.0,0.67,10.0,0.73,450.0,0.18,0.18,615.367893,1776222922000
1776222924.023,24.023,0.33,10.0,0.27,450.0,0.51,50.0,0.61,50.0,0.49,50.0,0.39,50.0,0.67,10.0,0.73,450.0,0.18,0.18,615.383,1776222923000
1776222925.136,25.136,0.33,10.0,0.27,450.0,0.51,50.0,0.61,50.0,0.49,50.0,0.39,50.0,0.67,10.0,0.73,450.0,0.18,0.18,615.383,1776222924000
1776222926.268,26.268,0.33,10.0,0.27,450.0,0.51,50.0,0.61,50.0,0.49,50.0,0.39,50.0,0.67,10.0,0.73,450.0,0.18,0.18,615.39,1776222925000
1776222927.349,27.349,0.33,10.0,0.27,450.0,0.51,50.0,0.61,50.0,0.49,50.0,0.39,50.0,0.67,10.0,0.73,450.0,0.18,0.18,615.383,1776222926000
1776222927.923,27.923,0.33,10.0,0.27,450.0,0.51,50.0,0.61,50.0,0.49,50.0,0.39,50.0,0.67,10.0,0.73,450.0,0.18,0.18,615.383,1776222927000
1776222928.98,28.98,0.33,10.0,0.27,450.0,0.51,50.0,0.61,50.0,0.49,50.0,0.39,50.0,0.67,10.0,0.73,450.0,0.18,0.18,615.382,1776222928000
1776222930.098,30.098,0.33,10.0,0.27,450.0,0.51,50.0,0.61,50.0,0.49,50.0,0.39,50.0,0.67,10.0,0.73,450.0,0.18,0.18,615.383,1776222929000
1776222931.152,31.152,0.33,10.0,0.27,450.0,0.51,50.0,0.61,50.0,0.49,50.0,0.39,50.0,0.67,10.0,0.73,450.0,0.18,0.18,615.367893,1776222930000
1776222932.217,32.217,0.33,10.0,0.27,450.0,0.51,50.0,0.61,50.0,0.49,50.0,0.39,50.0,0.67,10.0,0.73,450.0,0.18,0.18,615.328192,1776222931000
1776222933.247,33.247,0.33,10.0,0.27,450.0,0.51,50.0,0.61,50.0,0.49,50.0,0.39,50.0,0.67,10.0,0.73,450.0,0.18,0.18,615.337,1776222932000
1776222934.38,34.38,0.33,10.0,0.27,450.0,0.51,50.0,0.61,50.0,0.49,50.0,0.39,50.0,0.67,10.0,0.73,450.0,0.18,0.18,615.339,1776222933000
1776222934.972,34.972,0.33,10.0,0.27,450.0,0.51,50.0,0.61,50.0,0.49,50.0,0.39,50.0,0.67,10.0,0.73,450.0,0.18,0.18,615.339,1776222934000
1776222936.558,36.558,0.33,10.0,0.27,450.0,0.51,50.0,0.61,50.0,0.49,50.0,0.39,50.0,0.67,10.0,0.73,450.0,0.18,0.18,615.346,1776222935000
1776222937.524,37.524,0.33,10.0,0.27,450.0,0.51,50.0,0.61,50.0,0.49,50.0,0.39,50.0,0.67,10.0,0.73,450.0,0.18,0.18,615.346,1776222936000
1776222938.379,38.379,0.33,10.0,0.27,450.0,0.51,50.0,0.61,50.0,0.49,50.0,0.39,50.0,0.67,10.0,0.73,450.0,0.18,0.18,615.347,1776222937000
1776222938.98,38.98,0.33,10.0,0.27,450.0,0.51,50.0,0.61,50.0,0.49,50.0,0.39,50.0,0.67,10.0,0.73,450.0,0.18,0.18,615.346,1776222938000
1776222940.585,40.585,0.33,10.0,0.27,450.0,0.51,50.0,0.61,50.0,0.49,50.0,0.39,50.0,0.67,10.0,0.73,450.0,0.18,0.18,615.345,1776222939000
1776222941.221,41.221,0.33,10.0,0.27,450.0,0.51,50.0,0.61,50.0,0.49,50.0,0.39,50.0,0.67,10.0,0.73,450.0,0.18,0.18,615.346,1776222940000
1776222942.506,42.506,0.33,10.0,0.27,450.0,0.51,50.0,0.61,50.0,0.49,50.0,0.39,50.0,0.67,10.0,0.73,450.0,0.18,0.18,615.354,1776222941000
1776222943.283,43.283,0.33,10.0,0.27,450.0,0.51,50.0,0.61,50.0,0.49,50.0,0.39,50.0,0.67,10.0,0.73,450.0,0.18,0.18,615.354,1776222942000
1776222944.757,44.757,0.33,10.0,0.27,450.0,0.51,50.0,0.61,50.0,0.49,50.0,0.39,50.0,0.67,10.0,0.73,450.0,0.18,0.18,615.355,1776222943000
1776222945.324,45.324,0.33,10.0,0.27,450.0,0.51,50.0,0.61,50.0,0.49,50.0,0.39,50.0,0.67,10.0,0.73,450.0,0.18,0.18,615.355,1776222944000
1776222946.036,46.036,0.33,10.0,0.27,450.0,0.51,50.0,0.61,50.0,0.49,50.0,0.39,50.0,0.67,10.0,0.73,450.0,0.18,0.18,615.356,1776222945000
1776222947.231,47.231,0.25,5.0,0.23,14.7,0.31,5.0,0.33,5.0,0.49,50.0,0.39,50.0,0.67,10.0,0.73,450.0,0.06,0.18,615.356,1776222945000
1776222947.463,47.463,0.25,5.0,0.23,14.7,0.31,5.0,0.33,5.0,0.69,5.0,0.67,5.0,0.75,5.0,0.77,14.7,0.06,0.06,615.348,1776222946000
1776222948.366,48.366,0.25,5.0,0.23,14.7,0.31,5.0,0.33,5.0,0.69,5.0,0.67,5.0,0.75,5.0,0.77,14.7,0.06,0.06,615.34485,1776222947000
1776222949.581,49.581,0.25,12.3,0.24,14.3,0.31,10.0,0.33,5.0,0.69,10.0,0.67,5.0,0.75,12.3,0.76,14.3,0.06,0.06,615.366,1776222948000
1776222950.262,50.262,0.25,12.3,0.24,14.3,0.31,10.0,0.33,5.0,0.69,10.0,0.67,5.0,0.75,12.3,0.76,14.3,0.06,0.06,615.366,1776222949000
1776222951.551,51.551,0.25,12.3,0.24,14.3,0.31,10.0,0.33,5.0,0.69,10.0,0.67,5.0,0.75,12.3,0.76,14.3,0.06,0.06,615.375,1776222950000
1776222952.368,52.368,0.25,12.3,0.24,14.3,0.31,10.0,0.33,5.0,0.69,10.0,0.67,5.0,0.75,12.3,0.76,14.3,0.06,0.06,615.379509,1776222951000
1776222953.586,53.586,0.25,12.3,0.24,14.3,0.31,10.0,0.33,5.0,0.69,10.0,0.67,5.0,0.75,12.3,0.76,14.3,0.06,0.06,615.35314,1776222952000
1776222954.638,54.638,0.25,12.3,0.24,14.3,0.31,10.0,0.33,5.0,0.69,10.0,0.67,5.0,0.75,12.3,0.76,14.3,0.06,0.06,615.387,1776222953000
1776222955.158,55.158,0.37,5.0,0.34,5.0,0.48,2.51,0.49,5.0,0.52,2.51,0.51,5.0,0.63,5.0,0.66,5.0,0.11,0.11,615.387,1776222954000
1776222956.215,56.215,0.37,5.0,0.34,5.0,0.48,2.51,0.49,5.0,0.52,2.51,0.51,5.0,0.63,5.0,0.66,5.0,0.11,0.11,615.405394,1776222955000
1776222957.975,57.975,0.37,5.0,0.34,5.0,0.48,2.51,0.49,5.0,0.52,2.51,0.51,5.0,0.63,5.0,0.66,5.0,0.11,0.11,615.536014,1776222957000
1776222959.196,59.196,0.37,5.0,0.34,5.0,0.48,2.51,0.49,5.0,0.52,2.51,0.51,5.0,0.63,5.0,0.66,5.0,0.11,0.11,615.549,1776222958000
1776222960.2,60.2,0.37,5.0,0.34,5.0,0.48,2.51,0.49,5.0,0.52,2.51,0.51,5.0,0.63,5.0,0.66,5.0,0.11,0.11,615.557,1776222959000
1776222961.272,61.272,0.37,5.0,0.34,5.0,0.48,2.51,0.49,5.0,0.52,2.51,0.51,5.0,0.63,5.0,0.66,5.0,0.11,0.11,615.583,1776222960000
1776222962.509,62.509,0.37,5.0,0.34,5.0,0.48,2.51,0.49,5.0,0.52,2.51,0.51,5.0,0.63,5.0,0.66,5.0,0.11,0.11,615.591,1776222961000
1776222963.042,63.042,0.37,5.0,0.34,5.0,0.48,2.51,0.49,5.0,0.52,2.51,0.51,5.0,0.63,5.0,0.66,5.0,0.11,0.11,615.591,1776222962000
1776222964.019,64.019,0.37,5.0,0.34,5.0,0.48,2.51,0.49,5.0,0.52,2.51,0.51,5.0,0.63,5.0,0.66,5.0,0.11,0.11,615.587,1776222963000
1776222965.091,65.091,0.37,5.0,0.34,5.0,0.48,2.51,0.49,5.0,0.52,2.51,0.51,5.0,0.63,5.0,0.66,5.0,0.11,0.11,615.586,1776222964000
1776222966.014,66.014,0.37,5.0,0.34,5.0,0.48,2.51,0.49,5.0,0.52,2.51,0.51,5.0,0.63,5.0,0.66,5.0,0.11,0.11,615.588,1776222965000
1776222967.461,67.461,0.37,5.0,0.34,5.0,0.48,2.51,0.49,5.0,0.52,2.51,0.51,5.0,0.63,5.0,0.66,5.0,0.11,0.11,615.577,1776222966000
1776222968.006,68.006,0.37,5.0,0.34,5.0,0.48,2.51,0.49,5.0,0.52,2.51,0.51,5.0,0.63,5.0,0.66,5.0,0.11,0.11,615.577,1776222967000
1776222969.608,69.608,0.37,5.0,0.34,5.0,0.48,2.51,0.49,5.0,0.52,2.51,0.51,5.0,0.63,5.0,0.66,5.0,0.11,0.11,615.573,1776222968000
1776222970.103,70.103,0.37,5.0,0.34,5.0,0.48,2.51,0.49,5.0,0.52,2.51,0.51,5.0,0.63,5.0,0.66,5.0,0.11,0.11,615.574,1776222969000
1776222971.19,71.19,0.37,5.0,0.34,5.0,0.48,2.51,0.49,5.0,0.52,2.51,0.51,5.0,0.63,5.0,0.66,5.0,0.11,0.11,615.574,1776222970000
1776222972.233,72.233,0.37,5.0,0.34,5.0,0.48,2.51,0.49,5.0,0.52,2.51,0.51,5.0,0.63,5.0,0.66,5.0,0.11,0.11,615.55397,1776222971000
1776222973.347,73.347,0.37,5.0,0.34,5.0,0.48,2.51,0.49,5.0,0.52,2.51,0.51,5.0,0.63,5.0,0.66,5.0,0.11,0.11,615.55949,1776222972000
1776222974.355,74.355,0.37,5.0,0.34,5.0,0.48,2.51,0.49,5.0,0.52,2.51,0.51,5.0,0.63,5.0,0.66,5.0,0.11,0.11,615.57,1776222973000
1776222974.827,74.827,0.37,5.0,0.34,5.0,0.48,2.51,0.49,5.0,0.52,2.51,0.51,5.0,0.63,5.0,0.66,5.0,0.11,0.11,615.57,1776222974000
1776222975.842,75.842,0.37,5.0,0.34,5.0,0.48,2.51,0.49,5.0,0.52,2.51,0.51,5.0,0.63,5.0,0.66,5.0,0.11,0.11,615.573,1776222975000
1776222976.913,76.913,0.37,5.0,0.34,5.0,0.48,2.51,0.49,5.0,0.52,2.51,0.51,5.0,0.63,5.0,0.66,5.0,0.11,0.11,615.567,1776222976000
1776222977.969,77.969,0.37,5.0,0.34,5.0,0.48,2.51,0.49,5.0,0.52,2.51,0.51,5.0,0.63,5.0,0.66,5.0,0.11,0.11,615.627174,1776222977000
1776222979.073,79.073,0.37,5.0,0.34,5.0,0.48,2.51,0.49,5.0,0.52,2.51,0.51,5.0,0.63,5.0,0.66,5.0,0.11,0.11,615.667,1776222978000
1776222980.07,80.07,0.37,5.0,0.34,5.0,0.48,2.51,0.49,5.0,0.52,2.51,0.51,5.0,0.63,5.0,0.66,5.0,0.11,0.11,615.687,1776222979000
1776222981.159,81.159,0.37,5.0,0.34,5.0,0.48,2.51,0.49,5.0,0.52,2.51,0.51,5.0,0.63,5.0,0.66,5.0,0.11,0.11,615.684,1776222980000
1776222982.072,82.072,0.37,5.0,0.34,5.0,0.48,2.51,0.49,5.0,0.52,2.51,0.51,5.0,0.63,5.0,0.66,5.0,0.11,0.11,615.698,1776222981000
1776222983.504,83.504,0.37,5.0,0.34,5.0,0.48,2.51,0.49,5.0,0.52,2.51,0.51,5.0,0.63,5.0,0.66,5.0,0.11,0.11,615.726594,1776222982000
1776222984.253,84.253,0.37,5.0,0.34,5.0,0.48,2.51,0.49,5.0,0.52,2.51,0.51,5.0,0.63,5.0,0.66,5.0,0.11,0.11,615.742,1776222983000
1776222985.385,85.385,0.37,5.0,0.34,5.0,0.48,2.51,0.49,5.0,0.52,2.51,0.51,5.0,0.63,5.0,0.66,5.0,0.11,0.11,615.773,1776222984000
1776222986.048,86.048,0.37,5.0,0.34,5.0,0.48,2.51,0.49,5.0,0.52,2.51,0.51,5.0,0.63,5.0,0.66,5.0,0.11,0.11,615.773,1776222985000
1776222987.37,87.37,0.37,5.0,0.34,5.0,0.48,2.51,0.49,5.0,0.52,2.51,0.51,5.0,0.63,5.0,0.66,5.0,0.11,0.11,615.787948,1776222986000
1776222987.948,87.948,0.37,5.0,0.34,5.0,0.48,2.51,0.49,5.0,0.52,2.51,0.51,5.0,0.63,5.0,0.66,5.0,0.11,0.11,615.787948,1776222987000
1776222989.002,89.002,0.37,5.0,0.34,5.0,0.48,2.51,0.49,5.0,0.52,2.51,0.51,5.0,0.63,5.0,0.66,5.0,0.11,0.11,615.794369,1776222988000
1776222990.372,90.372,0.37,5.0,0.34,5.0,0.48,2.51,0.49,5.0,0.52,2.51,0.51,5.0,0.63,5.0,0.66,5.0,0.11,0.11,615.809,1776222989000
1776222990.969,90.969,0.37,5.0,0.34,5.0,0.48,2.51,0.49,5.0,0.52,2.51,0.51,5.0,0.63,5.0,0.66,5.0,0.11,0.11,615.759,1776222990000
1776222991.934,91.934,0.37,5.0,0.34,5.0,0.48,2.51,0.49,5.0,0.52,2.51,0.51,5.0,0.63,5.0,0.66,5.0,0.11,0.11,615.748274,1776222991000
1776222993.042,93.042,0.37,5.0,0.34,5.0,0.48,2.51,0.49,5.0,0.52,2.51,0.51,5.0,0.63,5.0,0.66,5.0,0.11,0.11,615.737,1776222992000
1776222994.436,94.436,0.37,5.0,0.34,5.0,0.48,2.51,0.49,5.0,0.52,2.51,0.51,5.0,0.63,5.0,0.66,5.0,0.11,0.11,615.732,1776222993000
1776222995.175,95.175,0.37,5.0,0.34,5.0,0.48,2.51,0.49,5.0,0.52,2.51,0.51,5.0,0.63,5.0,0.66,5.0,0.11,0.11,615.732,1776222994000
1776222996.344,96.344,0.37,5.0,0.34,5.0,0.48,2.51,0.49,5.0,0.52,2.51,0.51,5.0,0.63,5.0,0.66,5.0,0.11,0.11,615.726,1776222995000
1776222997.124,97.124,0.37,5.0,0.34,5.0,0.48,2.51,0.49,5.0,0.52,2.51,0.51,5.0,0.63,5.0,0.66,5.0,0.11,0.11,615.726,1776222996000
1776222998.763,98.763,0.37,5.0,0.34,5.0,0.48,2.51,0.49,5.0,0.52,2.51,0.51,5.0,0.63,5.0,0.66,5.0,0.11,0.11,615.733,1776222997000
1776222999.884,99.884,0.37,5.0,0.34,5.0,0.48,2.51,0.49,5.0,0.52,2.51,0.51,5.0,0.63,5.0,0.66,5.0,0.11,0.11,615.732,1776222998000
1776223000.475,100.475,0.37,5.0,0.34,5.0,0.48,2.51,0.49,5.0,0.52,2.51,0.51,5.0,0.63,5.0,0.66,5.0,0.11,0.11,615.715,1776222999000
1776223000.99,100.99,0.37,5.0,0.34,5.0,0.48,2.51,0.49,5.0,0.52,2.51,0.51,5.0,0.63,5.0,0.66,5.0,0.11,0.11,615.715,1776223000000
1776223002.289,102.289,0.37,5.0,0.34,5.0,0.48,2.51,0.49,5.0,0.52,2.51,0.51,5.0,0.63,5.0,0.66,5.0,0.11,0.11,615.716,1776223001000
1776223003.412,103.412,0.37,5.0,0.34,5.0,0.48,2.51,0.49,5.0,0.52,2.51,0.51,5.0,0.63,5.0,0.66,5.0,0.11,0.11,615.723,1776223002000
1776223003.97,103.97,0.37,5.0,0.34,5.0,0.48,2.51,0.49,5.0,0.52,2.51,0.51,5.0,0.63,5.0,0.66,5.0,0.11,0.11,615.723,1776223003000
1776223005.119,105.119,0.37,5.0,0.34,5.0,0.48,2.51,0.49,5.0,0.52,2.51,0.51,5.0,0.63,5.0,0.66,5.0,0.11,0.11,615.726,1776223004000
1776223006.254,106.254,0.37,5.0,0.34,5.0,0.48,2.51,0.49,5.0,0.52,2.51,0.51,5.0,0.63,5.0,0.66,5.0,0.11,0.11,615.722,1776223005000
1776223007.321,107.321,0.37,5.0,0.34,5.0,0.48,2.51,0.49,5.0,0.52,2.51,0.51,5.0,0.63,5.0,0.66,5.0,0.11,0.11,615.721,1776223006000
1776223007.91,107.91,0.37,5.0,0.34,5.0,0.48,2.51,0.49,5.0,0.52,2.51,0.51,5.0,0.63,5.0,0.66,5.0,0.11,0.11,615.721,1776223007000
1776223009.088,109.088,0.37,5.0,0.34,5.0,0.48,2.51,0.49,5.0,0.52,2.51,0.51,5.0,0.63,5.0,0.66,5.0,0.11,0.11,615.721,1776223008000
1776223010.232,110.232,0.37,5.0,0.34,5.0,0.48,2.51,0.49,5.0,0.52,2.51,0.51,5.0,0.63,5.0,0.66,5.0,0.11,0.11,615.712,1776223009000
1776223011.4,111.4,0.37,5.0,0.34,5.0,0.48,2.51,0.49,5.0,0.52,2.51,0.51,5.0,0.63,5.0,0.66,5.0,0.11,0.11,615.713,1776223010000
1776223012.091,112.091,0.37,5.0,0.34,5.0,0.48,2.51,0.49,5.0,0.52,2.51,0.51,5.0,0.63,5.0,0.66,5.0,0.11,0.11,615.713,1776223011000
1776223013.187,113.187,0.37,5.0,0.34,5.0,0.48,2.51,0.49,5.0,0.52,2.51,0.51,5.0,0.63,5.0,0.66,5.0,0.11,0.11,615.714,1776223012000
1776223015.173,115.173,0.37,5.0,0.34,5.0,0.48,2.51,0.49,5.0,0.52,2.51,0.51,5.0,0.63,5.0,0.66,5.0,0.11,0.11,615.713,1776223014000
1776223016.824,116.824,0.37,5.0,0.34,5.0,0.48,2.51,0.49,5.0,0.52,2.51,0.51,5.0,0.63,5.0,0.66,5.0,0.11,0.11,615.711,1776223015000
1776223017.61,117.61,0.37,5.0,0.34,5.0,0.48,2.51,0.49,5.0,0.52,2.51,0.51,5.0,0.63,5.0,0.66,5.0,0.11,0.11,615.713,1776223016000
1776223018.298,118.298,0.37,5.0,0.34,5.0,0.48,2.51,0.49,5.0,0.52,2.51,0.51,5.0,0.63,5.0,0.66,5.0,0.11,0.11,615.711,1776223017000
1776223019.083,119.083,0.37,5.0,0.34,5.0,0.48,2.51,0.49,5.0,0.52,2.51,0.51,5.0,0.63,5.0,0.66,5.0,0.11,0.11,615.717,1776223018000
1776223020.49,120.49,0.37,5.0,0.34,5.0,0.48,2.51,0.49,5.0,0.52,2.51,0.51,5.0,0.63,5.0,0.66,5.0,0.11,0.11,615.718,1776223019000
1776223021.23,121.23,0.37,5.0,0.34,5.0,0.48,2.51,0.49,5.0,0.52,2.51,0.51,5.0,0.63,5.0,0.66,5.0,0.11,0.11,615.719,1776223020000
1776223022.832,122.832,0.37,5.0,0.34,5.0,0.48,2.51,0.49,5.0,0.52,2.51,0.51,5.0,0.63,5.0,0.66,5.0,0.11,0.11,615.719,1776223021000
1776223023.593,123.593,0.37,5.0,0.34,5.0,0.48,2.51,0.49,5.0,0.52,2.51,0.51,5.0,0.63,5.0,0.66,5.0,0.11,0.11,615.723,1776223022000
1776223024.335,124.335,0.37,5.0,0.34,5.0,0.48,2.51,0.49,5.0,0.52,2.51,0.51,5.0,0.63,5.0,0.66,5.0,0.11,0.11,615.72,1776223023000
1776223025.611,125.611,0.37,5.0,0.34,5.0,0.48,2.51,0.49,5.0,0.52,2.51,0.51,5.0,0.63,5.0,0.66,5.0,0.11,0.11,615.718,1776223024000
1776223026.337,126.337,0.37,5.0,0.34,5.0,0.48,2.51,0.49,5.0,0.52,2.51,0.51,5.0,0.63,5.0,0.66,5.0,0.11,0.11,615.718,1776223025000
1776223027.062,127.062,0.37,5.0,0.34,5.0,0.48,2.51,0.49,5.0,0.52,2.51,0.51,5.0,0.63,5.0,0.66,5.0,0.11,0.11,615.716,1776223026000
1776223028.598,128.598,0.37,5.0,0.34,5.0,0.48,2.51,0.49,5.0,0.52,2.51,0.51,5.0,0.63,5.0,0.66,5.0,0.11,0.11,615.717194,1776223027000
1776223029.359,129.359,0.37,5.0,0.34,5.0,0.48,2.51,0.49,5.0,0.52,2.51,0.51,5.0,0.63,5.0,0.66,5.0,0.11,0.11,615.708,1776223028000
1776223030.146,130.146,0.37,5.0,0.34,5.0,0.48,2.51,0.49,5.0,0.52,2.51,0.51,5.0,0.63,5.0,0.66,5.0,0.11,0.11,615.71,1776223029000
1776223031.608,131.608,0.37,5.0,0.34,5.0,0.48,2.51,0.49,5.0,0.52,2.51,0.51,5.0,0.63,5.0,0.66,5.0,0.11,0.11,615.711,1776223030000
1776223032.385,132.385,0.37,5.0,0.34,5.0,0.48,2.51,0.49,5.0,0.52,2.51,0.51,5.0,0.63,5.0,0.66,5.0,0.11,0.11,615.711,1776223031000
1776223033.105,133.105,0.37,5.0,0.34,5.0,0.48,2.51,0.49,5.0,0.52,2.51,0.51,5.0,0.63,5.0,0.66,5.0,0.11,0.11,615.718,1776223032000
1776223034.453,134.453,0.37,5.0,0.34,5.0,0.48,2.51,0.49,5.0,0.52,2.51,0.51,5.0,0.63,5.0,0.66,5.0,0.11,0.11,615.743,1776223033000
1776223034.936,134.936,0.37,5.0,0.34,5.0,0.48,2.51,0.49,5.0,0.52,2.51,0.51,5.0,0.63,5.0,0.66,5.0,0.11,0.11,615.743,1776223034000
1776223035.79,135.79,0.72,12.9,0.71,12.6,0.79,5.0,0.81,50.0,0.52,2.51,0.51,5.0,0.63,5.0,0.66,5.0,0.07,0.11,615.743,1776223034000
1776223036.139,136.139,0.72,12.9,0.71,12.6,0.79,5.0,0.81,50.0,0.21,5.0,0.19,50.0,0.28,12.9,0.29,12.6,0.07,0.07,615.74,1776223035000
1776223037.278,137.278,0.72,12.9,0.71,12.6,0.79,5.0,0.81,50.0,0.21,5.0,0.19,50.0,0.28,12.9,0.29,12.6,0.07,0.07,615.74,1776223036000
1776223038.316,138.316,0.72,12.9,0.71,12.6,0.79,5.0,0.81,50.0,0.21,5.0,0.19,50.0,0.28,12.9,0.29,12.6,0.07,0.07,615.748,1776223037000
1776223038.876,138.876,0.72,12.9,0.71,12.6,0.79,5.0,0.81,50.0,0.21,5.0,0.19,50.0,0.28,12.9,0.29,12.6,0.07,0.07,615.748,1776223038000
1776223039.828,139.828,0.72,12.9,0.71,12.6,0.79,5.0,0.81,50.0,0.21,5.0,0.19,50.0,0.28,12.9,0.29,12.6,0.07,0.07,615.755,1776223039000
1776223040.898,140.898,0.72,12.9,0.71,12.6,0.79,5.0,0.81,50.0,0.21,5.0,0.19,50.0,0.28,12.9,0.29,12.6,0.07,0.07,615.756,1776223040000
1776223041.985,141.985,0.72,12.9,0.71,12.6,0.79,5.0,0.81,50.0,0.21,5.0,0.19,50.0,0.28,12.9,0.29,12.6,0.07,0.07,615.76,1776223041000
1776223042.962,142.962,0.72,12.9,0.71,12.6,0.79,5.0,0.81,50.0,0.21,5.0,0.19,50.0,0.28,12.9,0.29,12.6,0.07,0.07,615.762,1776223042000
1776223044.042,144.042,0.75,13.9,0.74,13.5,0.81,50.0,0.86,21.6,0.19,50.0,0.14,21.6,0.25,13.9,0.26,13.5,0.06,0.06,615.76,1776223043000
1776223045.09,145.09,0.75,13.9,0.74,13.5,0.81,50.0,0.86,21.6,0.19,50.0,0.14,21.6,0.25,13.9,0.26,13.5,0.06,0.06,615.75919,1776223044000
1776223046.087,146.087,0.75,13.9,0.74,13.5,0.81,50.0,0.86,21.6,0.19,50.0,0.14,21.6,0.25,13.9,0.26,13.5,0.06,0.06,615.7582,1776223045000
1776223047.072,147.072,0.75,13.9,0.74,13.5,0.81,50.0,0.86,21.6,0.19,50.0,0.14,21.6,0.25,13.9,0.26,13.5,0.06,0.06,615.75845,1776223046000
1776223048.235,148.235,0.75,13.9,0.74,13.5,0.81,50.0,0.86,21.6,0.19,50.0,0.14,21.6,0.25,13.9,0.26,13.5,0.06,0.06,615.76449,1776223047000
1776223049.75,149.75,0.75,13.9,0.74,13.5,0.81,50.0,0.86,21.6,0.19,50.0,0.14,21.6,0.25,13.9,0.26,13.5,0.06,0.06,615.7464,1776223048000
1776223050.454,150.454,0.75,13.9,0.74,13.5,0.81,50.0,0.86,21.6,0.19,50.0,0.14,21.6,0.25,13.9,0.26,13.5,0.06,0.06,615.727,1776223049000
1776223051.138,151.138,0.75,13.9,0.74,13.5,0.81,50.0,0.86,21.6,0.19,50.0,0.14,21.6,0.25,13.9,0.26,13.5,0.06,0.06,615.727,1776223050000
1776223052.497,152.497,0.75,13.9,0.74,13.5,0.81,50.0,0.86,21.6,0.19,50.0,0.14,21.6,0.25,13.9,0.26,13.5,0.06,0.06,615.727,1776223051000
1776223053.213,153.213,0.75,13.9,0.74,13.5,0.81,50.0,0.86,21.6,0.19,50.0,0.14,21.6,0.25,13.9,0.26,13.5,0.06,0.06,615.727,1776223052000
1776223054.71,154.71,0.75,13.9,0.74,13.5,0.81,50.0,0.86,21.6,0.19,50.0,0.14,21.6,0.25,13.9,0.26,13.5,0.06,0.06,615.724,1776223053000
1776223055.466,155.466,0.75,13.9,0.74,13.5,0.81,50.0,0.86,21.6,0.19,50.0,0.14,21.6,0.25,13.9,0.26,13.5,0.06,0.06,615.724,1776223054000
1776223056.168,156.168,0.75,13.9,0.74,13.5,0.81,50.0,0.86,21.6,0.19,50.0,0.14,21.6,0.25,13.9,0.26,13.5,0.06,0.06,615.725,1776223055000
1776223057.618,157.618,0.75,13.9,0.74,13.5,0.81,50.0,0.86,21.6,0.19,50.0,0.14,21.6,0.25,13.9,0.26,13.5,0.06,0.06,615.726,1776223056000
1776223058.353,158.353,0.75,13.9,0.74,13.5,0.81,50.0,0.86,21.6,0.19,50.0,0.14,21.6,0.25,13.9,0.26,13.5,0.06,0.06,615.725,1776223057000
1776223059.107,159.107,0.75,13.9,0.74,13.5,0.81,50.0,0.86,21.6,0.19,50.0,0.14,21.6,0.25,13.9,0.26,13.5,0.06,0.06,615.725,1776223058000
1776223060.678,160.678,0.75,13.9,0.74,13.5,0.81,50.0,0.86,21.6,0.19,50.0,0.14,21.6,0.25,13.9,0.26,13.5,0.06,0.06,615.727,1776223059000
1776223061.338,161.338,0.75,13.9,0.74,13.5,0.81,50.0,0.86,21.6,0.19,50.0,0.14,21.6,0.25,13.9,0.26,13.5,0.06,0.06,615.729,1776223060000
1776223062.034,162.034,0.75,13.9,0.74,13.5,0.81,50.0,0.86,21.6,0.19,50.0,0.14,21.6,0.25,13.9,0.26,13.5,0.06,0.06,615.729,1776223061000
1776223063.342,163.342,0.75,13.9,0.74,13.5,0.81,50.0,0.86,21.6,0.19,50.0,0.14,21.6,0.25,13.9,0.26,13.5,0.06,0.06,615.73,1776223062000
1776223064.107,164.107,0.75,13.9,0.74,13.5,0.81,50.0,0.86,21.6,0.19,50.0,0.14,21.6,0.25,13.9,0.26,13.5,0.06,0.06,615.728,1776223063000
1776223065.467,165.467,0.75,13.9,0.74,13.5,0.81,50.0,0.86,21.6,0.19,50.0,0.14,21.6,0.25,13.9,0.26,13.5,0.06,0.06,615.73,1776223064000
1776223066.49,166.49,0.75,13.9,0.74,13.5,0.81,50.0,0.86,21.6,0.19,50.0,0.14,21.6,0.25,13.9,0.26,13.5,0.06,0.06,615.729,1776223065000
1776223067.005,167.005,0.75,13.9,0.74,13.5,0.81,50.0,0.86,21.6,0.19,50.0,0.14,21.6,0.25,13.9,0.26,13.5,0.06,0.06,615.729,1776223066000
1776223068.127,168.127,0.75,13.9,0.74,13.5,0.81,50.0,0.86,21.6,0.19,50.0,0.14,21.6,0.25,13.9,0.26,13.5,0.06,0.06,615.741,1776223067000
1776223069.105,169.105,0.75,13.9,0.74,13.5,0.81,50.0,0.86,21.6,0.19,50.0,0.14,21.6,0.25,13.9,0.26,13.5,0.06,0.06,615.741,1776223068000
1776223070.142,170.142,0.75,13.9,0.74,13.5,0.81,50.0,0.86,21.6,0.19,50.0,0.14,21.6,0.25,13.9,0.26,13.5,0.06,0.06,615.737,1776223069000
1776223071.155,171.155,0.75,13.9,0.74,13.5,0.81,50.0,0.86,21.6,0.19,50.0,0.14,21.6,0.25,13.9,0.26,13.5,0.06,0.06,615.733,1776223070000
1776223072.184,172.184,0.75,13.9,0.74,13.5,0.81,50.0,0.86,21.6,0.19,50.0,0.14,21.6,0.25,13.9,0.26,13.5,0.06,0.06,615.733,1776223071000
1776223073.14,173.14,0.75,13.9,0.74,13.5,0.81,50.0,0.86,21.6,0.19,50.0,0.14,21.6,0.25,13.9,0.26,13.5,0.06,0.06,615.733,1776223072000
1776223074.195,174.195,0.75,13.9,0.74,13.5,0.81,50.0,0.86,21.6,0.19,50.0,0.14,21.6,0.25,13.9,0.26,13.5,0.06,0.06,615.724,1776223073000
1776223075.088,175.088,0.75,13.9,0.74,13.5,0.81,50.0,0.86,21.6,0.19,50.0,0.14,21.6,0.25,13.9,0.26,13.5,0.06,0.06,615.726,1776223074000
1776223076.181,176.181,0.75,13.9,0.74,13.5,0.81,50.0,0.86,21.6,0.19,50.0,0.14,21.6,0.25,13.9,0.26,13.5,0.06,0.06,615.73,1776223075000
1776223077.127,177.127,0.75,13.9,0.74,13.5,0.81,50.0,0.86,21.6,0.19,50.0,0.14,21.6,0.25,13.9,0.26,13.5,0.06,0.06,615.728,1776223076000
1776223078.11,178.11,0.75,13.9,0.74,13.5,0.81,50.0,0.86,21.6,0.19,50.0,0.14,21.6,0.25,13.9,0.26,13.5,0.06,0.06,615.72669,1776223077000
1776223079.566,179.566,0.75,13.9,0.74,13.5,0.81,50.0,0.86,21.6,0.19,50.0,0.14,21.6,0.25,13.9,0.26,13.5,0.06,0.06,615.647,1776223078000
1776223080.137,180.137,0.75,13.9,0.74,13.5,0.81,50.0,0.86,21.6,0.19,50.0,0.14,21.6,0.25,13.9,0.26,13.5,0.06,0.06,615.649166,1776223079000
1776223081.414,181.414,0.75,13.9,0.74,13.5,0.81,50.0,0.86,21.6,0.19,50.0,0.14,21.6,0.25,13.9,0.26,13.5,0.06,0.06,615.68,1776223080000
1776223081.98,181.98,0.75,13.9,0.74,13.5,0.81,50.0,0.86,21.6,0.19,50.0,0.14,21.6,0.25,13.9,0.26,13.5,0.06,0.06,615.68,1776223081000
1776223082.413,182.413,0.68,7.35,0.56,5.0,0.71,8.5,0.72,12.9,0.19,50.0,0.14,21.6,0.25,13.9,0.26,13.5,0.03,0.06,615.68,1776223081000
1776223083.237,183.237,0.68,7.35,0.56,5.0,0.71,8.5,0.72,12.9,0.29,8.5,0.28,12.9,0.32,7.35,0.44,5.0,0.03,0.03,615.677,1776223082000
1776223084.472,184.472,0.68,7.35,0.56,5.0,0.71,8.5,0.72,12.9,0.29,8.5,0.28,12.9,0.32,7.35,0.44,5.0,0.03,0.03,615.677,1776223083000
1776223085.042,185.042,0.68,7.35,0.56,5.0,0.71,8.5,0.72,12.9,0.29,8.5,0.28,12.9,0.32,7.35,0.44,5.0,0.03,0.03,615.677,1776223084000
1776223086.315,186.315,0.68,7.35,0.56,5.0,0.71,8.5,0.72,12.9,0.29,8.5,0.28,12.9,0.32,7.35,0.44,5.0,0.03,0.03,615.681,1776223085000
1776223086.964,186.964,0.68,7.35,0.56,5.0,0.71,8.5,0.72,12.9,0.29,8.5,0.28,12.9,0.32,7.35,0.44,5.0,0.03,0.03,615.681,1776223086000
1776223088.15,188.15,0.68,7.35,0.56,5.0,0.71,8.5,0.72,12.9,0.29,8.5,0.28,12.9,0.32,7.35,0.44,5.0,0.03,0.03,615.676,1776223087000
1776223089.455,189.455,0.68,7.35,0.56,5.0,0.71,8.5,0.72,12.9,0.29,8.5,0.28,12.9,0.32,7.35,0.44,5.0,0.03,0.03,615.676724,1776223088000
1776223090.09,190.09,0.68,7.35,0.56,5.0,0.71,8.5,0.72,12.9,0.29,8.5,0.28,12.9,0.32,7.35,0.44,5.0,0.03,0.03,615.657,1776223089000
1776223091.303,191.303,0.68,7.35,0.56,5.0,0.71,8.5,0.72,12.9,0.29,8.5,0.28,12.9,0.32,7.35,0.44,5.0,0.03,0.03,615.655,1776223090000
1776223092.619,192.619,0.68,7.35,0.56,5.0,0.71,8.5,0.72,12.9,0.29,8.5,0.28,12.9,0.32,7.35,0.44,5.0,0.03,0.03,615.655,1776223091000
1776223093.329,193.329,0.68,7.35,0.56,5.0,0.71,8.5,0.72,12.9,0.29,8.5,0.28,12.9,0.32,7.35,0.44,5.0,0.03,0.03,615.657,1776223092000
1776223094.517,194.517,0.68,7.35,0.56,5.0,0.71,8.5,0.72,12.9,0.29,8.5,0.28,12.9,0.32,7.35,0.44,5.0,0.03,0.03,615.657,1776223093000
1776223095.605,195.605,0.68,7.35,0.56,5.0,0.71,8.5,0.72,12.9,0.29,8.5,0.28,12.9,0.32,7.35,0.44,5.0,0.03,0.03,615.666904,1776223094000
1776223096.148,196.148,0.68,7.35,0.56,5.0,0.71,8.5,0.72,12.9,0.29,8.5,0.28,12.9,0.32,7.35,0.44,5.0,0.03,0.03,615.660944,1776223095000
1776223097.186,197.186,0.68,7.35,0.56,5.0,0.71,8.5,0.72,12.9,0.29,8.5,0.28,12.9,0.32,7.35,0.44,5.0,0.03,0.03,615.668599,1776223096000
1776223098.201,198.201,0.68,7.35,0.56,5.0,0.71,8.5,0.72,12.9,0.29,8.5,0.28,12.9,0.32,7.35,0.44,5.0,0.03,0.03,615.672,1776223097000
1776223099.159,199.159,0.68,7.35,0.56,5.0,0.71,8.5,0.72,12.9,0.29,8.5,0.28,12.9,0.32,7.35,0.44,5.0,0.03,0.03,615.670901,1776223098000
1776223100.169,200.169,0.68,7.35,0.56,5.0,0.71,8.5,0.72,12.9,0.29,8.5,0.28,12.9,0.32,7.35,0.44,5.0,0.03,0.03,615.67275,1776223099000
1776223101.235,201.235,0.68,7.35,0.56,5.0,0.71,8.5,0.72,12.9,0.29,8.5,0.28,12.9,0.32,7.35,0.44,5.0,0.03,0.03,615.653317,1776223100000
1776223102.29,202.29,0.68,7.35,0.56,5.0,0.71,8.5,0.72,12.9,0.29,8.5,0.28,12.9,0.32,7.35,0.44,5.0,0.03,0.03,615.667829,1776223101000
1776223103.294,203.294,0.68,7.35,0.56,5.0,0.71,8.5,0.72,12.9,0.29,8.5,0.28,12.9,0.32,7.35,0.44,5.0,0.03,0.03,615.673755,1776223102000
1776223104.249,204.249,0.68,7.35,0.56,5.0,0.71,8.5,0.72,12.9,0.29,8.5,0.28,12.9,0.32,7.35,0.44,5.0,0.03,0.03,615.674757,1776223103000
1776223105.315,205.315,0.68,7.35,0.56,5.0,0.71,8.5,0.72,12.9,0.29,8.5,0.28,12.9,0.32,7.35,0.44,5.0,0.03,0.03,615.682633,1776223104000
1776223106.007,206.007,0.68,7.35,0.56,5.0,0.71,8.5,0.72,12.9,0.29,8.5,0.28,12.9,0.32,7.35,0.44,5.0,0.03,0.03,615.683518,1776223105000
1776223107.17,207.17,0.68,7.35,0.56,5.0,0.71,8.5,0.72,12.9,0.29,8.5,0.28,12.9,0.32,7.35,0.44,5.0,0.03,0.03,615.697,1776223106000
1776223108.305,208.305,0.68,7.35,0.56,5.0,0.71,8.5,0.72,12.9,0.29,8.5,0.28,12.9,0.32,7.35,0.44,5.0,0.03,0.03,615.695,1776223107000
1776223108.59,208.59,0.69,12.2,0.68,19.25,0.71,2.59,0.8,10.0,0.29,8.5,0.28,12.9,0.32,7.35,0.44,5.0,0.02,0.03,615.695,1776223107000
1776223108.892,208.892,0.69,12.2,0.68,19.25,0.71,2.59,0.8,10.0,0.29,2.59,0.2,10.0,0.31,12.2,0.32,19.25,0.02,0.02,615.695,1776223108000
1776223110.383,210.383,0.69,12.2,0.68,19.25,0.71,2.59,0.8,10.0,0.29,2.59,0.2,10.0,0.31,12.2,0.32,19.25,0.02,0.02,615.6909,1776223109000
1776223111.425,211.425,0.69,12.2,0.68,19.25,0.71,2.59,0.8,10.0,0.29,2.59,0.2,10.0,0.31,12.2,0.32,19.25,0.02,0.02,615.691,1776223110000
1776223111.94,211.94,0.69,12.2,0.68,19.25,0.71,2.59,0.8,10.0,0.29,2.59,0.2,10.0,0.31,12.2,0.32,19.25,0.02,0.02,615.691,1776223111000
1776223112.954,212.954,0.69,12.2,0.68,19.25,0.71,2.59,0.8,10.0,0.29,2.59,0.2,10.0,0.31,12.2,0.32,19.25,0.02,0.02,615.687,1776223112000
1776223113.321,213.321,0.7,12.4,0.69,12.2,0.71,0.59,0.8,10.0,0.29,2.59,0.2,10.0,0.31,12.2,0.32,19.25,0.01,0.02,615.687,1776223112000
1776223113.943,213.943,0.7,12.4,0.69,12.2,0.71,0.59,0.8,10.0,0.29,0.59,0.2,10.0,0.3,12.4,0.31,12.2,0.01,0.01,615.67808,1776223113000
1776223115.118,215.118,0.7,12.4,0.69,12.2,0.71,0.59,0.8,10.0,0.29,0.59,0.2,10.0,0.3,12.4,0.31,12.2,0.01,0.01,615.68218,1776223114000
1776223116.111,216.111,0.7,12.4,0.69,12.2,0.71,0.59,0.8,10.0,0.29,0.59,0.2,10.0,0.3,12.4,0.31,12.2,0.01,0.01,615.68,1776223115000
1776223117.29,217.29,0.7,12.4,0.69,12.2,0.71,0.59,0.8,10.0,0.29,0.59,0.2,10.0,0.3,12.4,0.31,12.2,0.01,0.01,615.691,1776223116000
1776223118.496,218.496,0.7,12.4,0.69,12.2,0.71,0.59,0.8,10.0,0.29,0.59,0.2,10.0,0.3,12.4,0.31,12.2,0.01,0.01,615.689472,1776223117000
1776223119.04,219.04,0.7,12.4,0.69,12.2,0.71,0.59,0.8,10.0,0.29,0.59,0.2,10.0,0.3,12.4,0.31,12.2,0.01,0.01,615.69,1776223118000
1776223120.008,220.008,0.7,12.4,0.69,12.2,0.71,0.59,0.8,10.0,0.29,0.59,0.2,10.0,0.3,12.4,0.31,12.2,0.01,0.01,615.688,1776223119000
1776223120.999,220.999,0.7,12.4,0.69,12.2,0.71,0.59,0.8,10.0,0.29,0.59,0.2,10.0,0.3,12.4,0.31,12.2,0.01,0.01,615.691,1776223120000
1776223122.163,222.163,0.7,12.4,0.69,12.2,0.71,0.59,0.8,10.0,0.29,0.59,0.2,10.0,0.3,12.4,0.31,12.2,0.01,0.01,615.660172,1776223121000
1776223123.547,223.547,0.7,12.4,0.69,12.2,0.71,0.59,0.8,10.0,0.29,0.59,0.2,10.0,0.3,12.4,0.31,12.2,0.01,0.01,615.652643,1776223122000
1776223124.129,224.129,0.7,12.4,0.69,12.2,0.71,0.59,0.8,10.0,0.29,0.59,0.2,10.0,0.3,12.4,0.31,12.2,0.01,0.01,615.648422,1776223123000
1776223125.182,225.182,0.7,12.4,0.69,12.2,0.71,0.59,0.8,10.0,0.29,0.59,0.2,10.0,0.3,12.4,0.31,12.2,0.01,0.01,615.648948,1776223124000
1776223126.125,226.125,0.7,12.4,0.69,12.2,0.71,0.59,0.8,10.0,0.29,0.59,0.2,10.0,0.3,12.4,0.31,12.2,0.01,0.01,615.69029,1776223125000
1776223127.182,227.182,0.7,12.4,0.69,12.2,0.71,0.59,0.8,10.0,0.29,0.59,0.2,10.0,0.3,12.4,0.31,12.2,0.01,0.01,615.687748,1776223126000
1776223128.163,228.163,0.7,12.4,0.69,12.2,0.71,0.59,0.8,10.0,0.29,0.59,0.2,10.0,0.3,12.4,0.31,12.2,0.01,0.01,615.687429,1776223127000
1776223129.107,229.107,0.7,12.4,0.69,12.2,0.71,0.59,0.8,10.0,0.29,0.59,0.2,10.0,0.3,12.4,0.31,12.2,0.01,0.01,615.630453,1776223128000
1776223130.118,230.118,0.7,12.4,0.69,12.2,0.71,0.59,0.8,10.0,0.29,0.59,0.2,10.0,0.3,12.4,0.31,12.2,0.01,0.01,615.633123,1776223129000
1776223131.094,231.094,0.7,12.4,0.69,12.2,0.71,0.59,0.8,10.0,0.29,0.59,0.2,10.0,0.3,12.4,0.31,12.2,0.01,0.01,615.679995,1776223130000
1776223132.181,232.181,0.7,12.4,0.69,12.2,0.71,0.59,0.8,10.0,0.29,0.59,0.2,10.0,0.3,12.4,0.31,12.2,0.01,0.01,615.666623,1776223131000
1776223133.303,233.303,0.7,12.4,0.69,12.2,0.71,0.59,0.8,10.0,0.29,0.59,0.2,10.0,0.3,12.4,0.31,12.2,0.01,0.01,615.676916,1776223132000
1776223134.291,234.291,0.7,12.4,0.69,12.2,0.71,0.59,0.8,10.0,0.29,0.59,0.2,10.0,0.3,12.4,0.31,12.2,0.01,0.01,615.677215,1776223133000
1776223134.637,234.637,0.68,14.25,0.67,11.8,0.71,0.59,0.8,10.0,0.29,0.59,0.2,10.0,0.3,12.4,0.31,12.2,0.03,0.01,615.677215,1776223133000
1776223135.228,235.228,0.68,14.25,0.67,11.8,0.71,0.59,0.8,10.0,0.29,0.59,0.2,10.0,0.32,14.25,0.33,11.8,0.03,0.03,615.669013,1776223134000
1776223136.582,236.582,0.68,14.25,0.67,11.8,0.71,0.59,0.8,10.0,0.29,0.59,0.2,10.0,0.32,14.25,0.33,11.8,0.03,0.03,615.66292,1776223135000
1776223137.098,237.098,0.68,14.25,0.67,11.8,0.71,0.59,0.8,10.0,0.29,0.59,0.2,10.0,0.32,14.25,0.33,11.8,0.03,0.03,615.657772,1776223136000
1776223138.208,238.208,0.68,14.25,0.67,11.8,0.71,0.59,0.8,10.0,0.29,0.59,0.2,10.0,0.32,14.25,0.33,11.8,0.03,0.03,615.661,1776223137000
1776223139.184,239.184,0.7,6.93,0.69,12.2,0.71,0.59,0.8,10.0,0.29,0.59,0.2,10.0,0.32,14.25,0.33,11.8,0.01,0.03,615.661,1776223137000
1776223140.179,240.179,0.7,6.93,0.69,12.2,0.71,0.59,0.8,10.0,0.29,0.59,0.2,10.0,0.3,6.93,0.31,12.2,0.01,0.01,615.676,1776223139000
1776223141.319,241.319,0.7,6.93,0.69,12.2,0.71,0.59,0.8,10.0,0.29,0.59,0.2,10.0,0.3,6.93,0.31,12.2,0.01,0.01,615.665251,1776223140000
1776223142.275,242.275,0.7,6.93,0.69,12.2,0.71,0.59,0.8,10.0,0.29,0.59,0.2,10.0,0.3,6.93,0.31,12.2,0.01,0.01,615.675,1776223141000
1776223143.233,243.233,0.7,27.93,0.69,12.2,0.9,20.0,0.96,5.0,0.29,0.59,0.2,10.0,0.3,6.93,0.31,12.2,0.2,0.01,615.675,1776223141000
1776223144.335,244.335,0.7,27.93,0.69,12.2,0.9,20.0,0.96,5.0,0.1,20.0,0.04,5.0,0.3,27.93,0.31,12.2,0.2,0.2,615.750285,1776223143000
1776223145.377,245.377,0.7,27.93,0.69,12.2,0.9,20.0,0.96,5.0,0.1,20.0,0.04,5.0,0.3,27.93,0.31,12.2,0.2,0.2,615.776,1776223144000
1776223145.858,245.858,0.7,27.93,0.69,12.2,0.9,20.0,0.96,5.0,0.1,20.0,0.04,5.0,0.3,27.93,0.31,12.2,0.2,0.2,615.776,1776223145000
1776223146.965,246.965,0.7,27.93,0.69,12.2,0.9,20.0,0.96,5.0,0.1,20.0,0.04,5.0,0.3,27.93,0.31,12.2,0.2,0.2,615.802,1776223146000
1776223147.913,247.913,0.79,44.7,0.78,15.2,0.9,15.0,0.96,5.0,0.1,20.0,0.04,5.0,0.3,27.93,0.31,12.2,0.11,0.2,615.802,1776223146000
1776223149.05,249.05,0.79,44.7,0.78,15.2,0.9,15.0,0.96,5.0,0.1,15.0,0.04,5.0,0.21,44.7,0.22,15.2,0.11,0.11,615.781,1776223148000
1776223150.067,250.067,0.79,44.7,0.78,15.2,0.9,15.0,0.96,5.0,0.1,15.0,0.04,5.0,0.21,44.7,0.22,15.2,0.11,0.11,615.781,1776223149000
1776223151.147,251.147,0.79,44.7,0.78,15.2,0.9,15.0,0.96,5.0,0.1,15.0,0.04,5.0,0.21,44.7,0.22,15.2,0.11,0.11,615.782,1776223150000
1776223151.921,251.921,0.86,21.6,0.85,20.39,0.96,5.0,0.98,192.69,0.1,15.0,0.04,5.0,0.21,44.7,0.22,15.2,0.1,0.11,615.782,1776223150000
1776223153.093,253.093,0.86,21.6,0.85,20.39,0.96,5.0,0.98,192.69,0.04,5.0,0.02,192.69,0.14,21.6,0.15,20.39,0.1,0.1,615.791,1776223152000
1776223154.036,254.036,0.86,21.6,0.85,20.39,0.96,5.0,0.98,192.69,0.04,5.0,0.02,192.69,0.14,21.6,0.15,20.39,0.1,0.1,615.791,1776223153000
1776223155.002,255.002,0.86,21.6,0.85,20.39,0.96,5.0,0.98,192.69,0.04,5.0,0.02,192.69,0.14,21.6,0.15,20.39,0.1,0.1,615.8,1776223154000
1776223155.967,255.967,0.86,21.6,0.85,20.39,0.96,5.0,0.98,192.69,0.04,5.0,0.02,192.69,0.14,21.6,0.15,20.39,0.1,0.1,615.8,1776223155000
1776223156.997,256.997,0.86,21.6,0.85,20.39,0.96,5.0,0.98,192.69,0.04,5.0,0.02,192.69,0.14,21.6,0.15,20.39,0.1,0.1,615.8,1776223156000
1776223157.951,257.951,0.86,21.6,0.85,20.39,0.96,5.0,0.98,192.69,0.04,5.0,0.02,192.69,0.14,21.6,0.15,20.39,0.1,0.1,615.795,1776223157000
1776223158.928,258.928,0.86,21.6,0.85,20.39,0.96,5.0,0.98,192.69,0.04,5.0,0.02,192.69,0.14,21.6,0.15,20.39,0.1,0.1,615.79,1776223158000
1776223159.632,259.632,0.95,54.7,0.94,46.1,0.98,54.69,0.99,5717.6,0.04,5.0,0.02,192.69,0.14,21.6,0.15,20.39,0.03,0.1,615.79,1776223158000
1776223159.848,259.848,0.95,54.7,0.94,46.1,0.98,54.69,0.99,5717.6,0.02,54.69,0.01,5717.6,0.05,54.7,0.06,46.1,0.03,0.03,615.79,1776223159000
1776223160.861,260.861,0.95,54.7,0.94,46.1,0.98,54.69,0.99,5717.6,0.02,54.69,0.01,5717.6,0.05,54.7,0.06,46.1,0.03,0.03,615.792,1776223160000
1776223161.872,261.872,0.95,54.7,0.94,46.1,0.98,54.69,0.99,5717.6,0.02,54.69,0.01,5717.6,0.05,54.7,0.06,46.1,0.03,0.03,615.792,1776223161000
1776223163.396,263.396,0.95,54.7,0.94,46.1,0.98,54.69,0.99,5717.6,0.02,54.69,0.01,5717.6,0.05,54.7,0.06,46.1,0.03,0.03,615.773783,1776223162000
1776223164.269,264.269,0.95,54.7,0.94,46.1,0.98,54.69,0.99,5717.6,0.02,54.69,0.01,5717.6,0.05,54.7,0.06,46.1,0.03,0.03,615.774077,1776223163000
1776223166.312,266.312,0.96,67.7,0.95,54.7,0.98,54.69,0.99,717.6,0.02,54.69,0.01,717.6,0.04,67.7,0.05,54.7,0.02,0.02,615.794,1776223164000
1776223167.118,267.118,0.96,67.7,0.95,54.7,0.98,54.69,0.99,717.6,0.02,54.69,0.01,717.6,0.04,67.7,0.05,54.7,0.02,0.02,615.75871,1776223166000
1776223168.88,268.88,0.96,67.7,0.95,54.7,0.98,54.69,0.99,717.6,0.02,54.69,0.01,717.6,0.04,67.7,0.05,54.7,0.02,0.02,615.75491,1776223167000
1776223169.796,269.796,0.96,67.7,0.95,54.7,0.98,54.69,0.99,717.6,0.02,54.69,0.01,717.6,0.04,67.7,0.05,54.7,0.02,0.02,615.75546,1776223168000
1776223170.506,270.506,0.96,67.7,0.95,54.7,0.98,54.69,0.99,717.6,0.02,54.69,0.01,717.6,0.04,67.7,0.05,54.7,0.02,0.02,615.776944,1776223169000
1776223171.309,271.309,0.96,67.7,0.95,54.7,0.98,54.69,0.99,717.6,0.02,54.69,0.01,717.6,0.04,67.7,0.05,54.7,0.02,0.02,615.776944,1776223170000
1776223172.958,272.958,0.96,67.7,0.95,54.7,0.98,54.69,0.99,717.6,0.02,54.69,0.01,717.6,0.04,67.7,0.05,54.7,0.02,0.02,615.781,1776223171000
1776223173.166,273.166,0.97,5.0,0.96,67.7,0.98,53.66,0.99,717.6,0.02,54.69,0.01,717.6,0.04,67.7,0.05,54.7,0.01,0.02,615.781,1776223171000
1776223173.594,273.594,0.96,67.7,0.95,54.7,0.98,53.66,0.99,717.6,0.02,53.66,0.01,717.6,0.03,5.0,0.04,67.7,0.02,0.01,615.781,1776223171000
1776223174.51,274.51,0.96,67.7,0.95,54.7,0.98,53.66,0.99,717.6,0.02,53.66,0.01,717.6,0.04,67.7,0.05,54.7,0.02,0.02,615.789,1776223173000
1776223175.286,275.286,0.96,67.7,0.95,54.7,0.98,53.66,0.99,717.6,0.02,53.66,0.01,717.6,0.04,67.7,0.05,54.7,0.02,0.02,615.784,1776223174000
1776223177.045,277.045,0.96,67.7,0.95,54.7,0.98,53.66,0.99,717.6,0.02,53.66,0.01,717.6,0.04,67.7,0.05,54.7,0.02,0.02,615.784,1776223175000
1776223177.835,277.835,0.96,67.7,0.95,54.7,0.98,53.66,0.99,717.6,0.02,53.66,0.01,717.6,0.04,67.7,0.05,54.7,0.02,0.02,615.783,1776223176000
1776223178.071,278.071,0.91,73.0,0.81,50.0,0.98,48.55,0.99,355.0,0.02,53.66,0.01,717.6,0.04,67.7,0.05,54.7,0.07,0.02,615.783,1776223176000
1776223178.524,278.524,0.91,73.0,0.81,50.0,0.98,48.55,0.99,355.0,0.02,48.55,0.01,355.0,0.09,73.0,0.19,50.0,0.07,0.07,615.786,1776223177000
1776223179.393,279.393,0.91,73.0,0.81,50.0,0.98,43.55,0.99,255.0,0.02,48.55,0.01,355.0,0.09,73.0,0.19,50.0,0.07,0.07,615.786,1776223177000
1776223180.608,280.608,0.91,73.0,0.81,50.0,0.98,43.55,0.99,255.0,0.02,43.55,0.01,255.0,0.09,73.0,0.19,50.0,0.07,0.07,615.786,1776223179000
1776223181.583,281.583,0.91,73.0,0.81,50.0,0.98,43.55,0.99,255.0,0.02,43.55,0.01,255.0,0.09,73.0,0.19,50.0,0.07,0.07,615.785,1776223180000
1776223182.581,282.581,0.91,73.0,0.81,50.0,0.98,43.55,0.99,255.0,0.02,43.55,0.01,255.0,0.09,73.0,0.19,50.0,0.07,0.07,615.769871,1776223181000
1776223183.539,283.539,0.91,73.0,0.81,50.0,0.98,43.55,0.99,255.0,0.02,43.55,0.01,255.0,0.09,73.0,0.19,50.0,0.07,0.07,615.781,1776223182000
1776223184.279,284.279,0.91,73.0,0.81,50.0,0.98,43.55,0.99,255.0,0.02,43.55,0.01,255.0,0.09,73.0,0.19,50.0,0.07,0.07,615.781,1776223183000
1776223185.512,285.512,0.91,73.0,0.81,50.0,0.98,43.55,0.99,255.0,0.02,43.55,0.01,255.0,0.09,73.0,0.19,50.0,0.07,0.07,615.78,1776223184000
1776223185.987,285.987,0.91,73.0,0.81,50.0,0.98,43.55,0.99,255.0,0.02,43.55,0.01,255.0,0.09,73.0,0.19,50.0,0.07,0.07,615.78,1776223185000
1776223187.069,287.069,0.91,73.0,0.81,50.0,0.98,43.55,0.99,255.0,0.02,43.55,0.01,255.0,0.09,73.0,0.19,50.0,0.07,0.07,615.784,1776223186000
1776223187.654,287.654,0.91,73.0,0.81,50.0,0.98,23.55,0.99,255.0,0.02,43.55,0.01,255.0,0.09,73.0,0.19,50.0,0.07,0.07,615.784,1776223186000
1776223188.152,288.152,0.91,73.0,0.81,50.0,0.98,23.55,0.99,255.0,0.02,23.55,0.01,255.0,0.09,73.0,0.19,50.0,0.07,0.07,615.794,1776223187000
1776223189.159,289.159,0.91,73.0,0.81,50.0,0.98,23.55,0.99,255.0,0.02,23.55,0.01,255.0,0.09,73.0,0.19,50.0,0.07,0.07,615.794,1776223188000
1776223190.239,290.239,0.91,73.0,0.81,50.0,0.98,23.55,0.99,255.0,0.02,23.55,0.01,255.0,0.09,73.0,0.19,50.0,0.07,0.07,615.794,1776223189000
1776223191.244,291.244,0.91,73.0,0.81,50.0,0.98,23.55,0.99,255.0,0.02,23.55,0.01,255.0,0.09,73.0,0.19,50.0,0.07,0.07,615.798,1776223190000
1776223192.358,292.358,0.91,73.0,0.81,50.0,0.98,23.55,0.99,255.0,0.02,23.55,0.01,255.0,0.09,73.0,0.19,50.0,0.07,0.07,615.789,1776223191000
1776223192.65,292.65,0.91,50.0,0.81,50.0,0.99,252.17,,,0.02,23.55,0.01,255.0,0.09,73.0,0.19,50.0,0.08,0.07,615.789,1776223191000
1776223192.862,292.862,0.91,50.0,0.81,50.0,0.99,252.17,,,0.01,252.17,,,0.09,50.0,0.19,50.0,0.08,0.08,615.789,1776223192000
1776223193.866,293.866,0.91,50.0,0.81,50.0,0.99,252.17,,,0.01,252.17,,,0.09,50.0,0.19,50.0,0.08,0.08,615.789,1776223193000
1776223194.915,294.915,0.91,50.0,0.81,50.0,0.99,252.17,,,0.01,252.17,,,0.09,50.0,0.19,50.0,0.08,0.08,615.79,1776223194000
1776223195.131,295.131,0.99,867.83,0.91,50.0,,,,,0.01,252.17,,,0.09,50.0,0.19,50.0,,0.08,615.79,1776223194000
1776223196.019,296.019,0.99,867.83,0.91,50.0,,,,,,,,,0.01,867.83,0.09,50.0,,,615.789,1776223195000
1776223197.036,297.036,0.99,867.83,0.91,50.0,,,,,,,,,0.01,867.83,0.09,50.0,,,615.79,1776223196000
1776223198.014,298.014,0.99,867.83,0.91,50.0,,,,,,,,,0.01,867.83,0.09,50.0,,,615.79,1776223197000
1776223199.125,299.125,0.99,867.83,0.91,50.0,,,,,,,,,0.01,867.83,0.09,50.0,,,615.796,1776223198000
1776223200.491,300.491,0.99,867.83,0.91,50.0,,,,,,,,,0.01,867.83,0.09,50.0,,,615.791,1776223199000

# RESULT,winner=Up,slug=bnb-updown-5m-1776222900,ticks=311
