timestamp,elapsed_sec,up_bid_p1,up_bid_s1,up_bid_p2,up_bid_s2,up_ask_p1,up_ask_s1,up_ask_p2,up_ask_s2,down_bid_p1,down_bid_s1,down_bid_p2,down_bid_s2,down_ask_p1,down_ask_s1,down_ask_p2,down_ask_s2,up_spread,down_spread,bnb_price,bnb_oracle_ts
1776184801.781,1.781,0.33,300.0,0.31,375.0,0.67,300.0,0.69,375.0,0.39,12.0,0.33,300.0,0.6,12.0,0.67,300.0,0.34,0.21,622.789195,1776184799000
1776184802.329,2.329,0.4,12.0,0.33,300.0,0.61,12.0,0.67,300.0,0.39,12.0,0.33,300.0,0.6,12.0,0.67,300.0,0.21,0.21,622.796,1776184800000
1776184802.781,2.781,0.4,12.0,0.33,300.0,0.61,12.0,0.67,300.0,0.39,12.0,0.33,300.0,0.6,12.0,0.67,300.0,0.21,0.21,622.788,1776184801000
1776184803.742,3.742,0.4,12.0,0.33,300.0,0.61,12.0,0.67,300.0,0.39,12.0,0.33,300.0,0.6,12.0,0.67,300.0,0.21,0.21,622.791,1776184802000
1776184804.525,4.525,0.4,12.0,0.33,300.0,0.61,12.0,0.67,300.0,0.39,12.0,0.33,300.0,0.6,12.0,0.67,300.0,0.21,0.21,622.792,1776184803000
1776184805.226,5.226,0.41,12.0,0.38,5.0,0.61,49.5,0.62,18.0,0.39,49.5,0.38,18.0,0.59,12.0,0.62,5.0,0.2,0.2,622.792,1776184804000
1776184806.953,6.953,0.41,12.0,0.38,5.0,0.61,49.5,0.62,18.0,0.39,49.5,0.38,18.0,0.59,12.0,0.62,5.0,0.2,0.2,622.78649,1776184805000
1776184807.589,7.589,0.41,12.0,0.38,5.0,0.61,49.5,0.62,18.0,0.39,49.5,0.38,18.0,0.59,12.0,0.62,5.0,0.2,0.2,622.786605,1776184806000
1776184808.412,8.412,0.41,12.0,0.38,5.0,0.61,49.5,0.62,18.0,0.39,49.5,0.38,18.0,0.59,12.0,0.62,5.0,0.2,0.2,622.786605,1776184807000
1776184809.153,9.153,0.41,12.0,0.38,5.0,0.61,49.5,0.62,18.0,0.39,49.5,0.38,18.0,0.59,12.0,0.62,5.0,0.2,0.2,622.788047,1776184808000
1776184810.465,10.465,0.41,12.0,0.38,5.0,0.61,49.5,0.62,18.0,0.39,49.5,0.38,18.0,0.59,12.0,0.62,5.0,0.2,0.2,622.79,1776184809000
1776184811.095,11.095,0.41,12.0,0.38,5.0,0.61,49.5,0.62,18.0,0.39,49.5,0.38,18.0,0.59,12.0,0.62,5.0,0.2,0.2,622.79,1776184810000
1776184812.548,12.548,0.41,12.0,0.38,5.0,0.61,49.5,0.62,18.0,0.39,49.5,0.38,18.0,0.59,12.0,0.62,5.0,0.2,0.2,622.79,1776184811000
1776184813.311,13.311,0.41,12.0,0.38,5.0,0.61,49.5,0.62,18.0,0.39,49.5,0.38,18.0,0.59,12.0,0.62,5.0,0.2,0.2,622.819,1776184812000
1776184814.725,14.725,0.41,12.0,0.38,5.0,0.61,49.5,0.62,18.0,0.39,49.5,0.38,18.0,0.59,12.0,0.62,5.0,0.2,0.2,622.826,1776184813000
1776184815.416,15.416,0.41,12.0,0.38,5.0,0.61,49.5,0.62,18.0,0.39,49.5,0.38,18.0,0.59,12.0,0.62,5.0,0.2,0.2,622.801,1776184814000
1776184816.099,16.099,0.41,12.0,0.38,5.0,0.61,49.5,0.62,18.0,0.39,49.5,0.38,18.0,0.59,12.0,0.62,5.0,0.2,0.2,622.798,1776184815000
1776184817.457,17.457,0.44,5.0,0.42,11.0,0.55,5.0,0.56,5.0,0.39,49.5,0.38,18.0,0.59,12.0,0.62,5.0,0.11,0.2,622.798,1776184815000
1776184818.658,18.658,0.44,5.0,0.42,11.0,0.55,5.0,0.56,5.0,0.45,5.0,0.44,5.0,0.56,5.0,0.58,11.0,0.11,0.11,622.804,1776184817000
1776184819.126,19.126,0.44,5.0,0.42,11.0,0.55,5.0,0.56,5.0,0.45,5.0,0.44,5.0,0.56,5.0,0.58,11.0,0.11,0.11,622.804,1776184818000
1776184820.263,20.263,0.44,5.0,0.42,11.0,0.55,5.0,0.56,5.0,0.45,5.0,0.44,5.0,0.56,5.0,0.58,11.0,0.11,0.11,622.8,1776184819000
1776184821.211,21.211,0.44,5.0,0.42,11.0,0.55,5.0,0.56,5.0,0.45,5.0,0.44,5.0,0.56,5.0,0.58,11.0,0.11,0.11,622.8,1776184820000
1776184822.315,22.315,0.44,5.0,0.42,11.0,0.55,5.0,0.56,5.0,0.45,5.0,0.44,5.0,0.56,5.0,0.58,11.0,0.11,0.11,622.796848,1776184821000
1776184823.37,23.37,0.44,5.0,0.42,11.0,0.55,5.0,0.56,5.0,0.45,5.0,0.44,5.0,0.56,5.0,0.58,11.0,0.11,0.11,622.798,1776184822000
1776184824.464,24.464,0.44,5.0,0.42,11.0,0.55,5.0,0.56,5.0,0.45,5.0,0.44,5.0,0.56,5.0,0.58,11.0,0.11,0.11,622.798744,1776184823000
1776184824.969,24.969,0.44,5.0,0.42,11.0,0.55,5.0,0.56,5.0,0.45,5.0,0.44,5.0,0.56,5.0,0.58,11.0,0.11,0.11,622.798766,1776184824000
1776184826.201,26.201,0.44,5.0,0.42,11.0,0.55,5.0,0.56,5.0,0.45,5.0,0.44,5.0,0.56,5.0,0.58,11.0,0.11,0.11,622.799262,1776184825000
1776184827.203,27.203,0.44,5.0,0.42,11.0,0.55,5.0,0.56,5.0,0.45,5.0,0.44,5.0,0.56,5.0,0.58,11.0,0.11,0.11,622.7978,1776184826000
1776184828.393,28.393,0.44,5.0,0.42,11.0,0.55,5.0,0.56,5.0,0.45,5.0,0.44,5.0,0.56,5.0,0.58,11.0,0.11,0.11,622.7978,1776184827000
1776184829.346,29.346,0.44,5.0,0.42,11.0,0.55,5.0,0.56,5.0,0.45,5.0,0.44,5.0,0.56,5.0,0.58,11.0,0.11,0.11,622.803,1776184828000
1776184829.845,29.845,0.44,5.0,0.42,11.0,0.55,5.0,0.56,5.0,0.45,5.0,0.44,5.0,0.56,5.0,0.58,11.0,0.11,0.11,622.831545,1776184829000
1776184830.882,30.882,0.44,5.0,0.42,11.0,0.55,5.0,0.56,5.0,0.45,5.0,0.44,5.0,0.56,5.0,0.58,11.0,0.11,0.11,622.831545,1776184830000
1776184832.619,32.619,0.44,5.0,0.42,11.0,0.55,5.0,0.56,5.0,0.45,5.0,0.44,5.0,0.56,5.0,0.58,11.0,0.11,0.11,622.837145,1776184831000
1776184833.164,33.164,0.44,5.0,0.42,11.0,0.55,5.0,0.56,5.0,0.45,5.0,0.44,5.0,0.56,5.0,0.58,11.0,0.11,0.11,622.838098,1776184832000
1776184834.391,34.391,0.44,5.0,0.42,11.0,0.55,5.0,0.56,5.0,0.45,5.0,0.44,5.0,0.56,5.0,0.58,11.0,0.11,0.11,622.838098,1776184833000
1776184834.881,34.881,0.44,5.0,0.42,11.0,0.55,5.0,0.56,5.0,0.45,5.0,0.44,5.0,0.56,5.0,0.58,11.0,0.11,0.11,622.837746,1776184834000
1776184836.069,36.069,0.44,5.0,0.42,11.0,0.55,5.0,0.56,5.0,0.45,5.0,0.44,5.0,0.56,5.0,0.58,11.0,0.11,0.11,622.833238,1776184835000
1776184837.334,37.334,0.44,5.0,0.42,11.0,0.55,5.0,0.56,5.0,0.45,5.0,0.44,5.0,0.56,5.0,0.58,11.0,0.11,0.11,622.83423,1776184836000
1776184838.54,38.54,0.44,5.0,0.42,11.0,0.55,5.0,0.56,5.0,0.45,5.0,0.44,5.0,0.56,5.0,0.58,11.0,0.11,0.11,622.834337,1776184837000
1776184839.042,39.042,0.44,5.0,0.42,11.0,0.55,5.0,0.56,5.0,0.45,5.0,0.44,5.0,0.56,5.0,0.58,11.0,0.11,0.11,622.835123,1776184838000
1776184840.15,40.15,0.44,5.0,0.42,11.0,0.55,5.0,0.56,5.0,0.45,5.0,0.44,5.0,0.56,5.0,0.58,11.0,0.11,0.11,622.833148,1776184839000
1776184841.334,41.334,0.44,5.0,0.42,11.0,0.55,5.0,0.56,5.0,0.45,5.0,0.44,5.0,0.56,5.0,0.58,11.0,0.11,0.11,622.829797,1776184840000
1776184841.883,41.883,0.44,5.0,0.42,11.0,0.55,5.0,0.56,5.0,0.45,5.0,0.44,5.0,0.56,5.0,0.58,11.0,0.11,0.11,622.829797,1776184841000
1776184843.104,43.104,0.44,5.0,0.42,11.0,0.55,5.0,0.56,5.0,0.45,5.0,0.44,5.0,0.56,5.0,0.58,11.0,0.11,0.11,622.830923,1776184842000
1776184844.244,44.244,0.44,5.0,0.42,11.0,0.55,5.0,0.56,5.0,0.45,5.0,0.44,5.0,0.56,5.0,0.58,11.0,0.11,0.11,622.830425,1776184843000
1776184845.411,45.411,0.44,5.0,0.42,11.0,0.55,5.0,0.56,5.0,0.45,5.0,0.44,5.0,0.56,5.0,0.58,11.0,0.11,0.11,622.829712,1776184844000
1776184845.914,45.914,0.4,0.05,0.35,5.0,0.44,5.0,0.47,5.0,0.56,5.0,0.53,5.0,0.6,0.05,0.65,5.0,0.04,0.04,622.796013,1776184845000
1776184847.712,47.712,0.4,0.05,0.35,5.0,0.44,5.0,0.47,5.0,0.56,5.0,0.53,5.0,0.6,0.05,0.65,5.0,0.04,0.04,622.621,1776184846000
1776184848.345,48.345,0.4,0.05,0.35,5.0,0.44,5.0,0.47,5.0,0.56,5.0,0.53,5.0,0.6,0.05,0.65,5.0,0.04,0.04,622.619,1776184847000
1776184849.274,49.274,0.4,0.05,0.35,5.0,0.44,5.0,0.47,5.0,0.56,5.0,0.53,5.0,0.6,0.05,0.65,5.0,0.04,0.04,622.64,1776184848000
1776184850.284,50.284,0.36,10.0,0.32,5.0,0.41,55.0,0.44,5.0,0.56,5.0,0.53,5.0,0.6,0.05,0.65,5.0,0.05,0.04,622.64,1776184848000
1776184851.388,51.388,0.36,10.0,0.32,5.0,0.41,55.0,0.44,5.0,0.59,55.0,0.56,5.0,0.64,10.0,0.68,5.0,0.05,0.05,622.652,1776184850000
1776184851.973,51.973,0.36,10.0,0.32,5.0,0.41,55.0,0.44,5.0,0.59,55.0,0.56,5.0,0.64,10.0,0.68,5.0,0.05,0.05,622.64,1776184851000
1776184853.201,53.201,0.36,10.0,0.32,5.0,0.41,55.0,0.44,5.0,0.59,55.0,0.56,5.0,0.64,10.0,0.68,5.0,0.05,0.05,622.601881,1776184852000
1776184854.183,54.183,0.36,10.0,0.32,5.0,0.41,55.0,0.44,5.0,0.59,55.0,0.56,5.0,0.64,10.0,0.68,5.0,0.05,0.05,622.6,1776184853000
1776184855.271,55.271,0.36,10.0,0.32,5.0,0.41,55.0,0.44,5.0,0.59,55.0,0.56,5.0,0.64,10.0,0.68,5.0,0.05,0.05,622.6,1776184854000
1776184856.349,56.349,0.36,10.0,0.32,5.0,0.41,55.0,0.44,5.0,0.59,55.0,0.56,5.0,0.64,10.0,0.68,5.0,0.05,0.05,622.601836,1776184855000
1776184856.924,56.924,0.36,10.0,0.32,5.0,0.41,55.0,0.44,5.0,0.59,55.0,0.56,5.0,0.64,10.0,0.68,5.0,0.05,0.05,622.584,1776184856000
1776184857.532,57.532,0.3,8.0,0.29,5.0,0.38,5.0,0.39,8.0,0.59,55.0,0.56,5.0,0.64,10.0,0.68,5.0,0.08,0.05,622.584,1776184856000
1776184857.924,57.924,0.3,8.0,0.29,5.0,0.38,5.0,0.39,8.0,0.62,5.0,0.61,8.0,0.7,8.0,0.71,5.0,0.08,0.08,622.584,1776184857000
1776184858.972,58.972,0.3,8.0,0.29,5.0,0.38,5.0,0.39,8.0,0.62,5.0,0.61,8.0,0.7,8.0,0.71,5.0,0.08,0.08,622.52,1776184858000
1776184860.011,60.011,0.3,8.0,0.29,5.0,0.38,5.0,0.39,8.0,0.62,5.0,0.61,8.0,0.7,8.0,0.71,5.0,0.08,0.08,622.509,1776184859000
1776184861.805,61.805,0.3,8.0,0.29,5.0,0.38,5.0,0.39,8.0,0.62,5.0,0.61,8.0,0.7,8.0,0.71,5.0,0.08,0.08,622.529,1776184860000
1776184862.45,62.45,0.3,8.0,0.29,5.0,0.38,5.0,0.39,8.0,0.62,5.0,0.61,8.0,0.7,8.0,0.71,5.0,0.08,0.08,622.52841,1776184861000
1776184863.11,63.11,0.3,8.0,0.29,5.0,0.38,5.0,0.39,8.0,0.62,5.0,0.61,8.0,0.7,8.0,0.71,5.0,0.08,0.08,622.507,1776184862000
1776184864.45,64.45,0.3,8.0,0.29,5.0,0.38,5.0,0.39,8.0,0.62,5.0,0.61,8.0,0.7,8.0,0.71,5.0,0.08,0.08,622.536,1776184863000
1776184865.544,65.544,0.3,8.0,0.29,5.0,0.38,5.0,0.39,8.0,0.62,5.0,0.61,8.0,0.7,8.0,0.71,5.0,0.08,0.08,622.521,1776184864000
1776184866.089,66.089,0.3,8.0,0.29,5.0,0.38,5.0,0.39,8.0,0.62,5.0,0.61,8.0,0.7,8.0,0.71,5.0,0.08,0.08,622.523,1776184865000
1776184867.316,67.316,0.3,8.0,0.29,5.0,0.38,5.0,0.39,8.0,0.62,5.0,0.61,8.0,0.7,8.0,0.71,5.0,0.08,0.08,622.523,1776184866000
1776184868.522,68.522,0.3,8.0,0.29,5.0,0.38,5.0,0.39,8.0,0.62,5.0,0.61,8.0,0.7,8.0,0.71,5.0,0.08,0.08,622.514,1776184867000
1776184869.15,69.15,0.3,8.0,0.29,5.0,0.38,5.0,0.39,8.0,0.62,5.0,0.61,8.0,0.7,8.0,0.71,5.0,0.08,0.08,622.514,1776184868000
1776184870.339,70.339,0.3,8.0,0.29,5.0,0.38,5.0,0.39,8.0,0.62,5.0,0.61,8.0,0.7,8.0,0.71,5.0,0.08,0.08,622.335,1776184869000
1776184871.565,71.565,0.3,8.0,0.29,5.0,0.38,5.0,0.39,8.0,0.62,5.0,0.61,8.0,0.7,8.0,0.71,5.0,0.08,0.08,622.324863,1776184870000
1776184872.143,72.143,0.19,3.82,0.18,5.0,0.25,33.0,0.26,10.0,0.75,33.0,0.74,10.0,0.81,3.82,0.82,5.0,0.06,0.06,622.303465,1776184871000
1776184873.069,73.069,0.18,2.37,0.14,5.0,0.25,5.0,0.28,16.0,0.75,33.0,0.74,10.0,0.81,3.82,0.82,5.0,0.07,0.06,622.303465,1776184871000
1776184873.511,73.511,0.18,2.37,0.14,5.0,0.25,5.0,0.28,16.0,0.75,5.0,0.72,16.0,0.82,2.37,0.86,5.0,0.07,0.07,622.303,1776184872000
1776184874.147,74.147,0.18,2.37,0.14,5.0,0.25,5.0,0.28,16.0,0.75,5.0,0.72,16.0,0.82,2.37,0.86,5.0,0.07,0.07,622.303,1776184873000
1776184874.359,74.359,0.17,4.62,0.16,5.0,0.25,5.0,0.27,10.0,0.75,5.0,0.72,16.0,0.82,2.37,0.86,5.0,0.08,0.07,622.303,1776184873000
1776184875.447,75.447,0.17,4.62,0.16,5.0,0.25,5.0,0.27,10.0,0.75,5.0,0.73,10.0,0.83,4.62,0.84,5.0,0.08,0.08,622.348,1776184874000
1776184875.715,75.715,0.16,4.63,0.14,5.0,0.25,15.0,0.27,6.0,0.75,5.0,0.73,10.0,0.83,4.62,0.84,5.0,0.09,0.08,622.348,1776184874000
1776184876.156,76.156,0.16,4.63,0.14,5.0,0.25,15.0,0.27,6.0,0.75,15.0,0.73,6.0,0.84,4.63,0.86,5.0,0.09,0.09,622.348,1776184875000
1776184877.063,77.063,0.14,5.0,0.12,24.6,0.25,15.0,0.27,6.0,0.75,15.0,0.73,6.0,0.84,4.63,0.86,5.0,0.11,0.09,622.348,1776184875000
1776184877.781,77.781,0.14,5.0,0.12,24.6,0.25,15.0,0.27,6.0,0.75,15.0,0.73,6.0,0.86,5.0,0.88,24.6,0.11,0.11,622.356,1776184876000
1776184878.352,78.352,0.14,5.0,0.12,24.6,0.25,15.0,0.27,6.0,0.75,15.0,0.73,6.0,0.86,5.0,0.88,24.6,0.11,0.11,622.316,1776184877000
1776184879.008,79.008,0.14,5.0,0.12,24.6,0.25,15.0,0.27,6.0,0.75,15.0,0.73,6.0,0.86,5.0,0.88,24.6,0.11,0.11,622.316,1776184878000
1776184879.995,79.995,0.13,0.01,0.12,24.6,0.24,10.0,0.25,5.0,0.76,10.0,0.75,5.0,0.87,0.01,0.88,24.6,0.11,0.11,622.31,1776184879000
1776184881.09,81.09,0.12,19.6,0.11,26.6,0.23,10.0,0.24,5.0,0.77,10.0,0.76,5.0,0.88,19.6,0.89,26.6,0.11,0.11,622.262,1776184880000
1776184882.123,82.123,0.12,14.6,0.11,26.6,0.23,24.7,0.24,19.3,0.77,24.7,0.76,19.3,0.88,14.6,0.89,26.6,0.11,0.11,622.256,1776184881000
1776184883.188,83.188,0.12,14.6,0.11,26.6,0.23,24.7,0.24,19.3,0.77,24.7,0.76,19.3,0.88,14.6,0.89,26.6,0.11,0.11,622.255,1776184882000
1776184884.417,84.417,0.12,14.6,0.11,26.6,0.23,24.7,0.24,19.3,0.77,24.7,0.76,19.3,0.88,14.6,0.89,26.6,0.11,0.11,622.269,1776184883000
1776184885.413,85.413,0.12,14.6,0.11,26.6,0.23,24.7,0.24,19.3,0.77,24.7,0.76,19.3,0.88,14.6,0.89,26.6,0.11,0.11,622.256,1776184884000
1776184886.444,86.444,0.12,14.6,0.11,26.6,0.23,24.7,0.24,19.3,0.77,24.7,0.76,19.3,0.88,14.6,0.89,26.6,0.11,0.11,622.255,1776184885000
1776184887.019,87.019,0.12,14.6,0.11,26.6,0.23,24.7,0.24,19.3,0.77,24.7,0.76,19.3,0.88,14.6,0.89,26.6,0.11,0.11,622.255,1776184886000
1776184888.007,88.007,0.12,14.6,0.11,26.6,0.23,24.7,0.24,19.3,0.77,24.7,0.76,19.3,0.88,14.6,0.89,26.6,0.11,0.11,622.255,1776184887000
1776184888.927,88.927,0.07,39.9,0.06,46.1,0.1,5.0,0.13,10.0,0.77,24.7,0.76,19.3,0.88,14.6,0.89,26.6,0.03,0.11,622.255,1776184887000
1776184897.339,97.339,0.07,39.9,0.06,46.1,0.1,5.0,0.13,10.0,0.9,5.0,0.87,10.0,0.93,39.9,0.94,46.1,0.03,0.03,622.161,1776184896000
1776184898.023,98.023,0.07,39.9,0.06,46.1,0.1,5.0,0.13,10.0,0.9,5.0,0.87,10.0,0.93,39.9,0.94,46.1,0.03,0.03,622.164,1776184897000
1776184898.976,98.976,0.07,39.9,0.06,46.1,0.1,5.0,0.13,10.0,0.9,5.0,0.87,10.0,0.93,39.9,0.94,46.1,0.03,0.03,622.17,1776184898000
1776184899.974,99.974,0.07,39.9,0.06,46.1,0.1,5.0,0.13,10.0,0.9,5.0,0.87,10.0,0.93,39.9,0.94,46.1,0.03,0.03,622.175,1776184899000
1776184900.971,100.971,0.07,39.9,0.06,46.1,0.1,5.0,0.13,10.0,0.9,5.0,0.87,10.0,0.93,39.9,0.94,46.1,0.03,0.03,622.143,1776184900000
1776184901.447,101.447,0.06,46.1,0.05,54.7,0.12,16.68,0.13,23.0,0.9,5.0,0.87,10.0,0.93,39.9,0.94,46.1,0.06,0.03,622.143,1776184900000
1776184901.989,101.989,0.06,46.1,0.05,54.7,0.12,16.68,0.13,23.0,0.88,16.68,0.87,23.0,0.94,46.1,0.95,54.7,0.06,0.06,622.139,1776184901000
1776184902.951,102.951,0.06,46.1,0.05,54.7,0.12,16.68,0.13,23.0,0.88,16.68,0.87,23.0,0.94,46.1,0.95,54.7,0.06,0.06,622.133,1776184902000
1776184904.619,104.619,0.06,46.1,0.05,54.7,0.12,16.68,0.13,23.0,0.88,16.68,0.87,23.0,0.94,46.1,0.95,54.7,0.06,0.06,622.166,1776184903000
1776184905.321,105.321,0.06,46.1,0.05,54.7,0.12,16.68,0.13,23.0,0.88,16.68,0.87,23.0,0.94,46.1,0.95,54.7,0.06,0.06,622.16,1776184904000
1776184906.644,106.644,0.06,46.1,0.05,54.7,0.12,16.68,0.13,23.0,0.88,16.68,0.87,23.0,0.94,46.1,0.95,54.7,0.06,0.06,622.16,1776184905000
1776184907.281,107.281,0.06,46.1,0.05,54.7,0.12,16.68,0.13,23.0,0.88,16.68,0.87,23.0,0.94,46.1,0.95,54.7,0.06,0.06,622.16,1776184906000
1776184908.749,108.749,0.06,46.1,0.05,54.7,0.12,16.68,0.13,23.0,0.88,16.68,0.87,23.0,0.94,46.1,0.95,54.7,0.06,0.06,622.135,1776184907000
1776184909.549,109.549,0.06,46.1,0.05,54.7,0.12,16.68,0.13,23.0,0.88,16.68,0.87,23.0,0.94,46.1,0.95,54.7,0.06,0.06,622.135,1776184908000
1776184910.239,110.239,0.06,46.1,0.05,54.7,0.12,16.68,0.13,23.0,0.88,16.68,0.87,23.0,0.94,46.1,0.95,54.7,0.06,0.06,622.128,1776184909000
1776184911.74,111.74,0.06,46.1,0.05,54.7,0.12,16.68,0.13,23.0,0.88,16.68,0.87,23.0,0.94,46.1,0.95,54.7,0.06,0.06,622.15,1776184910000
1776184912.418,112.418,0.06,46.1,0.05,54.7,0.12,16.68,0.13,23.0,0.88,16.68,0.87,23.0,0.94,46.1,0.95,54.7,0.06,0.06,622.15,1776184911000
1776184913.011,113.011,0.06,46.1,0.05,54.7,0.12,16.68,0.13,23.0,0.88,16.68,0.87,23.0,0.94,46.1,0.95,54.7,0.06,0.06,622.153,1776184912000
1776184914.274,114.274,0.06,46.1,0.05,54.7,0.12,16.68,0.13,23.0,0.88,16.68,0.87,23.0,0.94,46.1,0.95,54.7,0.06,0.06,622.299,1776184913000
1776184915.494,115.494,0.06,46.1,0.05,54.7,0.12,16.68,0.13,23.0,0.88,16.68,0.87,23.0,0.94,46.1,0.95,54.7,0.06,0.06,622.306,1776184914000
1776184916.178,116.178,0.06,46.1,0.05,54.7,0.12,16.68,0.13,23.0,0.88,16.68,0.87,23.0,0.94,46.1,0.95,54.7,0.06,0.06,622.306,1776184915000
1776184917.437,117.437,0.06,46.1,0.05,54.7,0.12,16.68,0.13,23.0,0.88,16.68,0.87,23.0,0.94,46.1,0.95,54.7,0.06,0.06,622.302,1776184916000
1776184918.057,118.057,0.06,46.1,0.05,54.7,0.12,16.68,0.13,23.0,0.88,16.68,0.87,23.0,0.94,46.1,0.95,54.7,0.06,0.06,622.302,1776184917000
1776184919.227,119.227,0.06,46.1,0.05,54.7,0.12,16.68,0.13,23.0,0.88,16.68,0.87,23.0,0.94,46.1,0.95,54.7,0.06,0.06,622.307,1776184918000
1776184920.52,120.52,0.06,46.1,0.05,54.7,0.12,16.68,0.13,23.0,0.88,16.68,0.87,23.0,0.94,46.1,0.95,54.7,0.06,0.06,622.309,1776184919000
1776184921.62,121.62,0.06,46.1,0.05,54.7,0.12,16.68,0.13,23.0,0.88,16.68,0.87,23.0,0.94,46.1,0.95,54.7,0.06,0.06,622.305,1776184920000
1776184922.259,122.259,0.06,46.1,0.05,54.7,0.12,16.68,0.13,23.0,0.88,16.68,0.87,23.0,0.94,46.1,0.95,54.7,0.06,0.06,622.307,1776184921000
1776184924.251,124.251,0.06,46.1,0.05,54.7,0.12,16.68,0.13,23.0,0.88,16.68,0.87,23.0,0.94,46.1,0.95,54.7,0.06,0.06,622.307,1776184922000
1776184924.897,124.897,0.06,46.1,0.05,54.7,0.12,16.68,0.13,23.0,0.88,16.68,0.87,23.0,0.94,46.1,0.95,54.7,0.06,0.06,622.307,1776184923000
1776184925.524,125.524,0.06,46.1,0.05,54.7,0.12,16.68,0.13,23.0,0.88,16.68,0.87,23.0,0.94,46.1,0.95,54.7,0.06,0.06,622.312,1776184924000
1776184926.294,126.294,0.06,46.1,0.05,54.7,0.12,16.68,0.13,23.0,0.88,16.68,0.87,23.0,0.94,46.1,0.95,54.7,0.06,0.06,622.312,1776184925000
1776184927.187,127.187,0.06,46.1,0.05,54.7,0.12,16.68,0.13,23.0,0.88,16.68,0.87,23.0,0.94,46.1,0.95,54.7,0.06,0.06,622.312,1776184926000
1776184928.49,128.49,0.06,46.1,0.05,54.7,0.12,16.68,0.13,23.0,0.88,16.68,0.87,23.0,0.94,46.1,0.95,54.7,0.06,0.06,622.295,1776184927000
1776184929.302,129.302,0.06,46.1,0.05,54.7,0.12,16.68,0.13,23.0,0.88,16.68,0.87,23.0,0.94,46.1,0.95,54.7,0.06,0.06,622.295,1776184928000
1776184930.651,130.651,0.06,46.1,0.05,54.7,0.12,16.68,0.13,23.0,0.88,16.68,0.87,23.0,0.94,46.1,0.95,54.7,0.06,0.06,622.172,1776184929000
1776184931.534,131.534,0.06,46.1,0.05,54.7,0.12,16.68,0.13,23.0,0.88,16.68,0.87,23.0,0.94,46.1,0.95,54.7,0.06,0.06,622.172,1776184930000
1776184932.118,132.118,0.06,46.1,0.05,54.7,0.12,16.68,0.13,23.0,0.88,16.68,0.87,23.0,0.94,46.1,0.95,54.7,0.06,0.06,622.193,1776184931000
1776184933.453,133.453,0.06,46.1,0.05,54.7,0.12,16.68,0.13,23.0,0.88,16.68,0.87,23.0,0.94,46.1,0.95,54.7,0.06,0.06,622.205,1776184932000
1776184934.027,134.027,0.06,46.1,0.05,54.7,0.12,16.68,0.13,23.0,0.88,16.68,0.87,23.0,0.94,46.1,0.95,54.7,0.06,0.06,622.205,1776184933000
1776184935.397,135.397,0.06,46.1,0.05,54.7,0.12,16.68,0.13,23.0,0.88,16.68,0.87,23.0,0.94,46.1,0.95,54.7,0.06,0.06,622.212,1776184934000
1776184936.186,136.186,0.06,46.1,0.05,54.7,0.12,16.68,0.13,23.0,0.88,16.68,0.87,23.0,0.94,46.1,0.95,54.7,0.06,0.06,622.212,1776184935000
1776184937.74,137.74,0.06,46.1,0.05,54.7,0.12,16.68,0.13,23.0,0.88,16.68,0.87,23.0,0.94,46.1,0.95,54.7,0.06,0.06,622.21,1776184936000
1776184938.362,138.362,0.06,46.1,0.05,54.7,0.12,16.68,0.13,23.0,0.88,16.68,0.87,23.0,0.94,46.1,0.95,54.7,0.06,0.06,622.217,1776184937000
1776184939.078,139.078,0.06,46.1,0.05,54.7,0.12,16.68,0.13,23.0,0.88,16.68,0.87,23.0,0.94,46.1,0.95,54.7,0.06,0.06,622.217,1776184938000
1776184940.21,140.21,0.06,46.1,0.05,54.7,0.12,16.68,0.13,23.0,0.88,16.68,0.87,23.0,0.94,46.1,0.95,54.7,0.06,0.06,622.228,1776184939000
1776184941.554,141.554,0.06,46.1,0.05,54.7,0.12,16.68,0.13,23.0,0.88,16.68,0.87,23.0,0.94,46.1,0.95,54.7,0.06,0.06,622.22,1776184940000
1776184942.168,142.168,0.06,46.1,0.05,54.7,0.12,16.68,0.13,23.0,0.88,16.68,0.87,23.0,0.94,46.1,0.95,54.7,0.06,0.06,622.303,1776184941000
1776184947.222,147.222,0.06,46.1,0.05,54.7,0.12,16.68,0.13,23.0,0.88,16.68,0.87,23.0,0.94,46.1,0.95,54.7,0.06,0.06,622.339,1776184942000
1776184947.588,147.588,0.06,46.1,0.05,54.7,0.12,16.68,0.13,23.0,0.88,16.68,0.87,23.0,0.94,46.1,0.95,54.7,0.06,0.06,622.34,1776184946000
1776184948.996,148.996,0.06,46.1,0.05,54.7,0.12,16.68,0.13,23.0,0.88,16.68,0.87,23.0,0.94,46.1,0.95,54.7,0.06,0.06,622.333,1776184947000
1776184949.68,149.68,0.06,46.1,0.05,54.7,0.12,16.68,0.13,23.0,0.88,16.68,0.87,23.0,0.94,46.1,0.95,54.7,0.06,0.06,622.328,1776184948000
1776184950.341,150.341,0.06,46.1,0.05,54.7,0.12,16.68,0.13,23.0,0.88,16.68,0.87,23.0,0.94,46.1,0.95,54.7,0.06,0.06,622.328,1776184949000
1776184951.232,151.232,0.06,46.1,0.05,54.7,0.12,16.68,0.13,23.0,0.88,16.68,0.87,23.0,0.94,46.1,0.95,54.7,0.06,0.06,622.324,1776184950000
1776184952.772,152.772,0.06,46.1,0.05,54.7,0.12,16.68,0.13,23.0,0.88,16.68,0.87,23.0,0.94,46.1,0.95,54.7,0.06,0.06,622.335,1776184951000
1776184953.442,153.442,0.06,46.1,0.05,54.7,0.12,16.68,0.13,23.0,0.88,16.68,0.87,23.0,0.94,46.1,0.95,54.7,0.06,0.06,622.337,1776184952000
1776184954.272,154.272,0.06,46.1,0.05,54.7,0.12,16.68,0.13,23.0,0.88,16.68,0.87,23.0,0.94,46.1,0.95,54.7,0.06,0.06,622.337,1776184953000
1776184955.715,155.715,0.06,46.1,0.05,54.7,0.12,16.68,0.13,23.0,0.88,16.68,0.87,23.0,0.94,46.1,0.95,54.7,0.06,0.06,622.338,1776184954000
1776184956.467,156.467,0.06,46.1,0.05,54.7,0.12,16.68,0.13,23.0,0.88,16.68,0.87,23.0,0.94,46.1,0.95,54.7,0.06,0.06,622.352,1776184955000
1776184957.321,157.321,0.06,46.1,0.05,54.7,0.12,16.68,0.13,23.0,0.88,16.68,0.87,23.0,0.94,46.1,0.95,54.7,0.06,0.06,622.352,1776184956000
1776184959.262,159.262,0.06,46.1,0.05,54.7,0.12,16.68,0.13,23.0,0.88,16.68,0.87,23.0,0.94,46.1,0.95,54.7,0.06,0.06,622.371,1776184958000
1776184960.492,160.492,0.06,46.1,0.05,54.7,0.12,16.68,0.13,23.0,0.88,16.68,0.87,23.0,0.94,46.1,0.95,54.7,0.06,0.06,622.369,1776184959000
1776184961.127,161.127,0.06,46.1,0.05,54.7,0.12,16.68,0.13,23.0,0.88,16.68,0.87,23.0,0.94,46.1,0.95,54.7,0.06,0.06,622.372,1776184960000
1776184962.482,162.482,0.06,46.1,0.05,54.7,0.12,16.68,0.13,23.0,0.88,16.68,0.87,23.0,0.94,46.1,0.95,54.7,0.06,0.06,622.383,1776184961000
1776184962.938,162.938,0.06,46.1,0.05,54.7,0.12,16.68,0.13,23.0,0.88,16.68,0.87,23.0,0.94,46.1,0.95,54.7,0.06,0.06,622.388,1776184962000
1776184964.103,164.103,0.06,46.1,0.05,54.7,0.12,16.68,0.13,23.0,0.88,16.68,0.87,23.0,0.94,46.1,0.95,54.7,0.06,0.06,622.388,1776184963000
1776184965.259,165.259,0.06,46.1,0.05,54.7,0.12,16.68,0.13,23.0,0.88,16.68,0.87,23.0,0.94,46.1,0.95,54.7,0.06,0.06,622.377,1776184964000
1776184966.421,166.421,0.06,46.1,0.05,54.7,0.12,16.68,0.13,23.0,0.88,16.68,0.87,23.0,0.94,46.1,0.95,54.7,0.06,0.06,622.378,1776184965000
1776184966.998,166.998,0.06,46.1,0.05,54.7,0.12,16.68,0.13,23.0,0.88,16.68,0.87,23.0,0.94,46.1,0.95,54.7,0.06,0.06,622.378,1776184966000
1776184968.099,168.099,0.06,46.1,0.05,54.7,0.12,16.68,0.13,23.0,0.88,16.68,0.87,23.0,0.94,46.1,0.95,54.7,0.06,0.06,622.383,1776184967000
1776184969.303,169.303,0.06,46.1,0.05,54.7,0.12,16.68,0.13,23.0,0.88,16.68,0.87,23.0,0.94,46.1,0.95,54.7,0.06,0.06,622.389,1776184968000
1776184970.423,170.423,0.06,46.1,0.05,54.7,0.12,16.68,0.13,23.0,0.88,16.68,0.87,23.0,0.94,46.1,0.95,54.7,0.06,0.06,622.363,1776184969000
1776184970.886,170.886,0.06,46.1,0.05,54.7,0.12,16.68,0.13,23.0,0.88,16.68,0.87,23.0,0.94,46.1,0.95,54.7,0.06,0.06,622.363,1776184970000
1776184972.056,172.056,0.06,46.1,0.05,54.7,0.12,16.68,0.13,23.0,0.88,16.68,0.87,23.0,0.94,46.1,0.95,54.7,0.06,0.06,622.404,1776184971000
1776184973.219,173.219,0.06,46.1,0.05,54.7,0.12,16.68,0.13,23.0,0.88,16.68,0.87,23.0,0.94,46.1,0.95,54.7,0.06,0.06,622.469907,1776184972000
1776184974.408,174.408,0.06,46.1,0.05,54.7,0.12,16.68,0.13,23.0,0.88,16.68,0.87,23.0,0.94,46.1,0.95,54.7,0.06,0.06,622.418,1776184973000
1776184974.86,174.86,0.06,46.1,0.05,54.7,0.12,16.68,0.13,23.0,0.88,16.68,0.87,23.0,0.94,46.1,0.95,54.7,0.06,0.06,622.418,1776184974000
1776184976.128,176.128,0.06,46.1,0.05,54.7,0.12,16.68,0.13,23.0,0.88,16.68,0.87,23.0,0.94,46.1,0.95,54.7,0.06,0.06,622.421,1776184975000
1776184977.173,177.173,0.06,46.1,0.05,54.7,0.12,16.68,0.13,23.0,0.88,16.68,0.87,23.0,0.94,46.1,0.95,54.7,0.06,0.06,622.429,1776184976000
1776184978.451,178.451,0.06,46.1,0.05,54.7,0.12,16.68,0.13,23.0,0.88,16.68,0.87,23.0,0.94,46.1,0.95,54.7,0.06,0.06,622.422,1776184977000
1776184979.347,179.347,0.06,46.1,0.05,54.7,0.12,16.68,0.13,23.0,0.88,16.68,0.87,23.0,0.94,46.1,0.95,54.7,0.06,0.06,622.424,1776184978000
1776184980.352,180.352,0.06,46.1,0.05,54.7,0.12,16.68,0.13,23.0,0.88,16.68,0.87,23.0,0.94,46.1,0.95,54.7,0.06,0.06,622.406,1776184979000
1776184981.378,181.378,0.06,46.1,0.05,54.7,0.12,16.68,0.13,23.0,0.88,16.68,0.87,23.0,0.94,46.1,0.95,54.7,0.06,0.06,622.425,1776184980000
1776184981.963,181.963,0.06,46.1,0.05,54.7,0.12,16.68,0.13,23.0,0.88,16.68,0.87,23.0,0.94,46.1,0.95,54.7,0.06,0.06,622.425,1776184981000
1776184983.133,183.133,0.06,46.1,0.05,54.7,0.12,16.68,0.13,23.0,0.88,16.68,0.87,23.0,0.94,46.1,0.95,54.7,0.06,0.06,622.423,1776184982000
1776184984.129,184.129,0.06,46.1,0.05,54.7,0.12,16.68,0.13,23.0,0.88,16.68,0.87,23.0,0.94,46.1,0.95,54.7,0.06,0.06,622.423,1776184983000
1776184985.232,185.232,0.06,46.1,0.05,54.7,0.12,16.68,0.13,23.0,0.88,16.68,0.87,23.0,0.94,46.1,0.95,54.7,0.06,0.06,622.423,1776184984000
1776184986.229,186.229,0.06,46.1,0.05,54.7,0.12,16.68,0.13,23.0,0.88,16.68,0.87,23.0,0.94,46.1,0.95,54.7,0.06,0.06,622.454,1776184985000
1776184987.346,187.346,0.06,46.1,0.05,54.7,0.12,16.68,0.13,23.0,0.88,16.68,0.87,23.0,0.94,46.1,0.95,54.7,0.06,0.06,622.444,1776184986000
1776184988.345,188.345,0.06,46.1,0.05,54.7,0.12,16.68,0.13,23.0,0.88,16.68,0.87,23.0,0.94,46.1,0.95,54.7,0.06,0.06,622.447,1776184987000
1776184989.746,189.746,0.06,46.1,0.05,54.7,0.12,16.68,0.13,23.0,0.88,16.68,0.87,23.0,0.94,46.1,0.95,54.7,0.06,0.06,622.431,1776184988000
1776184990.37,190.37,0.06,46.1,0.05,54.7,0.12,16.68,0.13,23.0,0.88,16.68,0.87,23.0,0.94,46.1,0.95,54.7,0.06,0.06,622.433,1776184989000
1776184991.432,191.432,0.06,46.1,0.05,54.7,0.12,16.68,0.13,23.0,0.88,16.68,0.87,23.0,0.94,46.1,0.95,54.7,0.06,0.06,622.434,1776184990000
1776184991.999,191.999,0.06,46.1,0.05,54.7,0.12,16.68,0.13,23.0,0.88,16.68,0.87,23.0,0.94,46.1,0.95,54.7,0.06,0.06,622.434,1776184991000
1776184993.168,193.168,0.06,46.1,0.05,54.7,0.12,16.68,0.13,23.0,0.88,16.68,0.87,23.0,0.94,46.1,0.95,54.7,0.06,0.06,622.428,1776184992000
1776184994.231,194.231,0.06,46.1,0.05,54.7,0.12,16.68,0.13,23.0,0.88,16.68,0.87,23.0,0.94,46.1,0.95,54.7,0.06,0.06,622.429,1776184993000
1776184995.385,195.385,0.06,46.1,0.05,54.7,0.12,16.68,0.13,23.0,0.88,16.68,0.87,23.0,0.94,46.1,0.95,54.7,0.06,0.06,622.427,1776184994000
1776184996.554,196.554,0.06,46.1,0.05,54.7,0.12,16.68,0.13,23.0,0.88,16.68,0.87,23.0,0.94,46.1,0.95,54.7,0.06,0.06,622.446,1776184995000
1776184997.092,197.092,0.06,46.1,0.05,54.7,0.12,16.68,0.13,23.0,0.88,16.68,0.87,23.0,0.94,46.1,0.95,54.7,0.06,0.06,622.483,1776184996000
1776184998.79,198.79,0.06,46.1,0.05,54.7,0.12,16.68,0.13,23.0,0.88,16.68,0.87,23.0,0.94,46.1,0.95,54.7,0.06,0.06,622.528,1776184997000
1776184999.371,199.371,0.06,46.1,0.05,54.7,0.12,16.68,0.13,23.0,0.88,16.68,0.87,23.0,0.94,46.1,0.95,54.7,0.06,0.06,622.572,1776184998000
1776185000.487,200.487,0.06,46.1,0.05,54.7,0.12,16.68,0.13,23.0,0.88,16.68,0.87,23.0,0.94,46.1,0.95,54.7,0.06,0.06,622.559,1776184999000
1776185001.117,201.117,0.06,46.1,0.05,54.7,0.12,16.68,0.13,23.0,0.88,16.68,0.87,23.0,0.94,46.1,0.95,54.7,0.06,0.06,622.559,1776185000000
1776185002.341,202.341,0.06,46.1,0.05,54.7,0.12,16.68,0.13,23.0,0.88,16.68,0.87,23.0,0.94,46.1,0.95,54.7,0.06,0.06,622.587,1776185001000
1776185003.002,203.002,0.06,46.1,0.05,54.7,0.12,16.68,0.13,23.0,0.88,16.68,0.87,23.0,0.94,46.1,0.95,54.7,0.06,0.06,622.587,1776185002000
1776185004.145,204.145,0.06,46.1,0.05,54.7,0.12,16.68,0.13,23.0,0.88,16.68,0.87,23.0,0.94,46.1,0.95,54.7,0.06,0.06,622.61,1776185003000
1776185005.562,205.562,0.06,46.1,0.05,54.7,0.12,16.68,0.13,23.0,0.88,16.68,0.87,23.0,0.94,46.1,0.95,54.7,0.06,0.06,622.62522,1776185004000
1776185006.083,206.083,0.06,46.1,0.05,54.7,0.12,16.68,0.13,23.0,0.88,16.68,0.87,23.0,0.94,46.1,0.95,54.7,0.06,0.06,622.625219,1776185005000
1776185007.219,207.219,0.27,13.2,0.26,13.5,0.39,2.0,0.4,5.0,0.88,16.68,0.87,23.0,0.94,46.1,0.95,54.7,0.12,0.06,622.625219,1776185005000
1776185007.483,207.483,0.27,13.2,0.26,13.5,0.39,2.0,0.4,5.0,0.61,2.0,0.6,5.0,0.73,13.2,0.74,13.5,0.12,0.12,622.621201,1776185006000
1776185008.088,208.088,0.27,13.2,0.26,13.5,0.39,2.0,0.4,5.0,0.61,2.0,0.6,5.0,0.73,13.2,0.74,13.5,0.12,0.12,622.622629,1776185007000
1776185008.391,208.391,0.29,9.78,0.28,12.9,0.39,2.0,0.4,5.0,0.61,2.0,0.6,5.0,0.73,13.2,0.74,13.5,0.1,0.12,622.622629,1776185007000
1776185009.423,209.423,0.29,9.78,0.28,12.9,0.39,2.0,0.4,5.0,0.61,2.0,0.6,5.0,0.71,9.78,0.72,12.9,0.1,0.1,622.622633,1776185008000
1776185010.202,210.202,0.29,9.78,0.28,12.9,0.39,2.0,0.4,5.0,0.61,2.0,0.6,5.0,0.71,9.78,0.72,12.9,0.1,0.1,622.623388,1776185009000
1776185011.505,211.505,0.29,9.78,0.28,12.9,0.39,2.0,0.4,5.0,0.61,2.0,0.6,5.0,0.71,9.78,0.72,12.9,0.1,0.1,622.623298,1776185010000
1776185012.158,212.158,0.29,9.78,0.28,12.9,0.39,2.0,0.4,5.0,0.61,2.0,0.6,5.0,0.71,9.78,0.72,12.9,0.1,0.1,622.623306,1776185011000
1776185013.458,213.458,0.31,10.0,0.29,9.78,0.4,4.3,0.41,50.0,0.6,4.3,0.59,50.0,0.69,10.0,0.71,9.78,0.09,0.09,622.62833,1776185012000
1776185014.09,214.09,0.31,10.0,0.29,9.78,0.4,4.3,0.41,50.0,0.6,4.3,0.59,50.0,0.69,10.0,0.71,9.78,0.09,0.09,622.67,1776185013000
1776185015.397,215.397,0.31,10.0,0.29,9.78,0.4,4.3,0.41,50.0,0.6,4.3,0.59,50.0,0.69,10.0,0.71,9.78,0.09,0.09,622.687,1776185014000
1776185016.004,216.004,0.31,10.0,0.29,9.78,0.4,4.3,0.41,50.0,0.6,4.3,0.59,50.0,0.69,10.0,0.71,9.78,0.09,0.09,622.687,1776185015000
1776185017.374,217.374,0.31,10.0,0.29,9.78,0.4,4.3,0.41,50.0,0.6,4.3,0.59,50.0,0.69,10.0,0.71,9.78,0.09,0.09,622.679,1776185016000
1776185018.069,218.069,0.31,10.0,0.29,9.78,0.4,4.3,0.41,50.0,0.6,4.3,0.59,50.0,0.69,10.0,0.71,9.78,0.09,0.09,622.679,1776185017000
1776185019.488,219.488,0.31,10.0,0.29,9.78,0.4,4.3,0.41,50.0,0.6,4.3,0.59,50.0,0.69,10.0,0.71,9.78,0.09,0.09,622.696,1776185018000
1776185020.195,220.195,0.31,10.0,0.29,9.78,0.4,4.3,0.41,50.0,0.6,4.3,0.59,50.0,0.69,10.0,0.71,9.78,0.09,0.09,622.696,1776185019000
1776185021.038,221.038,0.31,10.0,0.29,9.78,0.4,4.3,0.41,50.0,0.6,4.3,0.59,50.0,0.69,10.0,0.71,9.78,0.09,0.09,622.718,1776185020000
1776185021.406,221.406,0.32,11.9,0.31,12.2,0.38,13.3,0.45,7.0,0.55,7.0,0.51,6.0,0.57,8.7,0.68,11.9,0.06,0.02,622.718,1776185020000
1776185022.017,222.017,0.32,11.9,0.31,12.2,0.38,13.3,0.45,7.0,0.62,13.3,0.55,7.0,0.68,11.9,0.69,12.2,0.06,0.06,622.769,1776185021000
1776185022.388,222.388,0.34,21.6,0.33,11.8,0.37,4.19,0.38,13.3,0.62,13.3,0.55,7.0,0.68,11.9,0.69,12.2,0.03,0.06,622.769,1776185021000
1776185023.061,223.061,0.34,21.6,0.33,11.8,0.37,4.19,0.38,13.3,0.63,4.19,0.62,13.3,0.66,21.6,0.67,11.8,0.03,0.03,622.769,1776185022000
1776185024.02,224.02,0.34,21.6,0.33,11.8,0.37,4.19,0.38,13.3,0.63,4.19,0.62,13.3,0.66,21.6,0.67,11.8,0.03,0.03,622.759,1776185023000
1776185025.106,225.106,0.34,21.6,0.33,11.8,0.37,4.19,0.38,13.3,0.63,4.19,0.62,13.3,0.66,21.6,0.67,11.8,0.03,0.03,622.751,1776185024000
1776185026.11,226.11,0.34,21.6,0.33,11.8,0.37,4.19,0.38,13.3,0.63,4.19,0.62,13.3,0.66,21.6,0.67,11.8,0.03,0.03,622.747,1776185025000
1776185027.192,227.192,0.34,21.6,0.33,11.8,0.37,4.19,0.38,13.3,0.63,4.19,0.62,13.3,0.66,21.6,0.67,11.8,0.03,0.03,622.744,1776185026000
1776185028.205,228.205,0.34,21.6,0.33,11.8,0.37,4.19,0.38,13.3,0.63,4.19,0.62,13.3,0.66,21.6,0.67,11.8,0.03,0.03,622.748,1776185027000
1776185029.132,229.132,0.34,21.6,0.33,11.8,0.37,4.19,0.38,13.3,0.63,4.19,0.62,13.3,0.66,21.6,0.67,11.8,0.03,0.03,622.745,1776185028000
1776185030.17,230.17,0.34,21.6,0.33,11.8,0.37,4.19,0.38,13.3,0.63,4.19,0.62,13.3,0.66,21.6,0.67,11.8,0.03,0.03,622.733826,1776185029000
1776185031.327,231.327,0.34,21.6,0.33,11.8,0.37,4.19,0.38,13.3,0.63,4.19,0.62,13.3,0.66,21.6,0.67,11.8,0.03,0.03,622.731,1776185030000
1776185032.369,232.369,0.34,21.6,0.33,11.8,0.37,4.19,0.38,13.3,0.63,4.19,0.62,13.3,0.66,21.6,0.67,11.8,0.03,0.03,622.732,1776185031000
1776185033.314,233.314,0.34,21.6,0.33,11.8,0.37,4.19,0.38,13.3,0.63,4.19,0.62,13.3,0.66,21.6,0.67,11.8,0.03,0.03,622.739482,1776185032000
1776185034.509,234.509,0.34,21.6,0.33,11.8,0.37,4.19,0.38,13.3,0.63,4.19,0.62,13.3,0.66,21.6,0.67,11.8,0.03,0.03,622.739482,1776185033000
1776185034.924,234.924,0.34,21.6,0.33,11.8,0.37,4.19,0.38,13.3,0.63,4.19,0.62,13.3,0.66,21.6,0.67,11.8,0.03,0.03,622.744578,1776185034000
1776185036.089,236.089,0.34,21.6,0.33,11.8,0.37,4.19,0.38,13.3,0.63,4.19,0.62,13.3,0.66,21.6,0.67,11.8,0.03,0.03,622.767254,1776185035000
1776185037.19,237.19,0.34,21.6,0.33,11.8,0.37,4.19,0.38,13.3,0.63,4.19,0.62,13.3,0.66,21.6,0.67,11.8,0.03,0.03,622.768,1776185036000
1776185038.387,238.387,0.29,10.0,0.14,21.6,0.31,36.31,0.37,20.19,0.63,4.19,0.62,13.3,0.66,21.6,0.67,11.8,0.02,0.03,622.768,1776185036000
1776185038.937,238.937,0.29,10.0,0.14,21.6,0.31,31.31,0.37,20.19,0.69,31.31,0.63,20.19,0.71,10.0,0.86,21.6,0.02,0.02,622.77,1776185038000
1776185039.951,239.951,0.29,10.0,0.14,21.6,0.31,31.31,0.37,20.19,0.69,31.31,0.63,20.19,0.71,10.0,0.86,21.6,0.02,0.02,622.733696,1776185039000
1776185041.07,241.07,0.29,10.0,0.14,21.6,0.31,31.31,0.37,20.19,0.69,31.31,0.63,20.19,0.71,10.0,0.86,21.6,0.02,0.02,622.703,1776185040000
1776185042.211,242.211,0.29,10.0,0.14,21.6,0.31,31.31,0.37,20.19,0.69,31.31,0.63,20.19,0.71,10.0,0.86,21.6,0.02,0.02,622.619,1776185041000
1776185043.445,243.445,0.29,10.0,0.14,21.6,0.31,31.31,0.37,20.19,0.69,31.31,0.63,20.19,0.71,10.0,0.86,21.6,0.02,0.02,622.626263,1776185042000
1776185044.531,244.531,0.29,10.0,0.14,21.6,0.31,31.31,0.37,20.19,0.69,31.31,0.63,20.19,0.71,10.0,0.86,21.6,0.02,0.02,622.616903,1776185043000
1776185045.098,245.098,0.29,10.0,0.14,21.6,0.31,31.31,0.37,20.19,0.69,31.31,0.63,20.19,0.71,10.0,0.86,21.6,0.02,0.02,622.616903,1776185044000
1776185046.155,246.155,0.29,10.0,0.14,21.6,0.31,31.31,0.37,20.19,0.69,31.31,0.63,20.19,0.71,10.0,0.86,21.6,0.02,0.02,622.618589,1776185045000
1776185047.247,247.247,0.29,10.0,0.14,21.6,0.31,31.31,0.37,20.19,0.69,31.31,0.63,20.19,0.71,10.0,0.86,21.6,0.02,0.02,622.618593,1776185046000
1776185048.987,248.987,0.29,10.0,0.14,21.6,0.31,31.31,0.37,20.19,0.69,31.31,0.63,20.19,0.71,10.0,0.86,21.6,0.02,0.02,622.65876,1776185047000
1776185049.505,249.505,0.29,10.0,0.14,21.6,0.31,31.31,0.37,20.19,0.69,31.31,0.63,20.19,0.71,10.0,0.86,21.6,0.02,0.02,622.624,1776185048000
1776185050.049,250.049,0.29,10.0,0.14,21.6,0.31,31.31,0.37,20.19,0.69,31.31,0.63,20.19,0.71,10.0,0.86,21.6,0.02,0.02,622.624,1776185049000
1776185051.0,251.0,0.29,10.0,0.14,21.6,0.31,31.31,0.37,20.19,0.69,31.31,0.63,20.19,0.71,10.0,0.86,21.6,0.02,0.02,622.616285,1776185050000
1776185051.962,251.962,0.29,10.0,0.14,21.6,0.31,31.31,0.37,20.19,0.69,31.31,0.63,20.19,0.71,10.0,0.86,21.6,0.02,0.02,622.633,1776185051000
1776185053.012,253.012,0.15,3.0,0.03,89.3,0.21,63.0,0.23,6.0,0.79,63.0,0.77,6.0,0.85,3.0,0.97,89.3,0.06,0.06,622.636,1776185052000
1776185053.701,253.701,0.03,89.3,0.02,142.69,0.16,18.0,0.21,50.0,0.79,63.0,0.77,6.0,0.85,3.0,0.97,89.3,0.13,0.06,622.636,1776185052000
1776185053.911,253.911,0.03,89.3,0.02,142.69,0.16,18.0,0.21,50.0,0.84,18.0,0.79,50.0,0.97,89.3,0.98,142.69,0.13,0.13,622.618593,1776185053000
1776185054.454,254.454,0.03,87.23,0.02,142.69,0.14,5.0,0.16,5.0,0.84,18.0,0.79,50.0,0.97,89.3,0.98,142.69,0.11,0.13,622.618593,1776185053000
1776185054.987,254.987,0.03,87.23,0.02,142.69,0.14,5.0,0.16,5.0,0.86,5.0,0.84,5.0,0.97,87.23,0.98,142.69,0.11,0.11,622.608,1776185054000
1776185055.906,255.906,0.03,84.13,0.02,142.69,0.14,5.0,0.16,5.0,0.86,5.0,0.84,5.0,0.97,87.23,0.98,142.69,0.11,0.11,622.608,1776185054000
1776185057.199,257.199,0.03,84.13,0.02,142.69,0.14,5.0,0.16,5.0,0.86,5.0,0.84,5.0,0.97,84.13,0.98,142.69,0.11,0.11,622.58,1776185056000
1776185058.257,258.257,0.03,84.13,0.02,142.69,0.14,5.0,0.16,5.0,0.86,5.0,0.84,5.0,0.97,84.13,0.98,142.69,0.11,0.11,622.587,1776185057000
1776185058.912,258.912,0.07,37.74,0.06,46.1,0.14,5.0,0.21,21.7,0.86,5.0,0.84,5.0,0.97,84.13,0.98,142.69,0.07,0.11,622.587,1776185057000
1776185059.16,259.16,0.07,37.74,0.06,46.1,0.14,5.0,0.21,21.7,0.86,5.0,0.79,21.7,0.93,37.74,0.94,46.1,0.07,0.07,622.618593,1776185058000
1776185060.135,260.135,0.07,37.74,0.06,46.1,0.14,5.0,0.21,21.7,0.86,5.0,0.79,21.7,0.93,37.74,0.94,46.1,0.07,0.07,622.599,1776185059000
1776185061.158,261.158,0.07,37.74,0.06,46.1,0.14,5.0,0.21,21.7,0.86,5.0,0.79,21.7,0.93,37.74,0.94,46.1,0.07,0.07,622.587,1776185060000
1776185062.024,262.024,0.07,37.74,0.06,46.1,0.14,5.0,0.21,21.7,0.86,5.0,0.79,21.7,0.93,37.74,0.94,46.1,0.07,0.07,622.587,1776185061000
1776185063.045,263.045,0.07,37.74,0.06,46.1,0.14,5.0,0.21,21.7,0.86,5.0,0.79,21.7,0.93,37.74,0.94,46.1,0.07,0.07,622.587,1776185062000
1776185064.119,264.119,0.07,37.74,0.06,46.1,0.14,5.0,0.21,21.7,0.86,5.0,0.79,21.7,0.93,37.74,0.94,46.1,0.07,0.07,622.578,1776185063000
1776185065.145,265.145,0.07,37.74,0.06,46.1,0.14,5.0,0.21,21.7,0.86,5.0,0.79,21.7,0.93,37.74,0.94,46.1,0.07,0.07,622.578,1776185064000
1776185066.23,266.23,0.07,37.74,0.06,46.1,0.14,5.0,0.21,21.7,0.86,5.0,0.79,21.7,0.93,37.74,0.94,46.1,0.07,0.07,622.535088,1776185065000
1776185067.248,267.248,0.07,37.74,0.06,46.1,0.14,5.0,0.21,21.7,0.86,5.0,0.79,21.7,0.93,37.74,0.94,46.1,0.07,0.07,622.531358,1776185066000
1776185068.267,268.267,0.07,37.74,0.06,46.1,0.14,5.0,0.21,21.7,0.86,5.0,0.79,21.7,0.93,37.74,0.94,46.1,0.07,0.07,622.544,1776185067000
1776185069.346,269.346,0.07,37.74,0.06,46.1,0.14,5.0,0.21,21.7,0.86,5.0,0.79,21.7,0.93,37.74,0.94,46.1,0.07,0.07,622.544,1776185068000
1776185069.908,269.908,0.02,141.66,0.01,5777.6,0.04,67.7,0.05,54.7,0.96,67.7,0.95,54.7,0.98,141.66,0.99,5777.6,0.02,0.02,622.543,1776185069000
1776185070.913,270.913,0.02,141.66,0.01,5777.6,0.04,67.7,0.05,54.7,0.96,67.7,0.95,54.7,0.98,141.66,0.99,5777.6,0.02,0.02,622.562,1776185070000
1776185072.012,272.012,0.02,141.66,0.01,5777.6,0.04,67.7,0.05,54.7,0.96,67.7,0.95,54.7,0.98,141.66,0.99,5777.6,0.02,0.02,622.559,1776185071000
1776185073.073,273.073,0.02,141.66,0.01,5777.6,0.04,67.7,0.05,54.7,0.96,67.7,0.95,54.7,0.98,141.66,0.99,5777.6,0.02,0.02,622.569,1776185072000
1776185074.081,274.081,0.02,141.66,0.01,5777.6,0.04,67.7,0.05,54.7,0.96,67.7,0.95,54.7,0.98,141.66,0.99,5777.6,0.02,0.02,622.548894,1776185073000
1776185075.56,275.56,0.02,141.66,0.01,5777.6,0.04,67.7,0.05,54.7,0.96,67.7,0.95,54.7,0.98,141.66,0.99,5777.6,0.02,0.02,622.549,1776185074000
1776185076.106,276.106,0.02,141.66,0.01,5777.6,0.04,67.7,0.05,54.7,0.96,67.7,0.95,54.7,0.98,141.66,0.99,5777.6,0.02,0.02,622.549,1776185075000
1776185077.186,277.186,0.02,141.66,0.01,5777.6,0.04,67.7,0.05,54.7,0.96,67.7,0.95,54.7,0.98,141.66,0.99,5777.6,0.02,0.02,622.55,1776185076000
1776185078.279,278.279,0.02,141.66,0.01,5777.6,0.04,67.7,0.05,54.7,0.96,67.7,0.95,54.7,0.98,141.66,0.99,5777.6,0.02,0.02,622.545,1776185077000
1776185078.89,278.89,0.01,5415.0,,,0.11,55.0,0.21,50.0,0.96,67.7,0.95,54.7,0.98,141.66,0.99,5777.6,0.1,0.02,622.545,1776185077000
1776185079.287,279.287,0.01,5415.0,,,0.11,55.0,0.21,50.0,0.89,55.0,0.79,50.0,0.99,5415.0,,,0.1,0.1,622.55,1776185078000
1776185080.48,280.48,0.01,5415.0,,,0.11,55.0,0.21,50.0,0.89,55.0,0.79,50.0,0.99,5415.0,,,0.1,0.1,622.543,1776185079000
1776185080.901,280.901,0.01,5415.0,,,0.11,55.0,0.21,50.0,0.89,55.0,0.79,50.0,0.99,5415.0,,,0.1,0.1,622.543,1776185080000
1776185082.028,282.028,0.01,5415.0,,,0.11,55.0,0.21,50.0,0.89,55.0,0.79,50.0,0.99,5415.0,,,0.1,0.1,622.57,1776185081000
1776185083.849,283.849,0.01,5415.0,,,0.11,55.0,0.21,50.0,0.89,55.0,0.79,50.0,0.99,5415.0,,,0.1,0.1,622.593,1776185082000
1776185084.344,284.344,0.01,5415.0,,,0.11,55.0,0.21,50.0,0.89,55.0,0.79,50.0,0.99,5415.0,,,0.1,0.1,622.585,1776185083000
1776185084.9,284.9,0.01,5415.0,,,0.11,55.0,0.21,50.0,0.89,55.0,0.79,50.0,0.99,5415.0,,,0.1,0.1,622.585,1776185084000
1776185086.197,286.197,0.01,5415.0,,,0.11,55.0,0.21,50.0,0.89,55.0,0.79,50.0,0.99,5415.0,,,0.1,0.1,622.586,1776185085000
1776185087.572,287.572,0.01,5415.0,,,0.11,55.0,0.21,50.0,0.89,55.0,0.79,50.0,0.99,5415.0,,,0.1,0.1,622.481,1776185086000
1776185088.316,288.316,0.01,5415.0,,,0.11,55.0,0.21,50.0,0.89,55.0,0.79,50.0,0.99,5415.0,,,0.1,0.1,622.462,1776185087000
1776185089.543,289.543,0.01,5415.0,,,0.11,55.0,0.21,50.0,0.89,55.0,0.79,50.0,0.99,5415.0,,,0.1,0.1,622.432,1776185088000
1776185090.349,290.349,0.01,5415.0,,,0.11,55.0,0.21,50.0,0.89,55.0,0.79,50.0,0.99,5415.0,,,0.1,0.1,622.367084,1776185089000
1776185091.59,291.59,0.01,5415.0,,,0.11,55.0,0.21,50.0,0.89,55.0,0.79,50.0,0.99,5415.0,,,0.1,0.1,622.366044,1776185090000
1776185091.962,291.962,0.01,305.38,,,0.11,55.0,0.18,20.01,0.89,55.0,0.79,50.0,0.99,5415.0,,,0.1,0.1,622.366044,1776185090000
1776185092.219,292.219,,,,,0.01,694.62,0.11,55.0,0.99,694.62,0.89,55.0,,,,,,,622.366044,1776185091000
1776185092.527,292.527,,,,,0.01,692.49,0.02,5.0,0.99,694.62,0.89,55.0,,,,,,,622.366044,1776185091000
1776185093.861,293.861,,,,,0.01,692.49,0.02,5.0,0.99,692.49,0.98,5.0,,,,,,,622.361745,1776185092000
1776185094.447,294.447,,,,,0.01,692.49,0.02,5.0,0.99,692.49,0.98,5.0,,,,,,,622.358009,1776185093000
1776185095.254,295.254,,,,,0.01,692.49,0.02,5.0,0.99,692.49,0.98,5.0,,,,,,,622.358009,1776185094000
1776185096.456,296.456,,,,,0.01,692.49,0.02,5.0,0.99,692.49,0.98,5.0,,,,,,,622.357318,1776185095000
1776185097.271,297.271,,,,,0.01,692.49,0.02,5.0,0.99,692.49,0.98,5.0,,,,,,,622.357314,1776185096000
1776185098.539,298.539,,,,,0.01,692.49,0.02,5.0,0.99,692.49,0.98,5.0,,,,,,,622.352039,1776185097000
1776185099.198,299.198,,,,,0.01,692.49,0.02,5.0,0.99,692.49,0.98,5.0,,,,,,,622.352039,1776185098000
1776185100.502,300.502,,,,,0.01,692.49,0.02,5.0,0.99,692.49,0.98,5.0,,,,,,,622.352039,1776185099000
1776185101.238,301.238,,,,,0.01,692.49,0.02,5.0,0.99,692.49,0.98,5.0,,,,,,,622.349804,1776185100000

# RESULT,winner=Down,slug=bnb-updown-5m-1776184800,ticks=307
