timestamp,elapsed_sec,up_bid_p1,up_bid_s1,up_bid_p2,up_bid_s2,up_ask_p1,up_ask_s1,up_ask_p2,up_ask_s2,down_bid_p1,down_bid_s1,down_bid_p2,down_bid_s2,down_ask_p1,down_ask_s1,down_ask_p2,down_ask_s2,up_spread,down_spread,bnb_price,bnb_oracle_ts
1776204901.463,1.463,0.33,300.0,0.31,375.0,0.5,5.0,0.67,300.0,0.5,5.0,0.33,300.0,0.67,300.0,0.69,375.0,0.17,0.17,616.618092,1776204899000
1776204901.759,1.759,0.33,300.0,0.31,375.0,0.5,5.0,0.67,300.0,0.5,5.0,0.33,300.0,0.67,300.0,0.69,375.0,0.17,0.17,616.610306,1776204900000
1776204902.266,2.266,0.33,300.0,0.31,375.0,0.5,1.0,0.67,300.0,0.5,5.0,0.33,300.0,0.67,300.0,0.69,375.0,0.17,0.17,616.610306,1776204900000
1776204903.441,3.441,0.33,300.0,0.31,375.0,0.5,1.0,0.67,300.0,0.5,1.0,0.33,300.0,0.67,300.0,0.69,375.0,0.17,0.17,616.60393,1776204902000
1776204903.811,3.811,0.33,300.0,0.31,375.0,0.5,1.0,0.67,300.0,0.5,1.0,0.33,300.0,0.67,300.0,0.69,375.0,0.17,0.17,616.599894,1776204903000
1776204904.975,4.975,0.33,300.0,0.31,375.0,0.5,1.0,0.67,300.0,0.5,1.0,0.33,300.0,0.67,300.0,0.69,375.0,0.17,0.17,616.52,1776204904000
1776204905.908,5.908,0.33,300.0,0.31,375.0,0.5,1.0,0.67,300.0,0.5,1.0,0.33,300.0,0.67,300.0,0.69,375.0,0.17,0.17,616.476,1776204905000
1776204906.298,6.298,0.36,6.15,0.31,50.0,0.45,5.0,0.47,5.0,0.5,1.0,0.33,300.0,0.67,300.0,0.69,375.0,0.09,0.17,616.476,1776204905000
1776204906.794,6.794,0.36,1.87,0.35,5.0,0.45,5.0,0.47,5.0,0.55,5.0,0.53,5.0,0.64,6.15,0.69,50.0,0.09,0.09,616.476,1776204905000
1776204907.068,7.068,0.36,1.87,0.35,5.0,0.45,5.0,0.47,5.0,0.55,5.0,0.53,5.0,0.64,1.87,0.65,5.0,0.09,0.09,616.467,1776204906000
1776204908.041,8.041,0.36,1.87,0.35,5.0,0.45,5.0,0.47,5.0,0.55,5.0,0.53,5.0,0.64,1.87,0.65,5.0,0.09,0.09,616.467,1776204907000
1776204909.125,9.125,0.36,1.87,0.35,5.0,0.45,5.0,0.47,5.0,0.55,5.0,0.53,5.0,0.64,1.87,0.65,5.0,0.09,0.09,616.466314,1776204908000
1776204910.22,10.22,0.36,1.87,0.35,5.0,0.45,5.0,0.47,5.0,0.55,5.0,0.53,5.0,0.64,1.87,0.65,5.0,0.09,0.09,616.466203,1776204909000
1776204911.25,11.25,0.34,8.39,0.27,5.0,0.45,5.0,0.47,5.0,0.55,5.0,0.53,5.0,0.64,1.87,0.65,5.0,0.11,0.09,616.466203,1776204909000
1776204912.323,12.323,0.34,8.39,0.27,5.0,0.45,5.0,0.47,5.0,0.55,5.0,0.53,5.0,0.66,8.39,0.73,5.0,0.11,0.11,616.463507,1776204911000
1776204913.456,13.456,0.34,8.39,0.27,5.0,0.45,5.0,0.47,5.0,0.55,5.0,0.53,5.0,0.66,8.39,0.73,5.0,0.11,0.11,616.463547,1776204912000
1776204913.907,13.907,0.34,8.39,0.27,5.0,0.45,5.0,0.47,5.0,0.55,5.0,0.53,5.0,0.66,8.39,0.73,5.0,0.11,0.11,616.462445,1776204913000
1776204915.351,15.351,0.34,8.39,0.27,5.0,0.45,5.0,0.47,5.0,0.55,5.0,0.53,5.0,0.66,8.39,0.73,5.0,0.11,0.11,616.461465,1776204914000
1776204915.875,15.875,0.34,8.39,0.27,5.0,0.45,5.0,0.47,5.0,0.55,5.0,0.53,5.0,0.66,8.39,0.73,5.0,0.11,0.11,616.461465,1776204915000
1776204916.916,16.916,0.34,8.39,0.27,5.0,0.45,5.0,0.47,5.0,0.55,5.0,0.53,5.0,0.66,8.39,0.73,5.0,0.11,0.11,616.461465,1776204916000
1776204917.855,17.855,0.34,8.39,0.27,5.0,0.45,5.0,0.47,5.0,0.55,5.0,0.53,5.0,0.66,8.39,0.73,5.0,0.11,0.11,616.461474,1776204917000
1776204918.926,18.926,0.34,8.39,0.27,5.0,0.45,5.0,0.47,5.0,0.55,5.0,0.53,5.0,0.66,8.39,0.73,5.0,0.11,0.11,616.461314,1776204918000
1776204919.87,19.87,0.34,8.39,0.27,5.0,0.45,5.0,0.47,5.0,0.55,5.0,0.53,5.0,0.66,8.39,0.73,5.0,0.11,0.11,616.462615,1776204919000
1776204920.901,20.901,0.34,8.39,0.27,5.0,0.45,5.0,0.47,5.0,0.55,5.0,0.53,5.0,0.66,8.39,0.73,5.0,0.11,0.11,616.463403,1776204920000
1776204921.885,21.885,0.34,8.39,0.27,5.0,0.45,5.0,0.47,5.0,0.55,5.0,0.53,5.0,0.66,8.39,0.73,5.0,0.11,0.11,616.463446,1776204921000
1776204922.833,22.833,0.34,8.39,0.27,5.0,0.45,5.0,0.47,5.0,0.55,5.0,0.53,5.0,0.66,8.39,0.73,5.0,0.11,0.11,616.460341,1776204922000
1776204923.362,23.362,0.34,5.0,0.33,5.0,0.44,2.5,0.47,5.0,0.55,5.0,0.53,5.0,0.66,8.39,0.73,5.0,0.1,0.11,616.460341,1776204922000
1776204923.895,23.895,0.34,5.0,0.33,5.0,0.44,2.5,0.47,5.0,0.56,2.5,0.53,5.0,0.66,5.0,0.67,5.0,0.1,0.1,616.460341,1776204923000
1776204924.99,24.99,0.34,5.0,0.33,5.0,0.44,2.5,0.47,5.0,0.56,2.5,0.53,5.0,0.66,5.0,0.67,5.0,0.1,0.1,616.460678,1776204924000
1776204925.972,25.972,0.34,5.0,0.33,5.0,0.44,2.5,0.47,5.0,0.56,2.5,0.53,5.0,0.66,5.0,0.67,5.0,0.1,0.1,616.458506,1776204925000
1776204926.917,26.917,0.34,5.0,0.33,5.0,0.44,2.5,0.47,5.0,0.56,2.5,0.53,5.0,0.66,5.0,0.67,5.0,0.1,0.1,616.458585,1776204926000
1776204928.637,28.637,0.34,5.0,0.33,5.0,0.44,2.5,0.47,5.0,0.56,2.5,0.53,5.0,0.66,5.0,0.67,5.0,0.1,0.1,616.459309,1776204927000
1776204929.173,29.173,0.34,5.0,0.33,5.0,0.44,2.5,0.47,5.0,0.56,2.5,0.53,5.0,0.66,5.0,0.67,5.0,0.1,0.1,616.459309,1776204928000
1776204930.139,30.139,0.34,5.0,0.33,5.0,0.44,2.5,0.47,5.0,0.56,2.5,0.53,5.0,0.66,5.0,0.67,5.0,0.1,0.1,616.459975,1776204929000
1776204931.193,31.193,0.34,5.0,0.33,5.0,0.44,2.5,0.47,5.0,0.56,2.5,0.53,5.0,0.66,5.0,0.67,5.0,0.1,0.1,616.462701,1776204930000
1776204932.086,32.086,0.34,5.0,0.33,5.0,0.44,2.5,0.47,5.0,0.56,2.5,0.53,5.0,0.66,5.0,0.67,5.0,0.1,0.1,616.460758,1776204931000
1776204932.741,32.741,0.36,5.0,0.35,5.0,0.48,2.0,0.54,5.0,0.56,2.5,0.53,5.0,0.66,5.0,0.67,5.0,0.12,0.1,616.460758,1776204931000
1776204932.966,32.966,0.36,5.0,0.35,5.0,0.54,5.0,0.55,5.0,0.52,2.0,0.46,5.0,0.64,5.0,0.65,5.0,0.18,0.12,616.460758,1776204931000
1776204934.207,34.207,0.36,5.0,0.35,5.0,0.54,5.0,0.55,5.0,0.46,5.0,0.45,5.0,0.64,5.0,0.65,5.0,0.18,0.18,616.46347,1776204933000
1776204935.23,35.23,0.36,5.0,0.35,5.0,0.54,5.0,0.55,5.0,0.46,5.0,0.45,5.0,0.64,5.0,0.65,5.0,0.18,0.18,616.545,1776204934000
1776204936.285,36.285,0.36,5.0,0.35,5.0,0.54,5.0,0.55,5.0,0.46,5.0,0.45,5.0,0.64,5.0,0.65,5.0,0.18,0.18,616.552,1776204935000
1776204937.29,37.29,0.36,5.0,0.35,5.0,0.54,5.0,0.55,5.0,0.46,5.0,0.45,5.0,0.64,5.0,0.65,5.0,0.18,0.18,616.484283,1776204936000
1776204938.332,38.332,0.36,5.0,0.35,5.0,0.54,5.0,0.55,5.0,0.46,5.0,0.45,5.0,0.64,5.0,0.65,5.0,0.18,0.18,616.463262,1776204937000
1776204939.369,39.369,0.36,5.0,0.35,5.0,0.54,5.0,0.55,5.0,0.46,5.0,0.45,5.0,0.64,5.0,0.65,5.0,0.18,0.18,616.464341,1776204938000
1776204939.882,39.882,0.36,5.0,0.35,5.0,0.54,5.0,0.55,5.0,0.46,5.0,0.45,5.0,0.64,5.0,0.65,5.0,0.18,0.18,616.464341,1776204939000
1776204940.126,40.126,0.36,5.0,0.35,5.0,0.48,1.96,0.51,55.0,0.46,5.0,0.45,5.0,0.64,5.0,0.65,5.0,0.12,0.18,616.464341,1776204939000
1776204940.795,40.795,0.36,5.0,0.35,5.0,0.48,1.96,0.51,55.0,0.52,1.96,0.49,55.0,0.64,5.0,0.65,5.0,0.12,0.12,616.462647,1776204940000
1776204942.214,42.214,0.36,5.0,0.35,5.0,0.48,1.96,0.51,55.0,0.52,1.96,0.49,55.0,0.64,5.0,0.65,5.0,0.12,0.12,616.463,1776204941000
1776204943.358,43.358,0.36,5.0,0.35,5.0,0.48,1.96,0.51,55.0,0.52,1.96,0.49,55.0,0.64,5.0,0.65,5.0,0.12,0.12,616.463309,1776204942000
1776204943.837,43.837,0.36,5.0,0.35,5.0,0.48,1.96,0.51,55.0,0.52,1.96,0.49,55.0,0.64,5.0,0.65,5.0,0.12,0.12,616.463309,1776204943000
1776204944.448,44.448,0.23,5.0,0.2,16.2,0.39,21.0,0.41,55.0,0.52,1.96,0.49,55.0,0.64,5.0,0.65,5.0,0.16,0.12,616.463309,1776204943000
1776204944.909,44.909,0.23,5.0,0.2,16.2,0.39,21.0,0.41,55.0,0.61,21.0,0.59,55.0,0.77,5.0,0.8,16.2,0.16,0.16,616.419234,1776204944000
1776204945.886,45.886,0.23,5.0,0.2,16.2,0.39,21.0,0.41,55.0,0.61,21.0,0.59,55.0,0.77,5.0,0.8,16.2,0.16,0.16,616.389803,1776204945000
1776204946.934,46.934,0.23,5.0,0.2,16.2,0.39,21.0,0.41,55.0,0.61,21.0,0.59,55.0,0.77,5.0,0.8,16.2,0.16,0.16,616.386,1776204946000
1776204947.954,47.954,0.23,5.0,0.2,16.2,0.39,21.0,0.41,55.0,0.61,21.0,0.59,55.0,0.77,5.0,0.8,16.2,0.16,0.16,616.358,1776204947000
1776204949.061,49.061,0.23,5.0,0.2,16.2,0.39,21.0,0.41,55.0,0.61,21.0,0.59,55.0,0.77,5.0,0.8,16.2,0.16,0.16,616.339,1776204948000
1776204950.118,50.118,0.23,5.0,0.2,16.2,0.39,21.0,0.41,55.0,0.61,21.0,0.59,55.0,0.77,5.0,0.8,16.2,0.16,0.16,616.316104,1776204949000
1776204951.128,51.128,0.23,5.0,0.2,16.2,0.39,21.0,0.41,55.0,0.61,21.0,0.59,55.0,0.77,5.0,0.8,16.2,0.16,0.16,616.235,1776204950000
1776204952.229,52.229,0.23,5.0,0.2,16.2,0.39,21.0,0.41,55.0,0.61,21.0,0.59,55.0,0.77,5.0,0.8,16.2,0.16,0.16,616.252,1776204951000
1776204953.261,53.261,0.23,5.0,0.2,16.2,0.39,21.0,0.41,55.0,0.61,21.0,0.59,55.0,0.77,5.0,0.8,16.2,0.16,0.16,616.252,1776204952000
1776204954.289,54.289,0.23,5.0,0.2,16.2,0.39,21.0,0.41,55.0,0.61,21.0,0.59,55.0,0.77,5.0,0.8,16.2,0.16,0.16,616.233552,1776204953000
1776204955.11,55.11,0.23,5.0,0.2,16.2,0.39,21.0,0.41,55.0,0.61,21.0,0.59,55.0,0.77,5.0,0.8,16.2,0.16,0.16,616.232419,1776204954000
1776204956.221,56.221,0.23,5.0,0.2,16.2,0.39,21.0,0.41,55.0,0.61,21.0,0.59,55.0,0.77,5.0,0.8,16.2,0.16,0.16,616.230843,1776204955000
1776204957.12,57.12,0.23,5.0,0.2,16.2,0.39,21.0,0.41,55.0,0.61,21.0,0.59,55.0,0.77,5.0,0.8,16.2,0.16,0.16,616.292,1776204956000
1776204958.093,58.093,0.23,5.0,0.2,16.2,0.39,21.0,0.41,55.0,0.61,21.0,0.59,55.0,0.77,5.0,0.8,16.2,0.16,0.16,616.292445,1776204957000
1776204959.134,59.134,0.23,5.0,0.2,16.2,0.39,21.0,0.41,55.0,0.61,21.0,0.59,55.0,0.77,5.0,0.8,16.2,0.16,0.16,616.315,1776204958000
1776204960.168,60.168,0.23,5.0,0.2,16.2,0.39,21.0,0.41,55.0,0.61,21.0,0.59,55.0,0.77,5.0,0.8,16.2,0.16,0.16,616.321,1776204959000
1776204961.22,61.22,0.23,5.0,0.2,16.2,0.39,21.0,0.41,55.0,0.61,21.0,0.59,55.0,0.77,5.0,0.8,16.2,0.16,0.16,616.338,1776204960000
1776204962.348,62.348,0.23,5.0,0.2,16.2,0.39,21.0,0.41,55.0,0.61,21.0,0.59,55.0,0.77,5.0,0.8,16.2,0.16,0.16,616.327,1776204961000
1776204963.318,63.318,0.23,5.0,0.2,16.2,0.39,21.0,0.41,55.0,0.61,21.0,0.59,55.0,0.77,5.0,0.8,16.2,0.16,0.16,616.328,1776204962000
1776204964.231,64.231,0.23,5.0,0.2,16.2,0.39,21.0,0.41,55.0,0.61,21.0,0.59,55.0,0.77,5.0,0.8,16.2,0.16,0.16,616.328,1776204963000
1776204965.148,65.148,0.23,5.0,0.2,16.2,0.39,21.0,0.41,55.0,0.61,21.0,0.59,55.0,0.77,5.0,0.8,16.2,0.16,0.16,616.299054,1776204964000
1776204966.198,66.198,0.23,5.0,0.2,16.2,0.39,21.0,0.41,55.0,0.61,21.0,0.59,55.0,0.77,5.0,0.8,16.2,0.16,0.16,616.299511,1776204965000
1776204967.099,67.099,0.23,5.0,0.2,16.2,0.39,21.0,0.41,55.0,0.61,21.0,0.59,55.0,0.77,5.0,0.8,16.2,0.16,0.16,616.362652,1776204966000
1776204968.216,68.216,0.23,5.0,0.2,16.2,0.39,21.0,0.41,55.0,0.61,21.0,0.59,55.0,0.77,5.0,0.8,16.2,0.16,0.16,616.373,1776204967000
1776204969.347,69.347,0.23,5.0,0.2,16.2,0.39,21.0,0.41,55.0,0.61,21.0,0.59,55.0,0.77,5.0,0.8,16.2,0.16,0.16,616.414,1776204968000
1776204969.849,69.849,0.23,5.0,0.2,16.2,0.39,21.0,0.41,55.0,0.61,21.0,0.59,55.0,0.77,5.0,0.8,16.2,0.16,0.16,616.414,1776204969000
1776204971.175,71.175,0.23,5.0,0.2,16.2,0.39,21.0,0.41,55.0,0.61,21.0,0.59,55.0,0.77,5.0,0.8,16.2,0.16,0.16,616.413,1776204970000
1776204972.336,72.336,0.23,5.0,0.2,16.2,0.39,21.0,0.41,55.0,0.61,21.0,0.59,55.0,0.77,5.0,0.8,16.2,0.16,0.16,616.413,1776204971000
1776204973.369,73.369,0.23,5.0,0.2,16.2,0.39,21.0,0.41,55.0,0.61,21.0,0.59,55.0,0.77,5.0,0.8,16.2,0.16,0.16,616.418874,1776204972000
1776204974.014,74.014,0.23,5.0,0.2,16.2,0.39,21.0,0.41,55.0,0.61,21.0,0.59,55.0,0.77,5.0,0.8,16.2,0.16,0.16,616.418874,1776204973000
1776204975.152,75.152,0.23,5.0,0.2,16.2,0.39,21.0,0.41,55.0,0.61,21.0,0.59,55.0,0.77,5.0,0.8,16.2,0.16,0.16,616.427213,1776204974000
1776204976.254,76.254,0.23,5.0,0.2,16.2,0.39,21.0,0.41,55.0,0.61,21.0,0.59,55.0,0.77,5.0,0.8,16.2,0.16,0.16,616.427227,1776204975000
1776204977.433,77.433,0.23,5.0,0.2,16.2,0.39,21.0,0.41,55.0,0.61,21.0,0.59,55.0,0.77,5.0,0.8,16.2,0.16,0.16,616.441787,1776204976000
1776204977.954,77.954,0.23,5.0,0.2,16.2,0.39,21.0,0.41,55.0,0.61,21.0,0.59,55.0,0.77,5.0,0.8,16.2,0.16,0.16,616.441868,1776204977000
1776204979.155,79.155,0.23,5.0,0.2,16.2,0.39,21.0,0.41,55.0,0.61,21.0,0.59,55.0,0.77,5.0,0.8,16.2,0.16,0.16,616.444229,1776204978000
1776204980.382,80.382,0.23,5.0,0.2,16.2,0.39,21.0,0.41,55.0,0.61,21.0,0.59,55.0,0.77,5.0,0.8,16.2,0.16,0.16,616.444225,1776204979000
1776204980.91,80.91,0.23,5.0,0.2,16.2,0.39,21.0,0.41,55.0,0.61,21.0,0.59,55.0,0.77,5.0,0.8,16.2,0.16,0.16,616.441103,1776204980000
1776204982.107,82.107,0.23,5.0,0.2,16.2,0.39,21.0,0.41,55.0,0.61,21.0,0.59,55.0,0.77,5.0,0.8,16.2,0.16,0.16,616.449,1776204981000
1776204983.558,83.558,0.23,5.0,0.2,16.2,0.39,21.0,0.41,55.0,0.61,21.0,0.59,55.0,0.77,5.0,0.8,16.2,0.16,0.16,616.447,1776204982000
1776204984.059,84.059,0.23,5.0,0.2,16.2,0.39,21.0,0.41,55.0,0.61,21.0,0.59,55.0,0.77,5.0,0.8,16.2,0.16,0.16,616.447,1776204983000
1776204985.348,85.348,0.23,5.0,0.2,16.2,0.39,21.0,0.41,55.0,0.61,21.0,0.59,55.0,0.77,5.0,0.8,16.2,0.16,0.16,616.439749,1776204984000
1776204986.01,86.01,0.23,5.0,0.2,16.2,0.39,21.0,0.41,55.0,0.61,21.0,0.59,55.0,0.77,5.0,0.8,16.2,0.16,0.16,616.445,1776204985000
1776204987.404,87.404,0.23,5.0,0.2,16.2,0.39,21.0,0.41,55.0,0.61,21.0,0.59,55.0,0.77,5.0,0.8,16.2,0.16,0.16,616.442,1776204986000
1776204987.934,87.934,0.23,5.0,0.2,16.2,0.39,21.0,0.41,55.0,0.61,21.0,0.59,55.0,0.77,5.0,0.8,16.2,0.16,0.16,616.442,1776204987000
1776204989.068,89.068,0.23,5.0,0.2,16.2,0.39,21.0,0.41,55.0,0.61,21.0,0.59,55.0,0.77,5.0,0.8,16.2,0.16,0.16,616.433,1776204988000
1776204990.271,90.271,0.23,5.0,0.2,16.2,0.39,21.0,0.41,55.0,0.61,21.0,0.59,55.0,0.77,5.0,0.8,16.2,0.16,0.16,616.437,1776204989000
1776204990.911,90.911,0.23,5.0,0.2,16.2,0.39,21.0,0.41,55.0,0.61,21.0,0.59,55.0,0.77,5.0,0.8,16.2,0.16,0.16,616.437,1776204990000
1776204992.065,92.065,0.23,5.0,0.2,16.2,0.39,21.0,0.41,55.0,0.61,21.0,0.59,55.0,0.77,5.0,0.8,16.2,0.16,0.16,616.437,1776204991000
1776204993.16,93.16,0.23,5.0,0.2,16.2,0.39,21.0,0.41,55.0,0.61,21.0,0.59,55.0,0.77,5.0,0.8,16.2,0.16,0.16,616.432021,1776204992000
1776204993.85,93.85,0.23,5.0,0.2,16.2,0.39,21.0,0.41,55.0,0.61,21.0,0.59,55.0,0.77,5.0,0.8,16.2,0.16,0.16,616.431942,1776204993000
1776204994.986,94.986,0.23,5.0,0.2,16.2,0.39,21.0,0.41,55.0,0.61,21.0,0.59,55.0,0.77,5.0,0.8,16.2,0.16,0.16,616.431948,1776204994000
1776204996.135,96.135,0.23,5.0,0.2,16.2,0.39,21.0,0.41,55.0,0.61,21.0,0.59,55.0,0.77,5.0,0.8,16.2,0.16,0.16,616.432011,1776204995000
1776204997.195,97.195,0.23,5.0,0.2,16.2,0.39,21.0,0.41,55.0,0.61,21.0,0.59,55.0,0.77,5.0,0.8,16.2,0.16,0.16,616.431263,1776204996000
1776204998.91,98.91,0.23,5.0,0.2,16.2,0.39,21.0,0.41,55.0,0.61,21.0,0.59,55.0,0.77,5.0,0.8,16.2,0.16,0.16,616.551898,1776204997000
1776204999.504,99.504,0.23,5.0,0.2,16.2,0.39,21.0,0.41,55.0,0.61,21.0,0.59,55.0,0.77,5.0,0.8,16.2,0.16,0.16,616.555393,1776204998000
1776205000.155,100.155,0.23,5.0,0.2,16.2,0.39,21.0,0.41,55.0,0.61,21.0,0.59,55.0,0.77,5.0,0.8,16.2,0.16,0.16,616.556264,1776204999000
1776205001.144,101.144,0.23,5.0,0.2,16.2,0.39,21.0,0.41,55.0,0.61,21.0,0.59,55.0,0.77,5.0,0.8,16.2,0.16,0.16,616.562738,1776205000000
1776205002.314,102.314,0.23,5.0,0.2,16.2,0.39,21.0,0.41,55.0,0.61,21.0,0.59,55.0,0.77,5.0,0.8,16.2,0.16,0.16,616.562356,1776205001000
1776205003.499,103.499,0.23,5.0,0.2,16.2,0.39,21.0,0.41,55.0,0.61,21.0,0.59,55.0,0.77,5.0,0.8,16.2,0.16,0.16,616.562434,1776205002000
1776205004.01,104.01,0.23,5.0,0.2,16.2,0.39,21.0,0.41,55.0,0.61,21.0,0.59,55.0,0.77,5.0,0.8,16.2,0.16,0.16,616.563266,1776205003000
1776205004.646,104.646,0.37,6.2,0.36,11.3,0.52,10.4,0.53,10.4,0.61,21.0,0.59,55.0,0.77,5.0,0.8,16.2,0.15,0.16,616.563266,1776205003000
1776205005.312,105.312,0.37,6.2,0.36,11.3,0.52,10.4,0.53,10.4,0.48,10.4,0.47,10.4,0.63,6.2,0.64,11.3,0.15,0.15,616.564457,1776205004000
1776205006.002,106.002,0.37,6.2,0.36,11.3,0.52,10.4,0.53,10.4,0.48,10.4,0.47,10.4,0.63,6.2,0.64,11.3,0.15,0.15,616.564457,1776205005000
1776205007.162,107.162,0.37,6.2,0.36,11.3,0.52,10.4,0.53,10.4,0.48,10.4,0.47,10.4,0.63,6.2,0.64,11.3,0.15,0.15,616.563191,1776205006000
1776205008.343,108.343,0.37,6.2,0.36,11.3,0.52,10.4,0.53,10.4,0.48,10.4,0.47,10.4,0.63,6.2,0.64,11.3,0.15,0.15,616.56321,1776205007000
1776205009.774,109.774,0.37,6.2,0.36,11.3,0.52,10.4,0.53,10.4,0.48,10.4,0.47,10.4,0.63,6.2,0.64,11.3,0.15,0.15,616.561299,1776205008000
1776205010.399,110.399,0.37,6.2,0.36,11.3,0.52,10.4,0.53,10.4,0.48,10.4,0.47,10.4,0.63,6.2,0.64,11.3,0.15,0.15,616.561299,1776205009000
1776205010.935,110.935,0.37,6.2,0.36,11.3,0.52,10.4,0.53,10.4,0.48,10.4,0.47,10.4,0.63,6.2,0.64,11.3,0.15,0.15,616.548344,1776205010000
1776205012.147,112.147,0.37,6.2,0.36,11.3,0.52,10.4,0.53,10.4,0.48,10.4,0.47,10.4,0.63,6.2,0.64,11.3,0.15,0.15,616.54937,1776205011000
1776205012.91,112.91,0.37,6.2,0.36,11.3,0.52,10.4,0.53,10.4,0.48,10.4,0.47,10.4,0.63,6.2,0.64,11.3,0.15,0.15,616.549414,1776205012000
1776205014.476,114.476,0.37,6.2,0.36,11.3,0.52,10.4,0.53,10.4,0.48,10.4,0.47,10.4,0.63,6.2,0.64,11.3,0.15,0.15,616.496899,1776205013000
1776205015.031,115.031,0.37,6.2,0.36,11.3,0.52,10.4,0.53,10.4,0.48,10.4,0.47,10.4,0.63,6.2,0.64,11.3,0.15,0.15,616.496899,1776205014000
1776205016.158,116.158,0.37,6.2,0.36,11.3,0.52,10.4,0.53,10.4,0.48,10.4,0.47,10.4,0.63,6.2,0.64,11.3,0.15,0.15,616.495044,1776205015000
1776205017.161,117.161,0.37,6.2,0.36,11.3,0.52,10.4,0.53,10.4,0.48,10.4,0.47,10.4,0.63,6.2,0.64,11.3,0.15,0.15,616.495044,1776205016000
1776205018.207,118.207,0.37,6.2,0.36,11.3,0.52,10.4,0.53,10.4,0.48,10.4,0.47,10.4,0.63,6.2,0.64,11.3,0.15,0.15,616.494578,1776205017000
1776205019.281,119.281,0.37,6.2,0.36,11.3,0.52,10.4,0.53,10.4,0.48,10.4,0.47,10.4,0.63,6.2,0.64,11.3,0.15,0.15,616.494576,1776205018000
1776205020.421,120.421,0.37,6.2,0.36,11.3,0.52,10.4,0.53,10.4,0.48,10.4,0.47,10.4,0.63,6.2,0.64,11.3,0.15,0.15,616.494576,1776205019000
1776205020.88,120.88,0.37,6.2,0.36,11.3,0.52,10.4,0.53,10.4,0.48,10.4,0.47,10.4,0.63,6.2,0.64,11.3,0.15,0.15,616.494486,1776205020000
1776205021.955,121.955,0.37,6.2,0.36,11.3,0.52,10.4,0.53,10.4,0.48,10.4,0.47,10.4,0.63,6.2,0.64,11.3,0.15,0.15,616.494917,1776205021000
1776205022.935,122.935,0.37,6.2,0.36,11.3,0.52,10.4,0.53,10.4,0.48,10.4,0.47,10.4,0.63,6.2,0.64,11.3,0.15,0.15,616.494917,1776205022000
1776205024.014,124.014,0.37,6.2,0.36,11.3,0.52,10.4,0.53,10.4,0.48,10.4,0.47,10.4,0.63,6.2,0.64,11.3,0.15,0.15,616.494342,1776205023000
1776205025.052,125.052,0.37,6.2,0.36,11.3,0.52,10.4,0.53,10.4,0.48,10.4,0.47,10.4,0.63,6.2,0.64,11.3,0.15,0.15,616.494342,1776205024000
1776205026.129,126.129,0.37,6.2,0.36,11.3,0.52,10.4,0.53,10.4,0.48,10.4,0.47,10.4,0.63,6.2,0.64,11.3,0.15,0.15,616.494634,1776205025000
1776205027.261,127.261,0.37,6.2,0.36,11.3,0.52,10.4,0.53,10.4,0.48,10.4,0.47,10.4,0.63,6.2,0.64,11.3,0.15,0.15,616.492934,1776205026000
1776205028.556,128.556,0.37,6.2,0.36,11.3,0.52,10.4,0.53,10.4,0.48,10.4,0.47,10.4,0.63,6.2,0.64,11.3,0.15,0.15,616.493517,1776205027000
1776205029.223,129.223,0.37,6.2,0.36,11.3,0.52,10.4,0.53,10.4,0.48,10.4,0.47,10.4,0.63,6.2,0.64,11.3,0.15,0.15,616.494761,1776205028000
1776205030.505,130.505,0.37,6.2,0.36,11.3,0.52,10.4,0.53,10.4,0.48,10.4,0.47,10.4,0.63,6.2,0.64,11.3,0.15,0.15,616.494765,1776205029000
1776205031.396,131.396,0.37,6.2,0.36,11.3,0.52,10.4,0.53,10.4,0.48,10.4,0.47,10.4,0.63,6.2,0.64,11.3,0.15,0.15,616.497839,1776205030000
1776205032.065,132.065,0.37,6.2,0.36,11.3,0.52,10.4,0.53,10.4,0.48,10.4,0.47,10.4,0.63,6.2,0.64,11.3,0.15,0.15,616.497839,1776205031000
1776205033.602,133.602,0.37,6.2,0.36,11.3,0.52,10.4,0.53,10.4,0.48,10.4,0.47,10.4,0.63,6.2,0.64,11.3,0.15,0.15,616.487545,1776205032000
1776205034.242,134.242,0.37,6.2,0.36,11.3,0.52,10.4,0.53,10.4,0.48,10.4,0.47,10.4,0.63,6.2,0.64,11.3,0.15,0.15,616.479747,1776205033000
1776205035.585,135.585,0.37,6.2,0.36,11.3,0.52,10.4,0.53,10.4,0.48,10.4,0.47,10.4,0.63,6.2,0.64,11.3,0.15,0.15,616.492907,1776205034000
1776205036.359,136.359,0.37,6.2,0.36,11.3,0.52,10.4,0.53,10.4,0.48,10.4,0.47,10.4,0.63,6.2,0.64,11.3,0.15,0.15,616.492907,1776205035000
1776205037.035,137.035,0.37,6.2,0.36,11.3,0.52,10.4,0.53,10.4,0.48,10.4,0.47,10.4,0.63,6.2,0.64,11.3,0.15,0.15,616.491908,1776205036000
1776205038.599,138.599,0.37,6.2,0.36,11.3,0.52,10.4,0.53,10.4,0.48,10.4,0.47,10.4,0.63,6.2,0.64,11.3,0.15,0.15,616.490538,1776205037000
1776205039.229,139.229,0.37,6.2,0.36,11.3,0.52,10.4,0.53,10.4,0.48,10.4,0.47,10.4,0.63,6.2,0.64,11.3,0.15,0.15,616.490538,1776205038000
1776205040.545,140.545,0.37,6.2,0.36,11.3,0.52,10.4,0.53,10.4,0.48,10.4,0.47,10.4,0.63,6.2,0.64,11.3,0.15,0.15,616.490538,1776205039000
1776205041.208,141.208,0.37,6.2,0.36,11.3,0.52,10.4,0.53,10.4,0.48,10.4,0.47,10.4,0.63,6.2,0.64,11.3,0.15,0.15,616.490538,1776205040000
1776205042.651,142.651,0.37,6.2,0.36,11.3,0.52,10.4,0.53,10.4,0.48,10.4,0.47,10.4,0.63,6.2,0.64,11.3,0.15,0.15,616.49226,1776205041000
1776205043.335,143.335,0.37,6.2,0.36,11.3,0.52,10.4,0.53,10.4,0.48,10.4,0.47,10.4,0.63,6.2,0.64,11.3,0.15,0.15,616.49226,1776205042000
1776205044.636,144.636,0.37,6.2,0.36,11.3,0.52,10.4,0.53,10.4,0.48,10.4,0.47,10.4,0.63,6.2,0.64,11.3,0.15,0.15,616.49227,1776205043000
1776205045.245,145.245,0.37,6.2,0.36,11.3,0.52,10.4,0.53,10.4,0.48,10.4,0.47,10.4,0.63,6.2,0.64,11.3,0.15,0.15,616.490213,1776205044000
1776205048.099,148.099,0.37,6.2,0.36,11.3,0.52,10.4,0.53,10.4,0.48,10.4,0.47,10.4,0.63,6.2,0.64,11.3,0.15,0.15,616.490209,1776205045000
1776205048.739,148.739,0.37,6.2,0.36,11.3,0.52,10.4,0.53,10.4,0.48,10.4,0.47,10.4,0.63,6.2,0.64,11.3,0.15,0.15,616.489097,1776205047000
1776205049.555,149.555,0.37,6.2,0.36,11.3,0.52,10.4,0.53,10.4,0.48,10.4,0.47,10.4,0.63,6.2,0.64,11.3,0.15,0.15,616.489097,1776205048000
1776205050.176,150.176,0.37,6.2,0.36,11.3,0.52,10.4,0.53,10.4,0.48,10.4,0.47,10.4,0.63,6.2,0.64,11.3,0.15,0.15,616.489097,1776205049000
1776205051.737,151.737,0.37,6.2,0.36,11.3,0.52,10.4,0.53,10.4,0.48,10.4,0.47,10.4,0.63,6.2,0.64,11.3,0.15,0.15,616.488871,1776205050000
1776205052.461,152.461,0.37,6.2,0.36,11.3,0.52,10.4,0.53,10.4,0.48,10.4,0.47,10.4,0.63,6.2,0.64,11.3,0.15,0.15,616.488871,1776205051000
1776205053.071,153.071,0.37,6.2,0.36,11.3,0.52,10.4,0.53,10.4,0.48,10.4,0.47,10.4,0.63,6.2,0.64,11.3,0.15,0.15,616.488226,1776205052000
1776205054.462,154.462,0.37,6.2,0.36,11.3,0.52,10.4,0.53,10.4,0.48,10.4,0.47,10.4,0.63,6.2,0.64,11.3,0.15,0.15,616.489024,1776205053000
1776205055.076,155.076,0.37,6.2,0.36,11.3,0.52,10.4,0.53,10.4,0.48,10.4,0.47,10.4,0.63,6.2,0.64,11.3,0.15,0.15,616.489024,1776205054000
1776205056.409,156.409,0.37,6.2,0.36,11.3,0.52,10.4,0.53,10.4,0.48,10.4,0.47,10.4,0.63,6.2,0.64,11.3,0.15,0.15,616.489024,1776205055000
1776205056.95,156.95,0.37,6.2,0.36,11.3,0.52,10.4,0.53,10.4,0.48,10.4,0.47,10.4,0.63,6.2,0.64,11.3,0.15,0.15,616.490169,1776205056000
1776205058.298,158.298,0.37,6.2,0.36,11.3,0.52,10.4,0.53,10.4,0.48,10.4,0.47,10.4,0.63,6.2,0.64,11.3,0.15,0.15,616.490168,1776205057000
1776205059.001,159.001,0.37,6.2,0.36,11.3,0.52,10.4,0.53,10.4,0.48,10.4,0.47,10.4,0.63,6.2,0.64,11.3,0.15,0.15,616.490196,1776205058000
1776205060.185,160.185,0.37,6.2,0.36,11.3,0.52,10.4,0.53,10.4,0.48,10.4,0.47,10.4,0.63,6.2,0.64,11.3,0.15,0.15,616.490278,1776205059000
1776205061.501,161.501,0.37,6.2,0.36,11.3,0.52,10.4,0.53,10.4,0.48,10.4,0.47,10.4,0.63,6.2,0.64,11.3,0.15,0.15,616.490276,1776205060000
1776205062.118,162.118,0.37,6.2,0.36,11.3,0.52,10.4,0.53,10.4,0.48,10.4,0.47,10.4,0.63,6.2,0.64,11.3,0.15,0.15,616.490278,1776205061000
1776205063.367,163.367,0.37,6.2,0.36,11.3,0.52,10.4,0.53,10.4,0.48,10.4,0.47,10.4,0.63,6.2,0.64,11.3,0.15,0.15,616.491459,1776205062000
1776205064.017,164.017,0.37,6.2,0.36,11.3,0.52,10.4,0.53,10.4,0.48,10.4,0.47,10.4,0.63,6.2,0.64,11.3,0.15,0.15,616.491459,1776205063000
1776205065.604,165.604,0.37,6.2,0.36,11.3,0.52,10.4,0.53,10.4,0.48,10.4,0.47,10.4,0.63,6.2,0.64,11.3,0.15,0.15,616.489285,1776205064000
1776205066.582,166.582,0.37,6.2,0.36,11.3,0.52,10.4,0.53,10.4,0.48,10.4,0.47,10.4,0.63,6.2,0.64,11.3,0.15,0.15,616.489205,1776205065000
1776205067.109,167.109,0.37,6.2,0.36,11.3,0.52,10.4,0.53,10.4,0.48,10.4,0.47,10.4,0.63,6.2,0.64,11.3,0.15,0.15,616.488922,1776205066000
1776205068.378,168.378,0.37,6.2,0.36,11.3,0.52,10.4,0.53,10.4,0.48,10.4,0.47,10.4,0.63,6.2,0.64,11.3,0.15,0.15,616.489578,1776205067000
1776205068.981,168.981,0.37,6.2,0.36,11.3,0.52,10.4,0.53,10.4,0.48,10.4,0.47,10.4,0.63,6.2,0.64,11.3,0.15,0.15,616.489578,1776205068000
1776205070.344,170.344,0.37,6.2,0.36,11.3,0.52,10.4,0.53,10.4,0.48,10.4,0.47,10.4,0.63,6.2,0.64,11.3,0.15,0.15,616.488397,1776205069000
1776205070.954,170.954,0.37,6.2,0.36,11.3,0.52,10.4,0.53,10.4,0.48,10.4,0.47,10.4,0.63,6.2,0.64,11.3,0.15,0.15,616.488395,1776205070000
1776205072.086,172.086,0.37,6.2,0.36,11.3,0.52,10.4,0.53,10.4,0.48,10.4,0.47,10.4,0.63,6.2,0.64,11.3,0.15,0.15,616.488429,1776205071000
1776205073.368,173.368,0.37,6.2,0.36,11.3,0.52,10.4,0.53,10.4,0.48,10.4,0.47,10.4,0.63,6.2,0.64,11.3,0.15,0.15,616.487157,1776205072000
1776205074.497,174.497,0.37,6.2,0.36,11.3,0.52,10.4,0.53,10.4,0.48,10.4,0.47,10.4,0.63,6.2,0.64,11.3,0.15,0.15,616.485455,1776205073000
1776205075.151,175.151,0.37,6.2,0.36,11.3,0.52,10.4,0.53,10.4,0.48,10.4,0.47,10.4,0.63,6.2,0.64,11.3,0.15,0.15,616.486117,1776205074000
1776205076.29,176.29,0.37,6.2,0.36,11.3,0.52,10.4,0.53,10.4,0.48,10.4,0.47,10.4,0.63,6.2,0.64,11.3,0.15,0.15,616.487981,1776205075000
1776205077.523,177.523,0.37,6.2,0.36,11.3,0.52,10.4,0.53,10.4,0.48,10.4,0.47,10.4,0.63,6.2,0.64,11.3,0.15,0.15,616.488576,1776205076000
1776205078.087,178.087,0.37,6.2,0.36,11.3,0.52,10.4,0.53,10.4,0.48,10.4,0.47,10.4,0.63,6.2,0.64,11.3,0.15,0.15,616.488995,1776205077000
1776205079.212,179.212,0.37,6.2,0.36,11.3,0.52,10.4,0.53,10.4,0.48,10.4,0.47,10.4,0.63,6.2,0.64,11.3,0.15,0.15,616.488347,1776205078000
1776205080.406,180.406,0.37,6.2,0.36,11.3,0.52,10.4,0.53,10.4,0.48,10.4,0.47,10.4,0.63,6.2,0.64,11.3,0.15,0.15,616.490637,1776205079000
1776205081.498,181.498,0.37,6.2,0.36,11.3,0.52,10.4,0.53,10.4,0.48,10.4,0.47,10.4,0.63,6.2,0.64,11.3,0.15,0.15,616.493897,1776205080000
1776205082.006,182.006,0.37,6.2,0.36,11.3,0.52,10.4,0.53,10.4,0.48,10.4,0.47,10.4,0.63,6.2,0.64,11.3,0.15,0.15,616.493897,1776205081000
1776205083.055,183.055,0.37,6.2,0.36,11.3,0.52,10.4,0.53,10.4,0.48,10.4,0.47,10.4,0.63,6.2,0.64,11.3,0.15,0.15,616.492866,1776205082000
1776205083.965,183.965,0.37,6.2,0.36,11.3,0.52,10.4,0.53,10.4,0.48,10.4,0.47,10.4,0.63,6.2,0.64,11.3,0.15,0.15,616.491909,1776205083000
1776205084.92,184.92,0.37,6.2,0.36,11.3,0.52,10.4,0.53,10.4,0.48,10.4,0.47,10.4,0.63,6.2,0.64,11.3,0.15,0.15,616.490846,1776205084000
1776205085.965,185.965,0.37,6.2,0.36,11.3,0.52,10.4,0.53,10.4,0.48,10.4,0.47,10.4,0.63,6.2,0.64,11.3,0.15,0.15,616.49084,1776205085000
1776205086.222,186.222,0.32,6.76,0.17,5.0,0.35,5.0,0.41,50.0,0.48,10.4,0.47,10.4,0.63,6.2,0.64,11.3,0.03,0.15,616.49084,1776205085000
1776205086.48,186.48,0.17,5.0,0.15,20.39,0.35,33.0,0.41,60.0,0.65,5.0,0.59,50.0,0.68,6.76,0.83,5.0,0.18,0.03,616.49084,1776205085000
1776205086.862,186.862,0.17,3.54,0.1,38.9,0.31,75.0,0.34,10.0,0.65,33.0,0.59,60.0,0.83,5.0,0.85,20.39,0.14,0.18,616.49084,1776205085000
1776205088.138,188.138,0.17,3.54,0.1,38.9,0.31,75.0,0.34,10.0,0.69,75.0,0.66,10.0,0.83,3.54,0.9,38.9,0.14,0.14,616.478218,1776205087000
1776205089.04,189.04,0.17,3.54,0.1,38.9,0.31,75.0,0.34,10.0,0.69,75.0,0.66,10.0,0.83,3.54,0.9,38.9,0.14,0.14,616.351938,1776205088000
1776205089.965,189.965,0.17,3.54,0.1,38.9,0.31,75.0,0.34,10.0,0.69,75.0,0.66,10.0,0.83,3.54,0.9,38.9,0.14,0.14,616.279399,1776205089000
1776205091.024,191.024,0.17,3.54,0.1,38.9,0.31,75.0,0.34,10.0,0.69,75.0,0.66,10.0,0.83,3.54,0.9,38.9,0.14,0.14,616.278744,1776205090000
1776205091.987,191.987,0.17,3.54,0.1,38.9,0.31,75.0,0.34,10.0,0.69,75.0,0.66,10.0,0.83,3.54,0.9,38.9,0.14,0.14,616.261,1776205091000
1776205092.771,192.771,0.13,11.37,0.04,97.7,0.21,68.0,0.28,8.0,0.69,75.0,0.66,10.0,0.83,3.54,0.9,38.9,0.08,0.14,616.261,1776205091000
1776205093.02,193.02,0.04,97.7,0.03,125.38,0.21,118.0,0.28,8.0,0.79,118.0,0.72,8.0,0.87,6.37,0.96,97.7,0.17,0.08,616.261,1776205091000
1776205093.8,193.8,0.04,25.0,0.03,125.38,0.13,39.0,0.16,10.0,0.79,118.0,0.72,8.0,0.96,97.7,0.97,125.38,0.09,0.17,616.264,1776205092000
1776205094.742,194.742,0.04,25.0,0.03,125.38,0.13,39.0,0.16,10.0,0.87,39.0,0.84,10.0,0.96,25.0,0.97,125.38,0.09,0.09,616.228692,1776205093000
1776205095.421,195.421,0.04,25.0,0.03,125.38,0.13,39.0,0.16,10.0,0.87,39.0,0.84,10.0,0.96,25.0,0.97,125.38,0.09,0.09,616.122674,1776205094000
1776205095.855,195.855,0.04,25.0,0.03,125.38,0.13,39.0,0.16,10.0,0.87,39.0,0.84,10.0,0.96,25.0,0.97,125.38,0.09,0.09,616.022978,1776205095000
1776205096.965,196.965,0.04,25.0,0.03,125.38,0.13,39.0,0.16,10.0,0.87,39.0,0.84,10.0,0.96,25.0,0.97,125.38,0.09,0.09,616.019843,1776205096000
1776205098.097,198.097,0.04,25.0,0.03,125.38,0.13,39.0,0.16,10.0,0.87,39.0,0.84,10.0,0.96,25.0,0.97,125.38,0.09,0.09,615.99659,1776205097000
1776205099.158,199.158,0.04,25.0,0.03,125.38,0.13,39.0,0.16,10.0,0.87,39.0,0.84,10.0,0.96,25.0,0.97,125.38,0.09,0.09,615.999622,1776205098000
1776205100.179,200.179,0.04,25.0,0.03,125.38,0.13,39.0,0.16,10.0,0.87,39.0,0.84,10.0,0.96,25.0,0.97,125.38,0.09,0.09,615.99985,1776205099000
1776205101.162,201.162,0.04,25.0,0.03,125.38,0.13,39.0,0.16,10.0,0.87,39.0,0.84,10.0,0.96,25.0,0.97,125.38,0.09,0.09,616.001098,1776205100000
1776205102.207,202.207,0.04,25.0,0.03,125.38,0.13,39.0,0.16,10.0,0.87,39.0,0.84,10.0,0.96,25.0,0.97,125.38,0.09,0.09,616.003862,1776205101000
1776205103.244,203.244,0.04,25.0,0.03,125.38,0.13,39.0,0.16,10.0,0.87,39.0,0.84,10.0,0.96,25.0,0.97,125.38,0.09,0.09,616.003967,1776205102000
1776205104.318,204.318,0.04,25.0,0.03,125.38,0.13,39.0,0.16,10.0,0.87,39.0,0.84,10.0,0.96,25.0,0.97,125.38,0.09,0.09,616.009403,1776205103000
1776205104.939,204.939,0.04,25.0,0.03,125.38,0.13,39.0,0.16,10.0,0.87,39.0,0.84,10.0,0.96,25.0,0.97,125.38,0.09,0.09,616.009403,1776205104000
1776205106.017,206.017,0.04,25.0,0.03,125.38,0.13,39.0,0.16,10.0,0.87,39.0,0.84,10.0,0.96,25.0,0.97,125.38,0.09,0.09,616.009182,1776205105000
1776205107.096,207.096,0.04,25.0,0.03,125.38,0.13,39.0,0.16,10.0,0.87,39.0,0.84,10.0,0.96,25.0,0.97,125.38,0.09,0.09,616.012495,1776205106000
1776205111.005,211.005,0.04,25.0,0.03,125.38,0.13,39.0,0.16,10.0,0.87,39.0,0.84,10.0,0.96,25.0,0.97,125.38,0.09,0.09,616.074792,1776205109000
1776205111.466,211.466,0.04,25.0,0.03,125.38,0.13,39.0,0.16,10.0,0.87,39.0,0.84,10.0,0.96,25.0,0.97,125.38,0.09,0.09,616.093545,1776205110000
1776205112.091,212.091,0.04,25.0,0.03,125.38,0.13,39.0,0.16,10.0,0.87,39.0,0.84,10.0,0.96,25.0,0.97,125.38,0.09,0.09,616.093809,1776205111000
1776205113.091,213.091,0.04,25.0,0.03,125.38,0.13,39.0,0.16,10.0,0.87,39.0,0.84,10.0,0.96,25.0,0.97,125.38,0.09,0.09,616.093796,1776205112000
1776205113.884,213.884,0.05,54.7,0.04,92.7,0.1,23.95,0.11,26.6,0.87,39.0,0.84,10.0,0.96,25.0,0.97,125.38,0.05,0.09,616.093796,1776205112000
1776205114.225,214.225,0.05,54.7,0.04,92.7,0.1,23.95,0.11,26.6,0.9,23.95,0.89,26.6,0.95,54.7,0.96,92.7,0.05,0.05,616.095606,1776205113000
1776205115.29,215.29,0.05,54.7,0.04,92.7,0.1,23.95,0.11,26.6,0.9,23.95,0.89,26.6,0.95,54.7,0.96,92.7,0.05,0.05,616.095775,1776205114000
1776205115.859,215.859,0.05,54.7,0.04,92.7,0.1,23.95,0.11,26.6,0.9,23.95,0.89,26.6,0.95,54.7,0.96,92.7,0.05,0.05,616.100085,1776205115000
1776205116.973,216.973,0.05,54.7,0.04,92.7,0.1,23.95,0.11,26.6,0.9,23.95,0.89,26.6,0.95,54.7,0.96,92.7,0.05,0.05,616.100085,1776205116000
1776205117.941,217.941,0.05,54.7,0.04,92.7,0.1,23.95,0.11,26.6,0.9,23.95,0.89,26.6,0.95,54.7,0.96,92.7,0.05,0.05,616.100085,1776205117000
1776205118.982,218.982,0.05,54.7,0.04,92.7,0.1,23.95,0.11,26.6,0.9,23.95,0.89,26.6,0.95,54.7,0.96,92.7,0.05,0.05,616.115385,1776205118000
1776205120.087,220.087,0.05,54.7,0.04,92.7,0.1,23.95,0.11,26.6,0.9,23.95,0.89,26.6,0.95,54.7,0.96,92.7,0.05,0.05,616.117372,1776205119000
1776205121.106,221.106,0.05,54.7,0.04,92.7,0.1,23.95,0.11,26.6,0.9,23.95,0.89,26.6,0.95,54.7,0.96,92.7,0.05,0.05,616.116173,1776205120000
1776205122.239,222.239,0.05,54.7,0.04,92.7,0.1,23.95,0.11,26.6,0.9,23.95,0.89,26.6,0.95,54.7,0.96,92.7,0.05,0.05,616.116177,1776205121000
1776205123.246,223.246,0.05,54.7,0.04,92.7,0.1,23.95,0.11,26.6,0.9,23.95,0.89,26.6,0.95,54.7,0.96,92.7,0.05,0.05,616.116625,1776205122000
1776205125.932,225.932,0.05,54.7,0.04,92.7,0.1,23.95,0.11,26.6,0.9,23.95,0.89,26.6,0.95,54.7,0.96,92.7,0.05,0.05,616.118006,1776205124000
1776205127.299,227.299,0.05,54.7,0.04,92.7,0.1,23.95,0.11,26.6,0.9,23.95,0.89,26.6,0.95,54.7,0.96,92.7,0.05,0.05,616.136846,1776205126000
1776205128.361,228.361,0.05,54.7,0.04,92.7,0.1,23.95,0.11,26.6,0.9,23.95,0.89,26.6,0.95,54.7,0.96,92.7,0.05,0.05,616.136319,1776205127000
1776205129.304,229.304,0.05,54.7,0.04,92.7,0.1,23.95,0.11,26.6,0.9,23.95,0.89,26.6,0.95,54.7,0.96,92.7,0.05,0.05,616.13498,1776205128000
1776205130.417,230.417,0.01,556.6,,,0.05,54.7,0.06,46.1,0.95,54.7,0.94,46.1,0.99,556.6,,,0.04,0.04,616.118476,1776205129000
1776205130.869,230.869,0.01,556.6,,,0.05,54.7,0.06,46.1,0.95,54.7,0.94,46.1,0.99,556.6,,,0.04,0.04,616.086406,1776205130000
1776205131.797,231.797,0.01,556.6,,,0.05,54.7,0.06,46.1,0.95,54.7,0.94,46.1,0.99,556.6,,,0.04,0.04,616.08634,1776205131000
1776205132.85,232.85,0.01,556.6,,,0.05,54.7,0.06,46.1,0.95,54.7,0.94,46.1,0.99,556.6,,,0.04,0.04,615.978864,1776205132000
1776205134.364,234.364,0.01,556.6,,,0.05,54.7,0.06,46.1,0.95,54.7,0.94,46.1,0.99,556.6,,,0.04,0.04,615.974601,1776205133000
1776205135.377,235.377,0.01,556.6,,,0.05,54.7,0.06,46.1,0.95,54.7,0.94,46.1,0.99,556.6,,,0.04,0.04,615.973109,1776205134000
1776205135.825,235.825,0.01,556.6,,,0.05,54.7,0.06,46.1,0.95,54.7,0.94,46.1,0.99,556.6,,,0.04,0.04,615.97311,1776205135000
1776205137.366,237.366,0.01,556.6,,,0.05,54.7,0.06,46.1,0.95,54.7,0.94,46.1,0.99,556.6,,,0.04,0.04,615.973516,1776205136000
1776205137.879,237.879,0.01,556.6,,,0.05,54.7,0.06,46.1,0.95,54.7,0.94,46.1,0.99,556.6,,,0.04,0.04,615.968772,1776205137000
1776205138.861,238.861,0.01,556.6,,,0.05,54.7,0.06,46.1,0.95,54.7,0.94,46.1,0.99,556.6,,,0.04,0.04,615.928,1776205138000
1776205140.597,240.597,0.01,556.6,,,0.05,54.7,0.06,46.1,0.95,54.7,0.94,46.1,0.99,556.6,,,0.04,0.04,615.905581,1776205139000
1776205140.894,240.894,0.01,289.0,,,0.02,152.12,0.03,89.3,0.95,54.7,0.94,46.1,0.99,556.6,,,0.01,0.04,615.905581,1776205139000
1776205141.587,241.587,0.01,289.0,,,0.02,152.12,0.03,89.3,0.98,152.12,0.97,89.3,0.99,289.0,,,0.01,0.01,615.904968,1776205140000
1776205142.318,242.318,0.01,289.0,,,0.02,152.12,0.03,89.3,0.98,152.12,0.97,89.3,0.99,289.0,,,0.01,0.01,615.906372,1776205141000
1776205143.542,243.542,0.01,104.13,,,0.02,152.12,0.03,89.3,0.98,152.12,0.97,89.3,0.99,289.0,,,0.01,0.01,615.906372,1776205141000
1776205143.924,243.924,0.01,104.13,,,0.02,152.12,0.03,89.3,0.98,152.12,0.97,89.3,0.99,104.13,,,0.01,0.01,615.932,1776205142000
1776205144.717,244.717,0.01,104.13,,,0.02,152.12,0.03,89.3,0.98,152.12,0.97,89.3,0.99,104.13,,,0.01,0.01,615.90588,1776205143000
1776205145.482,245.482,0.01,104.13,,,0.02,152.12,0.03,89.3,0.98,152.12,0.97,89.3,0.99,104.13,,,0.01,0.01,615.943445,1776205144000
1776205146.171,246.171,0.01,104.13,,,0.02,152.12,0.03,89.3,0.98,152.12,0.97,89.3,0.99,104.13,,,0.01,0.01,615.943445,1776205145000
1776205147.606,247.606,0.01,83.72,,,0.02,152.12,0.03,89.3,0.98,152.12,0.97,89.3,0.99,104.13,,,0.01,0.01,615.943445,1776205145000
1776205148.326,248.326,0.01,83.72,,,0.02,152.12,0.03,89.3,0.98,152.12,0.97,89.3,0.99,83.72,,,0.01,0.01,615.94,1776205147000
1776205149.054,249.054,0.01,83.72,,,0.02,152.12,0.03,89.3,0.98,152.12,0.97,89.3,0.99,83.72,,,0.01,0.01,615.938,1776205148000
1776205150.564,250.564,0.01,83.72,,,0.02,152.12,0.03,89.3,0.98,152.12,0.97,89.3,0.99,83.72,,,0.01,0.01,615.938,1776205149000
1776205151.321,251.321,0.01,83.72,,,0.02,152.12,0.03,89.3,0.98,152.12,0.97,89.3,0.99,83.72,,,0.01,0.01,615.945,1776205150000
1776205152.726,252.726,0.01,83.72,,,0.02,152.12,0.03,89.3,0.98,152.12,0.97,89.3,0.99,83.72,,,0.01,0.01,615.944,1776205151000
1776205153.405,253.405,0.01,83.72,,,0.02,152.12,0.03,89.3,0.98,152.12,0.97,89.3,0.99,83.72,,,0.01,0.01,615.924,1776205152000
1776205154.119,254.119,0.01,83.72,,,0.02,152.12,0.03,89.3,0.98,152.12,0.97,89.3,0.99,83.72,,,0.01,0.01,615.924,1776205153000
1776205155.561,255.561,0.01,83.72,,,0.02,152.12,0.03,89.3,0.98,152.12,0.97,89.3,0.99,83.72,,,0.01,0.01,615.993453,1776205154000
1776205156.264,256.264,0.01,83.72,,,0.02,152.12,0.03,89.3,0.98,152.12,0.97,89.3,0.99,83.72,,,0.01,0.01,615.989743,1776205155000
1776205156.664,256.664,0.01,83.72,,,0.02,152.12,0.03,89.3,0.98,152.12,0.97,89.3,0.99,83.72,,,0.01,0.01,615.989743,1776205155000
1776205157.541,257.541,0.01,83.72,,,0.02,152.12,0.03,89.3,0.98,152.12,0.97,89.3,0.99,83.72,,,0.01,0.01,616.0,1776205156000
1776205158.244,258.244,0.01,83.72,,,0.02,152.12,0.03,89.3,0.98,152.12,0.97,89.3,0.99,83.72,,,0.01,0.01,615.99309,1776205157000
1776205159.321,259.321,0.01,83.72,,,0.02,152.12,0.03,89.3,0.98,152.12,0.97,89.3,0.99,83.72,,,0.01,0.01,615.997,1776205158000
1776205160.351,260.351,0.01,83.72,,,0.02,152.12,0.03,89.3,0.98,152.12,0.97,89.3,0.99,83.72,,,0.01,0.01,616.02922,1776205159000
1776205160.904,260.904,0.01,83.72,,,0.02,152.12,0.03,89.3,0.98,152.12,0.97,89.3,0.99,83.72,,,0.01,0.01,616.047785,1776205160000
1776205161.918,261.918,0.01,83.72,,,0.02,152.12,0.03,89.3,0.98,152.12,0.97,89.3,0.99,83.72,,,0.01,0.01,616.048083,1776205161000
1776205163.005,263.005,0.01,83.72,,,0.02,152.12,0.03,89.3,0.98,152.12,0.97,89.3,0.99,83.72,,,0.01,0.01,616.048573,1776205162000
1776205164.148,264.148,0.01,83.72,,,0.02,152.12,0.03,89.3,0.98,152.12,0.97,89.3,0.99,83.72,,,0.01,0.01,616.048505,1776205163000
1776205165.214,265.214,0.01,83.72,,,0.02,152.12,0.03,89.3,0.98,152.12,0.97,89.3,0.99,83.72,,,0.01,0.01,616.048922,1776205164000
1776205166.373,266.373,0.01,83.72,,,0.02,152.12,0.03,89.3,0.98,152.12,0.97,89.3,0.99,83.72,,,0.01,0.01,616.044371,1776205165000
1776205167.373,267.373,0.01,83.72,,,0.02,152.12,0.03,89.3,0.98,152.12,0.97,89.3,0.99,83.72,,,0.01,0.01,616.044667,1776205166000
1776205167.927,267.927,0.01,83.72,,,0.02,152.12,0.03,89.3,0.98,152.12,0.97,89.3,0.99,83.72,,,0.01,0.01,616.044797,1776205167000
1776205169.027,269.027,0.01,83.72,,,0.02,152.12,0.03,89.3,0.98,152.12,0.97,89.3,0.99,83.72,,,0.01,0.01,616.042782,1776205168000
1776205170.01,270.01,0.01,83.72,,,0.02,152.12,0.03,89.3,0.98,152.12,0.97,89.3,0.99,83.72,,,0.01,0.01,616.042782,1776205169000
1776205171.053,271.053,0.01,83.72,,,0.02,152.12,0.03,89.3,0.98,152.12,0.97,89.3,0.99,83.72,,,0.01,0.01,616.043573,1776205170000
1776205172.126,272.126,0.01,83.72,,,0.02,152.12,0.03,89.3,0.98,152.12,0.97,89.3,0.99,83.72,,,0.01,0.01,616.043612,1776205171000
1776205173.193,273.193,0.01,83.72,,,0.02,152.12,0.03,89.3,0.98,152.12,0.97,89.3,0.99,83.72,,,0.01,0.01,616.043844,1776205172000
1776205174.828,274.828,,,,,0.01,916.28,0.02,147.12,0.98,152.12,0.97,89.3,0.99,83.72,,,,0.01,616.043844,1776205172000
1776205175.17,275.17,,,,,0.01,934.87,0.02,14.43,0.99,916.28,0.98,147.12,,,,,,,616.043865,1776205173000
1776205175.808,275.808,,,,,0.01,934.87,0.02,14.43,0.99,934.87,0.98,14.43,,,,,,,616.044129,1776205174000
1776205176.518,276.518,,,,,0.01,934.87,0.02,14.43,0.99,934.87,0.98,14.43,,,,,,,616.044129,1776205175000
1776205177.283,277.283,,,,,0.01,934.87,0.02,14.43,0.99,934.87,0.98,14.43,,,,,,,616.044128,1776205176000
1776205178.742,278.742,,,,,0.01,934.87,0.02,14.43,0.99,934.87,0.98,14.43,,,,,,,616.046066,1776205177000
1776205179.433,279.433,,,,,0.01,934.87,0.02,14.43,0.99,934.87,0.98,14.43,,,,,,,616.041219,1776205178000
1776205180.161,280.161,,,,,0.01,934.87,0.02,14.43,0.99,934.87,0.98,14.43,,,,,,,616.041789,1776205179000
1776205181.684,281.684,,,,,0.01,934.87,0.02,14.43,0.99,934.87,0.98,14.43,,,,,,,616.040504,1776205180000
1776205182.304,282.304,,,,,0.01,934.87,0.02,14.43,0.99,934.87,0.98,14.43,,,,,,,616.040673,1776205181000
1776205183.047,283.047,,,,,0.01,934.87,0.02,14.43,0.99,934.87,0.98,14.43,,,,,,,616.039219,1776205182000
1776205184.503,284.503,,,,,0.01,934.87,0.02,14.43,0.99,934.87,0.98,14.43,,,,,,,616.005339,1776205183000
1776205185.218,285.218,,,,,0.01,934.87,0.02,14.43,0.99,934.87,0.98,14.43,,,,,,,616.002857,1776205184000
1776205186.686,286.686,,,,,0.01,934.87,0.02,14.43,0.99,934.87,0.98,14.43,,,,,,,616.002857,1776205185000
1776205187.388,287.388,,,,,0.01,934.87,0.02,14.43,0.99,934.87,0.98,14.43,,,,,,,616.002234,1776205186000
1776205188.052,288.052,,,,,0.01,934.87,0.02,14.43,0.99,934.87,0.98,14.43,,,,,,,616.001814,1776205187000
1776205189.487,289.487,,,,,0.01,934.87,0.02,14.43,0.99,934.87,0.98,14.43,,,,,,,616.002389,1776205188000
1776205190.202,290.202,,,,,0.01,934.87,0.02,14.43,0.99,934.87,0.98,14.43,,,,,,,616.002387,1776205189000
1776205191.971,291.971,,,,,0.01,934.87,0.02,14.43,0.99,934.87,0.98,14.43,,,,,,,615.994094,1776205190000
1776205192.484,292.484,,,,,0.01,934.87,0.02,14.43,0.99,934.87,0.98,14.43,,,,,,,615.935772,1776205191000
1776205192.986,292.986,,,,,0.01,1593.03,0.02,14.43,0.99,1593.03,0.98,14.43,,,,,,,615.935333,1776205192000
1776205194.039,294.039,,,,,0.01,1593.03,0.02,14.43,0.99,1593.03,0.98,14.43,,,,,,,615.935197,1776205193000
1776205195.071,295.071,,,,,0.01,1593.03,0.02,14.43,0.99,1593.03,0.98,14.43,,,,,,,615.947,1776205194000
1776205196.023,296.023,,,,,0.01,1593.03,0.02,14.43,0.99,1593.03,0.98,14.43,,,,,,,615.948,1776205195000
1776205197.026,297.026,,,,,0.01,1593.03,0.02,14.43,0.99,1593.03,0.98,14.43,,,,,,,615.945497,1776205196000
1776205197.998,297.998,,,,,0.01,1593.03,0.02,14.43,0.99,1593.03,0.98,14.43,,,,,,,615.957,1776205197000
1776205199.029,299.029,,,,,0.01,1593.03,0.02,14.43,0.99,1593.03,0.98,14.43,,,,,,,615.95676,1776205198000
1776205200.139,300.139,,,,,0.01,1593.03,0.02,14.43,0.99,1593.03,0.98,14.43,,,,,,,615.95762,1776205199000
1776205201.059,301.059,,,,,0.01,1593.03,0.02,14.43,0.99,1593.03,0.98,14.43,,,,,,,615.95772,1776205200000

# RESULT,winner=Down,slug=bnb-updown-5m-1776204900,ticks=313
