timestamp,elapsed_sec,up_bid_p1,up_bid_s1,up_bid_p2,up_bid_s2,up_ask_p1,up_ask_s1,up_ask_p2,up_ask_s2,down_bid_p1,down_bid_s1,down_bid_p2,down_bid_s2,down_ask_p1,down_ask_s1,down_ask_p2,down_ask_s2,up_spread,down_spread,bnb_price,bnb_oracle_ts
1776207001.302,1.302,,,,,,,,,,,,,,,,,,,614.654,1776207000000
1776207001.828,1.828,0.5,5.0,0.33,300.0,0.67,300.0,0.69,375.0,0.33,300.0,0.31,375.0,0.5,5.0,0.67,300.0,0.17,0.17,614.654,1776207000000
1776207002.325,2.325,0.5,5.0,0.33,300.0,0.67,300.0,0.69,375.0,0.33,300.0,0.31,375.0,0.5,5.0,0.67,300.0,0.17,0.17,614.649491,1776207001000
1776207003.345,3.345,0.5,5.0,0.33,300.0,0.67,300.0,0.69,375.0,0.33,300.0,0.31,375.0,0.5,5.0,0.67,300.0,0.17,0.17,614.649491,1776207002000
1776207004.0,4.0,0.5,4.4,0.41,50.0,0.68,10.0,0.69,375.0,0.33,300.0,0.31,375.0,0.5,5.0,0.67,300.0,0.18,0.17,614.649491,1776207002000
1776207004.311,4.311,0.5,4.4,0.41,50.0,0.68,10.0,0.69,375.0,0.32,10.0,0.31,375.0,0.5,4.4,0.59,50.0,0.18,0.18,614.646767,1776207003000
1776207005.761,5.761,0.5,4.4,0.41,50.0,0.68,10.0,0.69,375.0,0.32,10.0,0.31,375.0,0.5,4.4,0.59,50.0,0.18,0.18,614.638978,1776207004000
1776207006.334,6.334,0.5,4.4,0.41,50.0,0.68,10.0,0.69,375.0,0.32,10.0,0.31,375.0,0.5,4.4,0.59,50.0,0.18,0.18,614.634769,1776207005000
1776207007.349,7.349,0.5,4.4,0.41,50.0,0.68,10.0,0.69,375.0,0.32,10.0,0.31,375.0,0.5,4.4,0.59,50.0,0.18,0.18,614.634259,1776207006000
1776207008.458,8.458,0.5,4.4,0.41,50.0,0.68,10.0,0.69,375.0,0.32,10.0,0.31,375.0,0.5,4.4,0.59,50.0,0.18,0.18,614.633309,1776207007000
1776207008.918,8.918,0.5,4.4,0.41,50.0,0.68,10.0,0.69,375.0,0.32,10.0,0.31,375.0,0.5,4.4,0.59,50.0,0.18,0.18,614.633309,1776207008000
1776207010.027,10.027,0.5,4.4,0.41,50.0,0.68,10.0,0.69,375.0,0.32,10.0,0.31,375.0,0.5,4.4,0.59,50.0,0.18,0.18,614.638207,1776207009000
1776207011.075,11.075,0.5,4.4,0.41,50.0,0.68,10.0,0.69,375.0,0.32,10.0,0.31,375.0,0.5,4.4,0.59,50.0,0.18,0.18,614.640148,1776207010000
1776207012.231,12.231,0.5,4.4,0.41,50.0,0.68,10.0,0.69,375.0,0.32,10.0,0.31,375.0,0.5,4.4,0.59,50.0,0.18,0.18,614.640236,1776207011000
1776207013.269,13.269,0.5,4.4,0.41,50.0,0.68,10.0,0.69,375.0,0.32,10.0,0.31,375.0,0.5,4.4,0.59,50.0,0.18,0.18,614.640023,1776207012000
1776207014.257,14.257,0.5,4.4,0.41,50.0,0.68,10.0,0.69,375.0,0.32,10.0,0.31,375.0,0.5,4.4,0.59,50.0,0.18,0.18,614.640038,1776207013000
1776207015.273,15.273,0.5,4.4,0.41,50.0,0.68,10.0,0.69,375.0,0.32,10.0,0.31,375.0,0.5,4.4,0.59,50.0,0.18,0.18,614.644569,1776207014000
1776207016.337,16.337,0.5,4.4,0.41,50.0,0.68,10.0,0.69,375.0,0.32,10.0,0.31,375.0,0.5,4.4,0.59,50.0,0.18,0.18,614.645746,1776207015000
1776207016.917,16.917,0.5,4.4,0.41,50.0,0.68,10.0,0.69,375.0,0.32,10.0,0.31,375.0,0.5,4.4,0.59,50.0,0.18,0.18,614.645746,1776207016000
1776207017.864,17.864,0.5,4.4,0.41,50.0,0.68,10.0,0.69,375.0,0.32,10.0,0.31,375.0,0.5,4.4,0.59,50.0,0.18,0.18,614.645864,1776207017000
1776207019.475,19.475,0.5,4.4,0.41,50.0,0.68,10.0,0.69,375.0,0.32,10.0,0.31,375.0,0.5,4.4,0.59,50.0,0.18,0.18,614.647276,1776207018000
1776207019.975,19.975,0.5,4.4,0.41,50.0,0.68,10.0,0.69,375.0,0.32,10.0,0.31,375.0,0.5,4.4,0.59,50.0,0.18,0.18,614.646996,1776207019000
1776207021.089,21.089,0.5,4.4,0.41,50.0,0.68,10.0,0.69,375.0,0.32,10.0,0.31,375.0,0.5,4.4,0.59,50.0,0.18,0.18,614.647033,1776207020000
1776207022.076,22.076,0.5,4.4,0.41,50.0,0.68,10.0,0.69,375.0,0.32,10.0,0.31,375.0,0.5,4.4,0.59,50.0,0.18,0.18,614.647539,1776207021000
1776207022.995,22.995,0.5,4.4,0.41,50.0,0.68,10.0,0.69,375.0,0.32,10.0,0.31,375.0,0.5,4.4,0.59,50.0,0.18,0.18,614.707702,1776207022000
1776207023.974,23.974,0.5,2.8,0.48,5.0,0.59,10.0,0.65,5.0,0.32,10.0,0.31,375.0,0.5,4.4,0.59,50.0,0.09,0.18,614.707702,1776207022000
1776207025.052,25.052,0.5,2.8,0.48,5.0,0.59,10.0,0.65,5.0,0.41,10.0,0.35,5.0,0.5,2.8,0.52,5.0,0.09,0.09,614.707702,1776207024000
1776207026.084,26.084,0.5,2.8,0.48,5.0,0.59,10.0,0.65,5.0,0.41,10.0,0.35,5.0,0.5,2.8,0.52,5.0,0.09,0.09,614.707702,1776207025000
1776207027.064,27.064,0.5,2.8,0.48,5.0,0.59,10.0,0.65,5.0,0.41,10.0,0.35,5.0,0.5,2.8,0.52,5.0,0.09,0.09,614.7077,1776207026000
1776207028.158,28.158,0.5,2.8,0.48,5.0,0.59,10.0,0.65,5.0,0.41,10.0,0.35,5.0,0.5,2.8,0.52,5.0,0.09,0.09,614.7077,1776207027000
1776207029.185,29.185,0.5,2.8,0.48,5.0,0.59,10.0,0.65,5.0,0.41,10.0,0.35,5.0,0.5,2.8,0.52,5.0,0.09,0.09,614.7077,1776207028000
1776207030.101,30.101,0.5,2.8,0.48,5.0,0.59,10.0,0.65,5.0,0.41,10.0,0.35,5.0,0.5,2.8,0.52,5.0,0.09,0.09,614.707705,1776207029000
1776207031.136,31.136,0.5,2.8,0.48,5.0,0.59,10.0,0.65,5.0,0.41,10.0,0.35,5.0,0.5,2.8,0.52,5.0,0.09,0.09,614.707705,1776207030000
1776207032.617,32.617,0.5,2.8,0.48,5.0,0.59,10.0,0.65,5.0,0.41,10.0,0.35,5.0,0.5,2.8,0.52,5.0,0.09,0.09,614.707705,1776207031000
1776207033.15,33.15,0.5,2.8,0.48,5.0,0.59,10.0,0.65,5.0,0.41,10.0,0.35,5.0,0.5,2.8,0.52,5.0,0.09,0.09,614.707705,1776207032000
1776207034.369,34.369,0.5,2.8,0.48,5.0,0.59,10.0,0.65,5.0,0.41,10.0,0.35,5.0,0.5,2.8,0.52,5.0,0.09,0.09,614.707705,1776207033000
1776207034.865,34.865,0.5,2.8,0.48,5.0,0.59,10.0,0.65,5.0,0.41,10.0,0.35,5.0,0.5,2.8,0.52,5.0,0.09,0.09,614.707705,1776207034000
1776207036.022,36.022,0.5,2.8,0.48,5.0,0.59,10.0,0.65,5.0,0.41,10.0,0.35,5.0,0.5,2.8,0.52,5.0,0.09,0.09,614.709,1776207035000
1776207037.123,37.123,0.5,2.8,0.48,5.0,0.59,10.0,0.65,5.0,0.41,10.0,0.35,5.0,0.5,2.8,0.52,5.0,0.09,0.09,614.712,1776207036000
1776207038.259,38.259,0.5,2.8,0.48,5.0,0.59,10.0,0.65,5.0,0.41,10.0,0.35,5.0,0.5,2.8,0.52,5.0,0.09,0.09,614.713,1776207037000
1776207039.298,39.298,0.5,2.8,0.48,5.0,0.59,10.0,0.65,5.0,0.41,10.0,0.35,5.0,0.5,2.8,0.52,5.0,0.09,0.09,614.716,1776207038000
1776207039.867,39.867,0.5,2.8,0.48,5.0,0.59,10.0,0.65,5.0,0.41,10.0,0.35,5.0,0.5,2.8,0.52,5.0,0.09,0.09,614.716,1776207039000
1776207041.009,41.009,0.5,2.8,0.48,5.0,0.59,10.0,0.65,5.0,0.41,10.0,0.35,5.0,0.5,2.8,0.52,5.0,0.09,0.09,614.717,1776207040000
1776207042.117,42.117,0.5,2.8,0.48,5.0,0.59,10.0,0.65,5.0,0.41,10.0,0.35,5.0,0.5,2.8,0.52,5.0,0.09,0.09,614.725,1776207041000
1776207043.132,43.132,0.5,2.8,0.48,5.0,0.59,10.0,0.65,5.0,0.41,10.0,0.35,5.0,0.5,2.8,0.52,5.0,0.09,0.09,614.722,1776207042000
1776207044.261,44.261,0.5,2.8,0.48,5.0,0.59,10.0,0.65,5.0,0.41,10.0,0.35,5.0,0.5,2.8,0.52,5.0,0.09,0.09,614.775,1776207043000
1776207045.408,45.408,0.5,2.8,0.48,5.0,0.59,10.0,0.65,5.0,0.41,10.0,0.35,5.0,0.5,2.8,0.52,5.0,0.09,0.09,614.852,1776207044000
1776207045.892,45.892,0.5,2.8,0.48,5.0,0.59,10.0,0.65,5.0,0.41,10.0,0.35,5.0,0.5,2.8,0.52,5.0,0.09,0.09,614.852,1776207045000
1776207047.507,47.507,0.5,2.8,0.48,5.0,0.59,10.0,0.65,5.0,0.41,10.0,0.35,5.0,0.5,2.8,0.52,5.0,0.09,0.09,614.87,1776207046000
1776207048.145,48.145,0.5,2.8,0.48,5.0,0.59,10.0,0.65,5.0,0.41,10.0,0.35,5.0,0.5,2.8,0.52,5.0,0.09,0.09,614.882844,1776207047000
1776207048.929,48.929,0.62,26.0,0.59,5.0,0.73,5.0,0.77,5.0,0.41,10.0,0.35,5.0,0.5,2.8,0.52,5.0,0.11,0.09,614.882844,1776207047000
1776207049.312,49.312,0.62,26.0,0.59,5.0,0.73,5.0,0.77,5.0,0.27,5.0,0.23,5.0,0.38,26.0,0.41,5.0,0.11,0.11,614.963,1776207048000
1776207050.495,50.495,0.62,26.0,0.59,5.0,0.73,5.0,0.77,5.0,0.27,5.0,0.23,5.0,0.38,26.0,0.41,5.0,0.11,0.11,614.89717,1776207049000
1776207051.068,51.068,0.62,26.0,0.59,5.0,0.73,5.0,0.77,5.0,0.27,5.0,0.23,5.0,0.38,26.0,0.41,5.0,0.11,0.11,614.894339,1776207050000
1776207052.1,52.1,0.62,26.0,0.59,5.0,0.73,5.0,0.77,5.0,0.27,5.0,0.23,5.0,0.38,26.0,0.41,5.0,0.11,0.11,614.894339,1776207051000
1776207053.259,53.259,0.62,26.0,0.59,5.0,0.73,5.0,0.77,5.0,0.27,5.0,0.23,5.0,0.38,26.0,0.41,5.0,0.11,0.11,614.889409,1776207052000
1776207054.371,54.371,0.62,26.0,0.59,5.0,0.73,5.0,0.77,5.0,0.27,5.0,0.23,5.0,0.38,26.0,0.41,5.0,0.11,0.11,614.889428,1776207053000
1776207054.918,54.918,0.62,26.0,0.59,5.0,0.73,5.0,0.77,5.0,0.27,5.0,0.23,5.0,0.38,26.0,0.41,5.0,0.11,0.11,614.889438,1776207054000
1776207056.032,56.032,0.62,26.0,0.59,5.0,0.73,5.0,0.77,5.0,0.27,5.0,0.23,5.0,0.38,26.0,0.41,5.0,0.11,0.11,614.889735,1776207055000
1776207057.105,57.105,0.62,26.0,0.59,5.0,0.73,5.0,0.77,5.0,0.27,5.0,0.23,5.0,0.38,26.0,0.41,5.0,0.11,0.11,614.889735,1776207056000
1776207058.134,58.134,0.62,26.0,0.59,5.0,0.73,5.0,0.77,5.0,0.27,5.0,0.23,5.0,0.38,26.0,0.41,5.0,0.11,0.11,614.889252,1776207057000
1776207059.289,59.289,0.62,26.0,0.59,5.0,0.73,5.0,0.77,5.0,0.27,5.0,0.23,5.0,0.38,26.0,0.41,5.0,0.11,0.11,614.889468,1776207058000
1776207060.382,60.382,0.62,26.0,0.59,5.0,0.73,5.0,0.77,5.0,0.27,5.0,0.23,5.0,0.38,26.0,0.41,5.0,0.11,0.11,614.889729,1776207059000
1776207061.362,61.362,0.62,26.0,0.59,5.0,0.73,5.0,0.77,5.0,0.27,5.0,0.23,5.0,0.38,26.0,0.41,5.0,0.11,0.11,614.889265,1776207060000
1776207062.311,62.311,0.62,26.0,0.59,5.0,0.73,5.0,0.77,5.0,0.27,5.0,0.23,5.0,0.38,26.0,0.41,5.0,0.11,0.11,614.889018,1776207061000
1776207063.738,63.738,0.62,26.0,0.59,5.0,0.73,5.0,0.77,5.0,0.27,5.0,0.23,5.0,0.38,26.0,0.41,5.0,0.11,0.11,614.889016,1776207062000
1776207064.372,64.372,0.62,26.0,0.59,5.0,0.73,5.0,0.77,5.0,0.27,5.0,0.23,5.0,0.38,26.0,0.41,5.0,0.11,0.11,614.889016,1776207063000
1776207064.987,64.987,0.62,26.0,0.59,5.0,0.73,5.0,0.77,5.0,0.27,5.0,0.23,5.0,0.38,26.0,0.41,5.0,0.11,0.11,614.889016,1776207064000
1776207066.258,66.258,0.62,26.0,0.59,5.0,0.73,5.0,0.77,5.0,0.27,5.0,0.23,5.0,0.38,26.0,0.41,5.0,0.11,0.11,614.898378,1776207065000
1776207067.512,67.512,0.62,26.0,0.59,5.0,0.73,5.0,0.77,5.0,0.27,5.0,0.23,5.0,0.38,26.0,0.41,5.0,0.11,0.11,614.934,1776207066000
1776207068.453,68.453,0.62,26.0,0.59,5.0,0.73,5.0,0.77,5.0,0.27,5.0,0.23,5.0,0.38,26.0,0.41,5.0,0.11,0.11,614.934,1776207067000
1776207069.208,69.208,0.62,26.0,0.59,5.0,0.73,5.0,0.77,5.0,0.27,5.0,0.23,5.0,0.38,26.0,0.41,5.0,0.11,0.11,614.934,1776207068000
1776207070.44,70.44,0.62,26.0,0.59,5.0,0.73,5.0,0.77,5.0,0.27,5.0,0.23,5.0,0.38,26.0,0.41,5.0,0.11,0.11,614.942,1776207069000
1776207070.997,70.997,0.62,26.0,0.59,5.0,0.73,5.0,0.77,5.0,0.27,5.0,0.23,5.0,0.38,26.0,0.41,5.0,0.11,0.11,614.942,1776207070000
1776207072.486,72.486,0.62,26.0,0.59,5.0,0.73,5.0,0.77,5.0,0.27,5.0,0.23,5.0,0.38,26.0,0.41,5.0,0.11,0.11,614.944,1776207071000
1776207073.137,73.137,0.62,26.0,0.59,5.0,0.73,5.0,0.77,5.0,0.27,5.0,0.23,5.0,0.38,26.0,0.41,5.0,0.11,0.11,614.941,1776207072000
1776207074.316,74.316,0.62,26.0,0.59,5.0,0.73,5.0,0.77,5.0,0.27,5.0,0.23,5.0,0.38,26.0,0.41,5.0,0.11,0.11,614.943,1776207073000
1776207075.223,75.223,0.62,26.0,0.59,5.0,0.73,5.0,0.77,5.0,0.27,5.0,0.23,5.0,0.38,26.0,0.41,5.0,0.11,0.11,614.943117,1776207074000
1776207075.564,75.564,0.75,13.9,0.74,13.5,0.79,5.0,0.81,5.0,0.23,5.0,0.19,5.0,0.25,13.9,0.26,13.5,0.04,0.02,614.943117,1776207074000
1776207076.43,76.43,0.75,13.9,0.74,13.5,0.79,5.0,0.81,5.0,0.21,5.0,0.19,5.0,0.25,13.9,0.26,13.5,0.04,0.04,614.945607,1776207075000
1776207077.064,77.064,0.75,13.9,0.74,13.5,0.79,5.0,0.81,5.0,0.21,5.0,0.19,5.0,0.25,13.9,0.26,13.5,0.04,0.04,614.945607,1776207076000
1776207078.626,78.626,0.75,13.9,0.74,13.5,0.79,5.0,0.81,5.0,0.21,5.0,0.19,5.0,0.25,13.9,0.26,13.5,0.04,0.04,614.945701,1776207077000
1776207079.104,79.104,0.75,13.9,0.74,13.5,0.79,5.0,0.81,5.0,0.21,5.0,0.19,5.0,0.25,13.9,0.26,13.5,0.04,0.04,614.945701,1776207078000
1776207080.179,80.179,0.75,13.9,0.74,13.5,0.79,5.0,0.81,5.0,0.21,5.0,0.19,5.0,0.25,13.9,0.26,13.5,0.04,0.04,614.943623,1776207079000
1776207081.273,81.273,0.75,13.9,0.74,13.5,0.79,5.0,0.81,5.0,0.21,5.0,0.19,5.0,0.25,13.9,0.26,13.5,0.04,0.04,614.944166,1776207080000
1776207082.288,82.288,0.75,13.9,0.74,13.5,0.79,5.0,0.81,5.0,0.21,5.0,0.19,5.0,0.25,13.9,0.26,13.5,0.04,0.04,614.94348,1776207081000
1776207083.365,83.365,0.75,13.9,0.74,13.5,0.79,5.0,0.81,5.0,0.21,5.0,0.19,5.0,0.25,13.9,0.26,13.5,0.04,0.04,614.943432,1776207082000
1776207083.9,83.9,0.75,13.9,0.74,13.5,0.79,5.0,0.81,5.0,0.21,5.0,0.19,5.0,0.25,13.9,0.26,13.5,0.04,0.04,614.941473,1776207083000
1776207084.903,84.903,0.75,13.9,0.74,13.5,0.79,5.0,0.81,5.0,0.21,5.0,0.19,5.0,0.25,13.9,0.26,13.5,0.04,0.04,614.941647,1776207084000
1776207085.993,85.993,0.75,13.9,0.74,13.5,0.79,5.0,0.81,5.0,0.21,5.0,0.19,5.0,0.25,13.9,0.26,13.5,0.04,0.04,614.938337,1776207085000
1776207087.015,87.015,0.75,13.9,0.74,13.5,0.79,5.0,0.81,5.0,0.21,5.0,0.19,5.0,0.25,13.9,0.26,13.5,0.04,0.04,614.938473,1776207086000
1776207088.087,88.087,0.75,13.9,0.74,13.5,0.79,5.0,0.81,5.0,0.21,5.0,0.19,5.0,0.25,13.9,0.26,13.5,0.04,0.04,614.938069,1776207087000
1776207089.16,89.16,0.75,13.9,0.74,13.5,0.79,5.0,0.81,5.0,0.21,5.0,0.19,5.0,0.25,13.9,0.26,13.5,0.04,0.04,614.938069,1776207088000
1776207090.238,90.238,0.75,13.9,0.74,13.5,0.79,5.0,0.81,5.0,0.21,5.0,0.19,5.0,0.25,13.9,0.26,13.5,0.04,0.04,614.935,1776207089000
1776207091.283,91.283,0.75,13.9,0.74,13.5,0.79,5.0,0.81,5.0,0.21,5.0,0.19,5.0,0.25,13.9,0.26,13.5,0.04,0.04,614.917846,1776207090000
1776207092.204,92.204,0.75,13.9,0.74,13.5,0.79,5.0,0.81,5.0,0.21,5.0,0.19,5.0,0.25,13.9,0.26,13.5,0.04,0.04,614.92,1776207091000
1776207092.531,92.531,0.65,11.4,0.64,11.3,0.77,5.0,0.78,20.2,0.21,5.0,0.19,5.0,0.25,13.9,0.26,13.5,0.12,0.04,614.92,1776207091000
1776207093.265,93.265,0.65,11.4,0.64,11.3,0.77,5.0,0.78,20.2,0.23,5.0,0.22,20.2,0.35,11.4,0.36,11.3,0.12,0.12,614.902,1776207092000
1776207094.559,94.559,0.65,11.4,0.64,11.3,0.77,5.0,0.78,20.2,0.23,5.0,0.22,20.2,0.35,11.4,0.36,11.3,0.12,0.12,614.907,1776207093000
1776207095.018,95.018,0.65,11.4,0.64,11.3,0.77,5.0,0.78,20.2,0.23,5.0,0.22,20.2,0.35,11.4,0.36,11.3,0.12,0.12,614.907,1776207094000
1776207096.076,96.076,0.65,11.4,0.64,11.3,0.77,5.0,0.78,20.2,0.23,5.0,0.22,20.2,0.35,11.4,0.36,11.3,0.12,0.12,614.905,1776207095000
1776207097.383,97.383,0.65,11.4,0.64,11.3,0.77,5.0,0.78,20.2,0.23,5.0,0.22,20.2,0.35,11.4,0.36,11.3,0.12,0.12,614.905,1776207096000
1776207097.983,97.983,0.65,11.4,0.64,11.3,0.77,5.0,0.78,20.2,0.23,5.0,0.22,20.2,0.35,11.4,0.36,11.3,0.12,0.12,614.904,1776207097000
1776207099.123,99.123,0.65,11.4,0.64,11.3,0.77,5.0,0.78,20.2,0.23,5.0,0.22,20.2,0.35,11.4,0.36,11.3,0.12,0.12,614.903,1776207098000
1776207100.362,100.362,0.65,11.4,0.64,11.3,0.77,5.0,0.78,20.2,0.23,5.0,0.22,20.2,0.35,11.4,0.36,11.3,0.12,0.12,614.91,1776207099000
1776207100.889,100.889,0.65,11.4,0.64,11.3,0.77,5.0,0.78,20.2,0.23,5.0,0.22,20.2,0.35,11.4,0.36,11.3,0.12,0.12,614.91,1776207100000
1776207102.042,102.042,0.65,11.4,0.64,11.3,0.77,5.0,0.78,20.2,0.23,5.0,0.22,20.2,0.35,11.4,0.36,11.3,0.12,0.12,614.91,1776207101000
1776207103.276,103.276,0.65,11.4,0.64,11.3,0.77,5.0,0.78,20.2,0.23,5.0,0.22,20.2,0.35,11.4,0.36,11.3,0.12,0.12,614.909,1776207102000
1776207104.48,104.48,0.65,11.4,0.64,11.3,0.77,5.0,0.78,20.2,0.23,5.0,0.22,20.2,0.35,11.4,0.36,11.3,0.12,0.12,614.931,1776207103000
1776207105.043,105.043,0.65,11.4,0.64,11.3,0.77,5.0,0.78,20.2,0.23,5.0,0.22,20.2,0.35,11.4,0.36,11.3,0.12,0.12,614.931,1776207104000
1776207106.2,106.2,0.65,11.4,0.64,11.3,0.77,5.0,0.78,20.2,0.23,5.0,0.22,20.2,0.35,11.4,0.36,11.3,0.12,0.12,614.925,1776207105000
1776207107.357,107.357,0.65,11.4,0.64,11.3,0.77,5.0,0.78,20.2,0.23,5.0,0.22,20.2,0.35,11.4,0.36,11.3,0.12,0.12,614.948,1776207106000
1776207107.859,107.859,0.65,11.4,0.64,11.3,0.77,5.0,0.78,20.2,0.23,5.0,0.22,20.2,0.35,11.4,0.36,11.3,0.12,0.12,614.948,1776207107000
1776207108.899,108.899,0.65,11.4,0.64,11.3,0.77,5.0,0.78,20.2,0.23,5.0,0.22,20.2,0.35,11.4,0.36,11.3,0.12,0.12,614.948,1776207108000
1776207110.006,110.006,0.65,11.4,0.64,11.3,0.77,5.0,0.78,20.2,0.23,5.0,0.22,20.2,0.35,11.4,0.36,11.3,0.12,0.12,615.001915,1776207109000
1776207110.245,110.245,0.77,14.7,0.76,14.3,0.83,5.0,0.84,5.0,0.23,5.0,0.22,20.2,0.35,11.4,0.36,11.3,0.06,0.12,615.001915,1776207109000
1776207110.996,110.996,0.77,14.7,0.76,14.3,0.83,5.0,0.84,5.0,0.17,5.0,0.16,5.0,0.23,14.7,0.24,14.3,0.06,0.06,614.967632,1776207110000
1776207111.981,111.981,0.77,14.7,0.76,14.3,0.83,5.0,0.84,5.0,0.17,5.0,0.16,5.0,0.23,14.7,0.24,14.3,0.06,0.06,614.953,1776207111000
1776207112.897,112.897,0.77,14.7,0.76,14.3,0.83,5.0,0.84,5.0,0.17,5.0,0.16,5.0,0.23,14.7,0.24,14.3,0.06,0.06,614.964,1776207112000
1776207113.454,113.454,0.81,16.89,0.8,16.3,0.84,3.57,0.85,5.0,0.17,5.0,0.16,5.0,0.23,14.7,0.24,14.3,0.03,0.06,614.964,1776207112000
1776207113.969,113.969,0.81,16.89,0.8,16.3,0.84,3.57,0.85,5.0,0.16,3.57,0.15,5.0,0.19,16.89,0.2,16.3,0.03,0.03,614.993375,1776207113000
1776207114.944,114.944,0.81,16.89,0.8,16.3,0.84,3.57,0.85,5.0,0.16,3.57,0.15,5.0,0.19,16.89,0.2,16.3,0.03,0.03,615.036,1776207114000
1776207116.119,116.119,0.81,16.89,0.8,16.3,0.84,3.57,0.85,5.0,0.16,3.57,0.15,5.0,0.19,16.89,0.2,16.3,0.03,0.03,615.042,1776207115000
1776207117.188,117.188,0.81,16.89,0.8,16.3,0.84,3.57,0.85,5.0,0.16,3.57,0.15,5.0,0.19,16.89,0.2,16.3,0.03,0.03,615.036,1776207116000
1776207118.091,118.091,0.81,16.89,0.8,16.3,0.84,3.57,0.85,5.0,0.16,3.57,0.15,5.0,0.19,16.89,0.2,16.3,0.03,0.03,615.072,1776207117000
1776207119.272,119.272,0.81,16.89,0.8,16.3,0.84,3.57,0.85,5.0,0.16,3.57,0.15,5.0,0.19,16.89,0.2,16.3,0.03,0.03,615.058,1776207118000
1776207121.313,121.313,0.81,16.89,0.8,16.3,0.84,3.57,0.85,5.0,0.16,3.57,0.15,5.0,0.19,16.89,0.2,16.3,0.03,0.03,615.051,1776207119000
1776207121.933,121.933,0.81,16.89,0.8,16.3,0.84,3.57,0.85,5.0,0.16,3.57,0.15,5.0,0.19,16.89,0.2,16.3,0.03,0.03,615.054814,1776207120000
1776207122.685,122.685,0.81,16.89,0.8,16.3,0.84,3.57,0.85,5.0,0.16,3.57,0.15,5.0,0.19,16.89,0.2,16.3,0.03,0.03,615.094097,1776207121000
1776207123.591,123.591,0.81,16.89,0.8,16.3,0.84,3.57,0.85,5.0,0.16,3.57,0.15,5.0,0.19,16.89,0.2,16.3,0.03,0.03,615.094097,1776207122000
1776207124.28,124.28,0.81,16.89,0.8,16.3,0.84,3.57,0.85,5.0,0.16,3.57,0.15,5.0,0.19,16.89,0.2,16.3,0.03,0.03,615.084538,1776207123000
1776207125.648,125.648,0.81,16.89,0.8,16.3,0.84,3.57,0.85,5.0,0.16,3.57,0.15,5.0,0.19,16.89,0.2,16.3,0.03,0.03,615.080358,1776207124000
1776207126.309,126.309,0.81,16.89,0.8,16.3,0.84,3.57,0.85,5.0,0.16,3.57,0.15,5.0,0.19,16.89,0.2,16.3,0.03,0.03,615.055598,1776207125000
1776207127.634,127.634,0.81,16.89,0.8,16.3,0.84,3.57,0.85,5.0,0.16,3.57,0.15,5.0,0.19,16.89,0.2,16.3,0.03,0.03,615.055506,1776207126000
1776207128.291,128.291,0.81,16.89,0.8,16.3,0.84,3.57,0.85,5.0,0.16,3.57,0.15,5.0,0.19,16.89,0.2,16.3,0.03,0.03,615.055506,1776207127000
1776207129.578,129.578,0.81,16.89,0.8,16.3,0.84,3.57,0.85,5.0,0.16,3.57,0.15,5.0,0.19,16.89,0.2,16.3,0.03,0.03,615.054981,1776207128000
1776207130.339,130.339,0.81,16.89,0.8,16.3,0.84,3.57,0.85,5.0,0.16,3.57,0.15,5.0,0.19,16.89,0.2,16.3,0.03,0.03,615.054981,1776207129000
1776207131.685,131.685,0.81,16.89,0.8,16.3,0.84,3.57,0.85,5.0,0.16,3.57,0.15,5.0,0.19,16.89,0.2,16.3,0.03,0.03,615.030599,1776207130000
1776207132.312,132.312,0.81,16.89,0.8,16.3,0.84,3.57,0.85,5.0,0.16,3.57,0.15,5.0,0.19,16.89,0.2,16.3,0.03,0.03,615.004323,1776207131000
1776207132.976,132.976,0.81,16.89,0.8,16.3,0.84,3.57,0.85,5.0,0.16,3.57,0.15,5.0,0.19,16.89,0.2,16.3,0.03,0.03,615.004306,1776207132000
1776207134.37,134.37,0.81,16.89,0.8,16.3,0.84,3.57,0.85,5.0,0.16,3.57,0.15,5.0,0.19,16.89,0.2,16.3,0.03,0.03,614.98783,1776207133000
1776207135.286,135.286,0.81,16.89,0.8,16.3,0.84,3.57,0.85,5.0,0.16,3.57,0.15,5.0,0.19,16.89,0.2,16.3,0.03,0.03,614.95,1776207134000
1776207136.703,136.703,0.81,16.89,0.8,16.3,0.84,3.57,0.85,5.0,0.16,3.57,0.15,5.0,0.19,16.89,0.2,16.3,0.03,0.03,614.935,1776207135000
1776207137.352,137.352,0.81,16.89,0.8,16.3,0.84,3.57,0.85,5.0,0.16,3.57,0.15,5.0,0.19,16.89,0.2,16.3,0.03,0.03,614.929301,1776207136000
1776207138.303,138.303,0.81,16.89,0.8,16.3,0.84,3.57,0.85,5.0,0.16,3.57,0.15,5.0,0.19,16.89,0.2,16.3,0.03,0.03,614.929301,1776207137000
1776207139.389,139.389,0.81,16.89,0.8,16.3,0.84,3.57,0.85,5.0,0.16,3.57,0.15,5.0,0.19,16.89,0.2,16.3,0.03,0.03,614.929301,1776207138000
1776207139.949,139.949,0.81,16.89,0.8,16.3,0.84,3.57,0.85,5.0,0.16,3.57,0.15,5.0,0.19,16.89,0.2,16.3,0.03,0.03,614.929298,1776207139000
1776207141.047,141.047,0.81,16.89,0.8,16.3,0.84,3.57,0.85,5.0,0.16,3.57,0.15,5.0,0.19,16.89,0.2,16.3,0.03,0.03,614.932,1776207140000
1776207142.254,142.254,0.81,16.89,0.8,16.3,0.84,3.57,0.85,5.0,0.16,3.57,0.15,5.0,0.19,16.89,0.2,16.3,0.03,0.03,614.934,1776207141000
1776207143.339,143.339,0.81,16.89,0.8,16.3,0.84,3.57,0.85,5.0,0.16,3.57,0.15,5.0,0.19,16.89,0.2,16.3,0.03,0.03,614.93,1776207142000
1776207144.072,144.072,0.81,16.89,0.8,16.3,0.84,3.57,0.85,5.0,0.16,3.57,0.15,5.0,0.19,16.89,0.2,16.3,0.03,0.03,614.93,1776207143000
1776207145.027,145.027,0.81,16.89,0.8,16.3,0.84,3.57,0.85,5.0,0.16,3.57,0.15,5.0,0.19,16.89,0.2,16.3,0.03,0.03,614.929652,1776207144000
1776207146.253,146.253,0.81,16.89,0.8,16.3,0.84,3.57,0.85,5.0,0.16,3.57,0.15,5.0,0.19,16.89,0.2,16.3,0.03,0.03,614.946,1776207145000
1776207147.306,147.306,0.81,16.89,0.8,16.3,0.84,3.57,0.85,5.0,0.16,3.57,0.15,5.0,0.19,16.89,0.2,16.3,0.03,0.03,614.959,1776207146000
1776207147.756,147.756,0.81,16.89,0.8,16.3,0.84,3.57,0.85,5.0,0.16,3.57,0.15,5.0,0.19,16.89,0.2,16.3,0.03,0.03,614.959,1776207147000
1776207148.835,148.835,0.81,16.89,0.8,16.3,0.84,3.57,0.85,5.0,0.16,3.57,0.15,5.0,0.19,16.89,0.2,16.3,0.03,0.03,614.96,1776207148000
1776207149.835,149.835,0.81,16.89,0.8,16.3,0.84,3.57,0.85,5.0,0.16,3.57,0.15,5.0,0.19,16.89,0.2,16.3,0.03,0.03,614.977,1776207149000
1776207151.338,151.338,0.81,16.89,0.8,16.3,0.84,3.57,0.85,5.0,0.16,3.57,0.15,5.0,0.19,16.89,0.2,16.3,0.03,0.03,614.98,1776207150000
1776207152.305,152.305,0.81,16.89,0.8,16.3,0.84,3.57,0.85,5.0,0.16,3.57,0.15,5.0,0.19,16.89,0.2,16.3,0.03,0.03,614.989,1776207151000
1776207153.179,153.179,0.81,16.89,0.8,16.3,0.84,3.57,0.85,5.0,0.16,3.57,0.15,5.0,0.19,16.89,0.2,16.3,0.03,0.03,614.989,1776207152000
1776207154.22,154.22,0.81,16.89,0.8,16.3,0.84,3.57,0.85,5.0,0.16,3.57,0.15,5.0,0.19,16.89,0.2,16.3,0.03,0.03,614.992,1776207153000
1776207155.208,155.208,0.81,16.89,0.8,16.3,0.84,3.57,0.85,5.0,0.16,3.57,0.15,5.0,0.19,16.89,0.2,16.3,0.03,0.03,614.99,1776207154000
1776207156.174,156.174,0.81,16.89,0.8,16.3,0.84,3.57,0.85,5.0,0.16,3.57,0.15,5.0,0.19,16.89,0.2,16.3,0.03,0.03,614.993,1776207155000
1776207157.153,157.153,0.81,16.89,0.8,16.3,0.84,3.57,0.85,5.0,0.16,3.57,0.15,5.0,0.19,16.89,0.2,16.3,0.03,0.03,614.97,1776207156000
1776207158.177,158.177,0.81,16.89,0.8,16.3,0.84,3.57,0.85,5.0,0.16,3.57,0.15,5.0,0.19,16.89,0.2,16.3,0.03,0.03,614.972,1776207157000
1776207159.099,159.099,0.81,16.89,0.8,16.3,0.84,3.57,0.85,5.0,0.16,3.57,0.15,5.0,0.19,16.89,0.2,16.3,0.03,0.03,614.972,1776207158000
1776207160.071,160.071,0.81,16.89,0.8,16.3,0.84,3.57,0.85,5.0,0.16,3.57,0.15,5.0,0.19,16.89,0.2,16.3,0.03,0.03,614.978,1776207159000
1776207161.146,161.146,0.81,16.89,0.8,16.3,0.84,3.57,0.85,5.0,0.16,3.57,0.15,5.0,0.19,16.89,0.2,16.3,0.03,0.03,614.972,1776207160000
1776207161.983,161.983,0.81,16.89,0.8,16.3,0.84,3.57,0.85,5.0,0.16,3.57,0.15,5.0,0.19,16.89,0.2,16.3,0.03,0.03,614.971,1776207161000
1776207162.854,162.854,0.81,16.89,0.8,16.3,0.9,6.68,0.91,81.7,0.16,3.57,0.15,5.0,0.19,16.89,0.2,16.3,0.09,0.03,614.971,1776207161000
1776207163.072,163.072,0.81,16.89,0.8,16.3,0.9,6.68,0.91,81.7,0.1,6.68,0.09,81.7,0.19,16.89,0.2,16.3,0.09,0.09,614.97,1776207162000
1776207163.987,163.987,0.81,16.89,0.8,16.3,0.9,6.68,0.91,81.7,0.1,6.68,0.09,81.7,0.19,16.89,0.2,16.3,0.09,0.09,614.973,1776207163000
1776207164.914,164.914,0.81,16.89,0.8,16.3,0.9,6.68,0.91,81.7,0.1,6.68,0.09,81.7,0.19,16.89,0.2,16.3,0.09,0.09,614.972,1776207164000
1776207166.504,166.504,0.81,16.89,0.8,16.3,0.9,6.68,0.91,81.7,0.1,6.68,0.09,81.7,0.19,16.89,0.2,16.3,0.09,0.09,614.972,1776207165000
1776207167.033,167.033,0.81,16.89,0.8,16.3,0.9,6.68,0.91,81.7,0.1,6.68,0.09,81.7,0.19,16.89,0.2,16.3,0.09,0.09,614.972,1776207166000
1776207168.019,168.019,0.81,16.89,0.8,16.3,0.9,6.68,0.91,81.7,0.1,6.68,0.09,81.7,0.19,16.89,0.2,16.3,0.09,0.09,614.968,1776207167000
1776207169.056,169.056,0.81,16.89,0.8,16.3,0.9,6.68,0.91,81.7,0.1,6.68,0.09,81.7,0.19,16.89,0.2,16.3,0.09,0.09,614.97,1776207168000
1776207170.124,170.124,0.81,16.89,0.8,16.3,0.9,6.68,0.91,81.7,0.1,6.68,0.09,81.7,0.19,16.89,0.2,16.3,0.09,0.09,614.97,1776207169000
1776207170.325,170.325,0.82,17.6,0.81,16.89,0.9,5.46,0.91,81.7,0.1,6.68,0.09,81.7,0.19,16.89,0.2,16.3,0.08,0.09,614.97,1776207169000
1776207171.215,171.215,0.82,17.6,0.81,16.89,0.9,5.46,0.91,81.7,0.1,5.46,0.09,81.7,0.18,17.6,0.19,16.89,0.08,0.08,614.971,1776207170000
1776207172.346,172.346,0.82,17.6,0.81,16.89,0.9,5.46,0.91,81.7,0.1,5.46,0.09,81.7,0.18,17.6,0.19,16.89,0.08,0.08,614.971,1776207171000
1776207173.28,173.28,0.82,17.6,0.81,16.89,0.9,5.46,0.91,81.7,0.1,5.46,0.09,81.7,0.18,17.6,0.19,16.89,0.08,0.08,614.967,1776207172000
1776207174.301,174.301,0.82,17.6,0.81,16.89,0.9,5.46,0.91,81.7,0.1,5.46,0.09,81.7,0.18,17.6,0.19,16.89,0.08,0.08,614.964,1776207173000
1776207174.83,174.83,0.82,17.6,0.81,16.89,0.9,5.46,0.91,81.7,0.1,5.46,0.09,81.7,0.18,17.6,0.19,16.89,0.08,0.08,614.964,1776207174000
1776207176.4,176.4,0.82,17.6,0.81,16.89,0.9,5.46,0.91,81.7,0.1,5.46,0.09,81.7,0.18,17.6,0.19,16.89,0.08,0.08,614.955,1776207175000
1776207176.82,176.82,0.82,17.6,0.81,16.89,0.9,5.46,0.91,81.7,0.1,5.46,0.09,81.7,0.18,17.6,0.19,16.89,0.08,0.08,614.955,1776207176000
1776207177.828,177.828,0.82,17.6,0.81,16.89,0.9,5.46,0.91,81.7,0.1,5.46,0.09,81.7,0.18,17.6,0.19,16.89,0.08,0.08,614.952,1776207177000
1776207179.488,179.488,0.82,17.6,0.81,16.89,0.9,5.46,0.91,81.7,0.1,5.46,0.09,81.7,0.18,17.6,0.19,16.89,0.08,0.08,614.95,1776207178000
1776207180.109,180.109,0.82,17.6,0.81,16.89,0.9,5.46,0.91,81.7,0.1,5.46,0.09,81.7,0.18,17.6,0.19,16.89,0.08,0.08,614.95,1776207179000
1776207181.213,181.213,0.82,17.6,0.81,16.89,0.9,5.46,0.91,81.7,0.1,5.46,0.09,81.7,0.18,17.6,0.19,16.89,0.08,0.08,614.963,1776207180000
1776207183.873,183.873,0.82,17.6,0.81,16.89,0.9,5.46,0.91,81.7,0.1,5.46,0.09,81.7,0.18,17.6,0.19,16.89,0.08,0.08,614.976,1776207182000
1776207184.922,184.922,0.82,17.6,0.81,16.89,0.9,5.46,0.91,81.7,0.1,5.46,0.09,81.7,0.18,17.6,0.19,16.89,0.08,0.08,614.973,1776207183000
1776207185.694,185.694,0.82,17.6,0.81,16.89,0.9,5.46,0.91,81.7,0.1,5.46,0.09,81.7,0.18,17.6,0.19,16.89,0.08,0.08,614.973,1776207184000
1776207186.376,186.376,0.82,17.6,0.81,16.89,0.9,5.46,0.91,81.7,0.1,5.46,0.09,81.7,0.18,17.6,0.19,16.89,0.08,0.08,614.976,1776207185000
1776207187.219,187.219,0.82,17.6,0.81,16.89,0.9,5.46,0.91,81.7,0.1,5.46,0.09,81.7,0.18,17.6,0.19,16.89,0.08,0.08,614.976,1776207186000
1776207188.505,188.505,0.82,17.6,0.81,16.89,0.9,5.46,0.91,81.7,0.1,5.46,0.09,81.7,0.18,17.6,0.19,16.89,0.08,0.08,614.976,1776207187000
1776207189.186,189.186,0.82,17.6,0.81,16.89,0.9,5.46,0.91,81.7,0.1,5.46,0.09,81.7,0.18,17.6,0.19,16.89,0.08,0.08,614.977,1776207188000
1776207190.598,190.598,0.82,17.6,0.81,16.89,0.9,5.46,0.91,81.7,0.1,5.46,0.09,81.7,0.18,17.6,0.19,16.89,0.08,0.08,614.967,1776207189000
1776207191.304,191.304,0.82,17.6,0.81,16.89,0.9,5.46,0.91,81.7,0.1,5.46,0.09,81.7,0.18,17.6,0.19,16.89,0.08,0.08,614.967,1776207190000
1776207192.022,192.022,0.82,17.6,0.81,16.89,0.9,5.46,0.91,81.7,0.1,5.46,0.09,81.7,0.18,17.6,0.19,16.89,0.08,0.08,614.966,1776207191000
1776207193.538,193.538,0.82,17.6,0.81,16.89,0.9,5.46,0.91,81.7,0.1,5.46,0.09,81.7,0.18,17.6,0.19,16.89,0.08,0.08,614.949,1776207192000
1776207194.2,194.2,0.82,17.6,0.81,16.89,0.9,5.46,0.91,81.7,0.1,5.46,0.09,81.7,0.18,17.6,0.19,16.89,0.08,0.08,614.95,1776207193000
1776207195.545,195.545,0.82,17.6,0.81,16.89,0.9,5.46,0.91,81.7,0.1,5.46,0.09,81.7,0.18,17.6,0.19,16.89,0.08,0.08,614.949,1776207194000
1776207196.125,196.125,0.82,17.6,0.81,16.89,0.9,5.46,0.91,81.7,0.1,5.46,0.09,81.7,0.18,17.6,0.19,16.89,0.08,0.08,614.949,1776207195000
1776207197.734,197.734,0.82,17.6,0.81,16.89,0.9,5.46,0.91,81.7,0.1,5.46,0.09,81.7,0.18,17.6,0.19,16.89,0.08,0.08,614.94,1776207196000
1776207198.48,198.48,0.82,17.6,0.81,16.89,0.9,5.46,0.91,81.7,0.1,5.46,0.09,81.7,0.18,17.6,0.19,16.89,0.08,0.08,614.946,1776207197000
1776207199.197,199.197,0.82,17.6,0.81,16.89,0.9,5.46,0.91,81.7,0.1,5.46,0.09,81.7,0.18,17.6,0.19,16.89,0.08,0.08,614.947,1776207198000
1776207200.626,200.626,0.82,17.6,0.81,16.89,0.9,5.46,0.91,81.7,0.1,5.46,0.09,81.7,0.18,17.6,0.19,16.89,0.08,0.08,614.959,1776207199000
1776207201.322,201.322,0.82,17.6,0.81,16.89,0.9,5.46,0.91,81.7,0.1,5.46,0.09,81.7,0.18,17.6,0.19,16.89,0.08,0.08,614.967,1776207200000
1776207203.078,203.078,0.82,17.6,0.81,16.89,0.9,5.46,0.91,81.7,0.1,5.46,0.09,81.7,0.18,17.6,0.19,16.89,0.08,0.08,614.964,1776207202000
1776207204.155,204.155,0.82,17.6,0.81,16.89,0.9,5.46,0.91,81.7,0.1,5.46,0.09,81.7,0.18,17.6,0.19,16.89,0.08,0.08,615.054,1776207203000
1776207204.75,204.75,0.92,35.29,0.91,31.7,0.96,2.91,0.98,142.69,0.1,5.46,0.09,81.7,0.18,17.6,0.19,16.89,0.04,0.08,615.054,1776207203000
1776207205.059,205.059,0.92,35.29,0.91,31.7,0.96,2.91,0.98,142.69,0.04,2.91,0.02,142.69,0.08,35.29,0.09,31.7,0.04,0.04,615.03,1776207204000
1776207205.731,205.731,0.93,39.9,0.92,35.29,0.98,142.69,0.99,5637.6,0.04,2.91,0.02,142.69,0.08,35.29,0.09,31.7,0.05,0.04,615.03,1776207204000
1776207206.179,206.179,0.93,39.9,0.92,35.29,0.98,142.69,0.99,5637.6,0.02,142.69,0.01,5637.6,0.07,39.9,0.08,35.29,0.05,0.05,615.035,1776207205000
1776207207.291,207.291,0.93,39.9,0.92,35.29,0.98,142.69,0.99,5637.6,0.02,142.69,0.01,5637.6,0.07,39.9,0.08,35.29,0.05,0.05,615.047,1776207206000
1776207208.394,208.394,0.93,39.9,0.92,35.29,0.98,142.69,0.99,5637.6,0.02,142.69,0.01,5637.6,0.07,39.9,0.08,35.29,0.05,0.05,615.048,1776207207000
1776207208.965,208.965,0.93,39.9,0.92,35.29,0.98,142.69,0.99,5637.6,0.02,142.69,0.01,5637.6,0.07,39.9,0.08,35.29,0.05,0.05,615.048,1776207208000
1776207210.032,210.032,0.93,39.9,0.92,35.29,0.98,142.69,0.99,5637.6,0.02,142.69,0.01,5637.6,0.07,39.9,0.08,35.29,0.05,0.05,615.047,1776207209000
1776207211.123,211.123,0.93,39.9,0.92,35.29,0.98,142.69,0.99,5637.6,0.02,142.69,0.01,5637.6,0.07,39.9,0.08,35.29,0.05,0.05,615.046,1776207210000
1776207212.273,212.273,0.93,39.9,0.92,35.29,0.98,142.69,0.99,5637.6,0.02,142.69,0.01,5637.6,0.07,39.9,0.08,35.29,0.05,0.05,615.049,1776207211000
1776207213.354,213.354,0.93,39.9,0.92,35.29,0.98,142.69,0.99,5637.6,0.02,142.69,0.01,5637.6,0.07,39.9,0.08,35.29,0.05,0.05,615.052,1776207212000
1776207214.018,214.018,0.93,39.9,0.92,35.29,0.98,142.69,0.99,5637.6,0.02,142.69,0.01,5637.6,0.07,39.9,0.08,35.29,0.05,0.05,615.052,1776207213000
1776207215.006,215.006,0.93,39.9,0.92,35.29,0.98,142.69,0.99,5637.6,0.02,142.69,0.01,5637.6,0.07,39.9,0.08,35.29,0.05,0.05,615.052,1776207214000
1776207216.063,216.063,0.93,39.9,0.92,35.29,0.98,142.69,0.99,5637.6,0.02,142.69,0.01,5637.6,0.07,39.9,0.08,35.29,0.05,0.05,615.072,1776207215000
1776207217.243,217.243,0.93,39.9,0.92,35.29,0.98,142.69,0.99,5637.6,0.02,142.69,0.01,5637.6,0.07,39.9,0.08,35.29,0.05,0.05,615.082,1776207216000
1776207218.678,218.678,0.93,39.9,0.92,35.29,0.98,142.69,0.99,5637.6,0.02,142.69,0.01,5637.6,0.07,39.9,0.08,35.29,0.05,0.05,615.08,1776207217000
1776207219.347,219.347,0.93,39.9,0.92,35.29,0.98,142.69,0.99,5637.6,0.02,142.69,0.01,5637.6,0.07,39.9,0.08,35.29,0.05,0.05,615.081,1776207218000
1776207220.252,220.252,0.93,39.9,0.92,35.29,0.98,142.69,0.99,5637.6,0.02,142.69,0.01,5637.6,0.07,39.9,0.08,35.29,0.05,0.05,615.081,1776207219000
1776207221.602,221.602,0.93,39.9,0.92,35.29,0.98,142.69,0.99,5637.6,0.02,142.69,0.01,5637.6,0.07,39.9,0.08,35.29,0.05,0.05,615.08,1776207220000
1776207222.459,222.459,0.93,39.9,0.92,35.29,0.98,142.69,0.99,5637.6,0.02,142.69,0.01,5637.6,0.07,39.9,0.08,35.29,0.05,0.05,615.08,1776207221000
1776207222.989,222.989,0.93,39.9,0.92,35.29,0.98,142.69,0.99,5637.6,0.02,142.69,0.01,5637.6,0.07,39.9,0.08,35.29,0.05,0.05,615.073,1776207222000
1776207224.252,224.252,0.93,39.9,0.92,35.29,0.98,142.69,0.99,5637.6,0.02,142.69,0.01,5637.6,0.07,39.9,0.08,35.29,0.05,0.05,615.071,1776207223000
1776207225.527,225.527,0.93,39.9,0.92,35.29,0.98,142.69,0.99,5637.6,0.02,142.69,0.01,5637.6,0.07,39.9,0.08,35.29,0.05,0.05,615.101,1776207224000
1776207226.143,226.143,0.96,72.7,0.95,59.7,0.98,132.48,0.99,5537.6,0.02,142.69,0.01,5637.6,0.07,39.9,0.08,35.29,0.02,0.05,615.101,1776207224000
1776207227.584,227.584,0.96,72.7,0.95,59.7,0.98,132.48,0.99,5537.6,0.02,132.48,0.01,5537.6,0.04,72.7,0.05,59.7,0.02,0.02,615.044,1776207226000
1776207228.363,228.363,0.96,72.7,0.95,59.7,0.98,132.48,0.99,5537.6,0.02,132.48,0.01,5537.6,0.04,72.7,0.05,59.7,0.02,0.02,615.054,1776207227000
1776207229.111,229.111,0.96,72.7,0.95,59.7,0.98,132.48,0.99,5537.6,0.02,132.48,0.01,5537.6,0.04,72.7,0.05,59.7,0.02,0.02,615.054,1776207228000
1776207229.558,229.558,0.97,94.3,0.96,72.7,0.99,636.58,,,0.02,132.48,0.01,5537.6,0.04,72.7,0.05,59.7,0.02,0.02,615.054,1776207228000
1776207230.368,230.368,0.97,94.3,0.96,72.7,0.99,636.58,,,0.01,636.58,,,0.03,94.3,0.04,72.7,0.02,0.02,615.063,1776207229000
1776207231.09,231.09,0.97,94.3,0.96,72.7,0.99,636.58,,,0.01,636.58,,,0.03,94.3,0.04,72.7,0.02,0.02,615.083671,1776207230000
1776207232.427,232.427,0.97,94.3,0.96,72.7,0.99,636.58,,,0.01,636.58,,,0.03,94.3,0.04,72.7,0.02,0.02,615.065451,1776207231000
1776207233.128,233.128,0.97,94.3,0.96,72.7,0.99,636.58,,,0.01,636.58,,,0.03,94.3,0.04,72.7,0.02,0.02,615.064181,1776207232000
1776207234.986,234.986,0.97,94.3,0.96,72.7,0.99,636.58,,,0.01,636.58,,,0.03,94.3,0.04,72.7,0.02,0.02,615.065503,1776207233000
1776207235.491,235.491,0.97,94.3,0.96,72.7,0.99,636.58,,,0.01,636.58,,,0.03,94.3,0.04,72.7,0.02,0.02,615.065503,1776207234000
1776207236.033,236.033,0.97,94.3,0.96,72.7,0.99,636.58,,,0.01,636.58,,,0.03,94.3,0.04,72.7,0.02,0.02,615.066052,1776207235000
1776207236.975,236.975,0.97,94.3,0.96,72.7,0.99,636.58,,,0.01,636.58,,,0.03,94.3,0.04,72.7,0.02,0.02,615.063345,1776207236000
1776207238.086,238.086,0.97,94.3,0.96,72.7,0.99,636.58,,,0.01,636.58,,,0.03,94.3,0.04,72.7,0.02,0.02,615.059241,1776207237000
1776207239.131,239.131,0.97,94.3,0.96,72.7,0.99,636.58,,,0.01,636.58,,,0.03,94.3,0.04,72.7,0.02,0.02,615.059241,1776207238000
1776207240.185,240.185,0.98,19.14,0.96,72.7,0.99,446.47,,,0.01,446.47,,,0.02,19.14,0.04,72.7,0.01,0.01,615.057853,1776207239000
1776207241.233,241.233,0.98,19.14,0.96,72.7,0.99,446.47,,,0.01,446.47,,,0.02,19.14,0.04,72.7,0.01,0.01,615.057922,1776207240000
1776207242.275,242.275,0.98,19.14,0.96,72.7,0.99,446.47,,,0.01,446.47,,,0.02,19.14,0.04,72.7,0.01,0.01,615.034811,1776207241000
1776207243.31,243.31,0.98,19.14,0.96,72.7,0.99,446.47,,,0.01,446.47,,,0.02,19.14,0.04,72.7,0.01,0.01,615.033203,1776207242000
1776207244.185,244.185,0.98,19.14,0.96,72.7,0.99,446.47,,,0.01,446.47,,,0.02,19.14,0.04,72.7,0.01,0.01,615.033205,1776207243000
1776207245.248,245.248,0.98,19.14,0.96,72.7,0.99,446.47,,,0.01,446.47,,,0.02,19.14,0.04,72.7,0.01,0.01,615.037041,1776207244000
1776207246.293,246.293,0.98,19.14,0.96,72.7,0.99,446.47,,,0.01,446.47,,,0.02,19.14,0.04,72.7,0.01,0.01,615.037041,1776207245000
1776207247.371,247.371,0.98,19.14,0.96,72.7,0.99,446.47,,,0.01,446.47,,,0.02,19.14,0.04,72.7,0.01,0.01,615.037041,1776207246000
1776207248.449,248.449,0.98,19.14,0.96,72.7,0.99,446.47,,,0.01,446.47,,,0.02,19.14,0.04,72.7,0.01,0.01,615.037042,1776207247000
1776207248.992,248.992,0.98,19.14,0.96,72.7,0.99,446.47,,,0.01,446.47,,,0.02,19.14,0.04,72.7,0.01,0.01,615.037494,1776207248000
1776207250.147,250.147,0.98,19.14,0.96,72.7,0.99,446.47,,,0.01,446.47,,,0.02,19.14,0.04,72.7,0.01,0.01,615.037494,1776207249000
1776207251.246,251.246,0.98,19.14,0.96,72.7,0.99,446.47,,,0.01,446.47,,,0.02,19.14,0.04,72.7,0.01,0.01,615.037168,1776207250000
1776207252.358,252.358,0.98,19.14,0.96,72.7,0.99,446.47,,,0.01,446.47,,,0.02,19.14,0.04,72.7,0.01,0.01,615.015,1776207251000
1776207253.405,253.405,0.98,19.14,0.96,72.7,0.99,446.47,,,0.01,446.47,,,0.02,19.14,0.04,72.7,0.01,0.01,615.007348,1776207252000
1776207253.95,253.95,0.98,19.14,0.96,72.7,0.99,446.47,,,0.01,446.47,,,0.02,19.14,0.04,72.7,0.01,0.01,615.003381,1776207253000
1776207255.036,255.036,0.98,19.14,0.96,72.7,0.99,446.47,,,0.01,446.47,,,0.02,19.14,0.04,72.7,0.01,0.01,615.002708,1776207254000
1776207255.476,255.476,0.98,19.14,0.95,54.7,0.99,289.69,,,0.01,446.47,,,0.02,19.14,0.04,72.7,0.01,0.01,615.002708,1776207254000
1776207256.2,256.2,0.98,19.14,0.95,54.7,0.99,289.69,,,0.01,289.69,,,0.02,19.14,0.05,54.7,0.01,0.01,614.996547,1776207255000
1776207257.217,257.217,0.98,19.14,0.95,54.7,0.99,289.69,,,0.01,289.69,,,0.02,19.14,0.05,54.7,0.01,0.01,614.996516,1776207256000
1776207258.299,258.299,0.98,19.14,0.95,54.7,0.99,289.69,,,0.01,289.69,,,0.02,19.14,0.05,54.7,0.01,0.01,614.992738,1776207257000
1776207259.299,259.299,0.98,19.14,0.95,54.7,0.99,289.69,,,0.01,289.69,,,0.02,19.14,0.05,54.7,0.01,0.01,614.992596,1776207258000
1776207260.362,260.362,0.98,19.14,0.95,54.7,0.99,289.69,,,0.01,289.69,,,0.02,19.14,0.05,54.7,0.01,0.01,614.996226,1776207259000
1776207261.359,261.359,0.98,19.14,0.95,54.7,0.99,289.69,,,0.01,289.69,,,0.02,19.14,0.05,54.7,0.01,0.01,614.995517,1776207260000
1776207262.49,262.49,0.98,19.14,0.95,54.7,0.99,289.69,,,0.01,289.69,,,0.02,19.14,0.05,54.7,0.01,0.01,614.964,1776207261000
1776207262.989,262.989,0.98,19.14,0.95,54.7,0.99,289.69,,,0.01,289.69,,,0.02,19.14,0.05,54.7,0.01,0.01,614.964,1776207262000
1776207264.221,264.221,0.98,19.14,0.95,54.7,0.99,289.69,,,0.01,289.69,,,0.02,19.14,0.05,54.7,0.01,0.01,614.991,1776207263000
1776207265.332,265.332,0.98,19.14,0.95,54.7,0.99,289.69,,,0.01,289.69,,,0.02,19.14,0.05,54.7,0.01,0.01,614.988,1776207264000
1776207265.835,265.835,0.95,59.7,0.94,46.1,0.98,112.28,0.99,289.69,0.01,289.69,,,0.02,19.14,0.05,54.7,0.03,0.01,614.988,1776207264000
1776207267.147,267.147,0.95,59.7,0.94,46.1,0.98,112.28,0.99,289.69,0.02,112.28,0.01,289.69,0.05,59.7,0.06,46.1,0.03,0.03,614.994,1776207266000
1776207268.325,268.325,0.95,59.7,0.94,46.1,0.98,112.28,0.99,289.69,0.02,112.28,0.01,289.69,0.05,59.7,0.06,46.1,0.03,0.03,614.994,1776207267000
1776207269.551,269.551,0.95,59.7,0.94,46.1,0.98,112.28,0.99,289.69,0.02,112.28,0.01,289.69,0.05,59.7,0.06,46.1,0.03,0.03,614.944643,1776207268000
1776207270.263,270.263,0.95,59.7,0.94,46.1,0.98,112.28,0.99,289.69,0.02,112.28,0.01,289.69,0.05,59.7,0.06,46.1,0.03,0.03,614.944643,1776207269000
1776207271.291,271.291,0.95,59.7,0.94,46.1,0.98,112.28,0.99,289.69,0.02,112.28,0.01,289.69,0.05,59.7,0.06,46.1,0.03,0.03,614.9,1776207270000
1776207272.449,272.449,0.95,59.7,0.94,46.1,0.98,112.28,0.99,289.69,0.02,112.28,0.01,289.69,0.05,59.7,0.06,46.1,0.03,0.03,614.901,1776207271000
1776207273.12,273.12,0.95,59.7,0.94,46.1,0.98,112.28,0.99,289.69,0.02,112.28,0.01,289.69,0.05,59.7,0.06,46.1,0.03,0.03,614.901,1776207272000
1776207274.222,274.222,0.95,59.7,0.94,46.1,0.98,112.28,0.99,289.69,0.02,112.28,0.01,289.69,0.05,59.7,0.06,46.1,0.03,0.03,614.895,1776207273000
1776207275.413,275.413,0.95,59.7,0.94,46.1,0.98,112.28,0.99,289.69,0.02,112.28,0.01,289.69,0.05,59.7,0.06,46.1,0.03,0.03,614.898,1776207274000
1776207276.012,276.012,0.95,59.7,0.94,46.1,0.98,112.28,0.99,289.69,0.02,112.28,0.01,289.69,0.05,59.7,0.06,46.1,0.03,0.03,614.898,1776207275000
1776207277.621,277.621,0.95,59.7,0.94,46.1,0.98,112.28,0.99,289.69,0.02,112.28,0.01,289.69,0.05,59.7,0.06,46.1,0.03,0.03,614.904,1776207276000
1776207278.156,278.156,0.95,59.7,0.94,46.1,0.98,112.28,0.99,289.69,0.02,112.28,0.01,289.69,0.05,59.7,0.06,46.1,0.03,0.03,614.904,1776207277000
1776207279.207,279.207,0.95,59.7,0.94,46.1,0.98,112.28,0.99,289.69,0.02,112.28,0.01,289.69,0.05,59.7,0.06,46.1,0.03,0.03,614.902,1776207278000
1776207280.352,280.352,0.95,59.7,0.94,46.1,0.98,112.28,0.99,289.69,0.02,112.28,0.01,289.69,0.05,59.7,0.06,46.1,0.03,0.03,614.9,1776207279000
1776207280.879,280.879,0.95,59.7,0.94,46.1,0.98,112.28,0.99,289.69,0.02,112.28,0.01,289.69,0.05,59.7,0.06,46.1,0.03,0.03,614.9,1776207280000
1776207281.581,281.581,0.84,19.95,0.81,50.0,0.98,47.95,0.99,27.09,0.02,112.28,0.01,289.69,0.05,59.7,0.06,46.1,0.14,0.03,614.9,1776207280000
1776207281.856,281.856,0.84,19.95,0.81,50.0,0.98,47.95,0.99,27.09,0.02,47.95,0.01,27.09,0.16,19.95,0.19,50.0,0.14,0.14,614.897,1776207281000
1776207282.847,282.847,0.84,19.95,0.81,50.0,0.98,47.95,0.99,27.09,0.02,47.95,0.01,27.09,0.16,19.95,0.19,50.0,0.14,0.14,614.897,1776207282000
1776207283.877,283.877,0.84,19.95,0.81,50.0,0.98,47.95,0.99,27.09,0.02,47.95,0.01,27.09,0.16,19.95,0.19,50.0,0.14,0.14,614.9,1776207283000
1776207285.243,285.243,0.84,19.95,0.81,50.0,0.98,47.95,0.99,27.09,0.02,47.95,0.01,27.09,0.16,19.95,0.19,50.0,0.14,0.14,614.898,1776207284000
1776207286.247,286.247,0.84,19.95,0.81,50.0,0.98,47.95,0.99,27.09,0.02,47.95,0.01,27.09,0.16,19.95,0.19,50.0,0.14,0.14,614.896,1776207285000
1776207287.214,287.214,0.84,19.95,0.81,50.0,0.98,47.95,0.99,27.09,0.02,47.95,0.01,27.09,0.16,19.95,0.19,50.0,0.14,0.14,614.897,1776207286000
1776207289.025,289.025,0.84,19.95,0.81,50.0,0.98,47.95,0.99,27.09,0.02,47.95,0.01,27.09,0.16,19.95,0.19,50.0,0.14,0.14,614.897,1776207287000
1776207289.645,289.645,0.84,19.95,0.81,50.0,0.98,47.95,0.99,27.09,0.02,47.95,0.01,27.09,0.16,19.95,0.19,50.0,0.14,0.14,614.868,1776207288000
1776207290.336,290.336,0.84,19.95,0.81,50.0,0.98,47.95,0.99,27.09,0.02,47.95,0.01,27.09,0.16,19.95,0.19,50.0,0.14,0.14,614.869,1776207289000
1776207291.542,291.542,0.84,19.95,0.81,50.0,0.98,47.95,0.99,27.09,0.02,47.95,0.01,27.09,0.16,19.95,0.19,50.0,0.14,0.14,614.868,1776207290000
1776207292.15,292.15,0.84,19.95,0.81,50.0,0.98,47.95,0.99,27.09,0.02,47.95,0.01,27.09,0.16,19.95,0.19,50.0,0.14,0.14,614.868,1776207291000
1776207293.235,293.235,0.84,19.95,0.81,50.0,0.98,47.95,0.99,27.09,0.02,47.95,0.01,27.09,0.16,19.95,0.19,50.0,0.14,0.14,614.876,1776207292000
1776207294.239,294.239,0.84,19.95,0.81,50.0,0.98,47.95,0.99,27.09,0.02,47.95,0.01,27.09,0.16,19.95,0.19,50.0,0.14,0.14,614.883,1776207293000
1776207295.362,295.362,0.84,5.95,0.81,50.0,0.99,22.09,,,0.01,22.09,,,0.16,5.95,0.19,50.0,0.15,0.15,614.88,1776207294000
1776207295.842,295.842,0.84,5.95,0.81,50.0,0.99,22.09,,,0.01,22.09,,,0.16,5.95,0.19,50.0,0.15,0.15,614.887,1776207295000
1776207296.379,296.379,0.84,5.95,0.81,50.0,0.99,1.88,,,0.01,22.09,,,0.16,5.95,0.19,50.0,0.15,0.15,614.887,1776207295000
1776207296.604,296.604,0.84,5.95,0.81,50.0,,,,,0.01,0.77,,,0.16,5.95,0.19,50.0,,0.15,614.887,1776207295000
1776207296.944,296.944,0.84,5.95,0.81,50.0,,,,,,,,,0.16,5.95,0.19,50.0,,,614.887,1776207296000
1776207297.843,297.843,0.84,5.95,0.81,50.0,,,,,,,,,0.16,5.95,0.19,50.0,,,614.883,1776207297000
1776207298.818,298.818,0.84,5.95,0.81,50.0,,,,,,,,,0.16,5.95,0.19,50.0,,,614.866,1776207298000
1776207299.777,299.777,0.84,5.95,0.81,50.0,,,,,,,,,0.16,5.95,0.19,50.0,,,614.866,1776207299000
1776207300.871,300.871,0.84,5.95,0.81,50.0,,,,,,,,,0.16,5.95,0.19,50.0,,,614.887,1776207300000
1776207301.786,301.786,0.84,5.95,0.81,50.0,,,,,,,,,0.16,5.95,0.19,50.0,,,614.885,1776207301000
1776207302.958,302.958,0.84,5.95,0.81,50.0,,,,,,,,,0.16,5.95,0.19,50.0,,,614.882,1776207302000

# RESULT,winner=Up,slug=bnb-updown-5m-1776207000,ticks=317
