timestamp,elapsed_sec,up_bid_p1,up_bid_s1,up_bid_p2,up_bid_s2,up_ask_p1,up_ask_s1,up_ask_p2,up_ask_s2,down_bid_p1,down_bid_s1,down_bid_p2,down_bid_s2,down_ask_p1,down_ask_s1,down_ask_p2,down_ask_s2,up_spread,down_spread,bnb_price,bnb_oracle_ts
1776243601.417,1.417,0.43,5.0,0.33,300.0,0.49,5.0,0.57,5.0,0.51,5.0,0.43,5.0,0.57,5.0,0.67,300.0,0.06,0.06,614.6735,1776243599000
1776243601.74,1.74,0.43,5.0,0.33,300.0,0.49,5.0,0.57,5.0,0.51,5.0,0.43,5.0,0.57,5.0,0.67,300.0,0.06,0.06,614.67776,1776243600000
1776243602.366,2.366,0.43,5.0,0.33,300.0,0.49,5.0,0.57,5.0,0.51,5.0,0.43,5.0,0.57,5.0,0.67,300.0,0.06,0.06,614.67714,1776243601000
1776243602.86,2.86,0.43,5.0,0.33,300.0,0.49,5.0,0.57,5.0,0.51,5.0,0.43,5.0,0.57,5.0,0.67,300.0,0.06,0.06,614.66918,1776243602000
1776243603.947,3.947,0.43,5.0,0.33,300.0,0.49,5.0,0.57,5.0,0.51,5.0,0.43,5.0,0.57,5.0,0.67,300.0,0.06,0.06,614.66657,1776243603000
1776243605.12,5.12,0.48,11.0,0.47,5.0,0.57,5.0,0.61,50.0,0.43,5.0,0.39,50.0,0.52,11.0,0.53,5.0,0.09,0.09,614.66212,1776243604000
1776243606.196,6.196,0.48,11.0,0.47,5.0,0.57,5.0,0.61,50.0,0.43,5.0,0.39,50.0,0.52,11.0,0.53,5.0,0.09,0.09,614.69055,1776243605000
1776243607.267,7.267,0.48,11.0,0.47,5.0,0.57,5.0,0.61,50.0,0.43,5.0,0.39,50.0,0.52,11.0,0.53,5.0,0.09,0.09,614.746894,1776243606000
1776243608.165,8.165,0.48,11.0,0.47,5.0,0.57,5.0,0.61,50.0,0.43,5.0,0.39,50.0,0.52,11.0,0.53,5.0,0.09,0.09,614.76039,1776243607000
1776243609.302,9.302,0.48,11.0,0.47,5.0,0.57,5.0,0.61,50.0,0.43,5.0,0.39,50.0,0.52,11.0,0.53,5.0,0.09,0.09,614.74945,1776243608000
1776243610.509,10.509,0.48,11.0,0.47,5.0,0.57,5.0,0.61,50.0,0.43,5.0,0.39,50.0,0.52,11.0,0.53,5.0,0.09,0.09,614.74897,1776243609000
1776243610.951,10.951,0.48,11.0,0.47,5.0,0.57,5.0,0.61,50.0,0.43,5.0,0.39,50.0,0.52,11.0,0.53,5.0,0.09,0.09,614.74923,1776243610000
1776243611.186,11.186,0.52,5.0,0.51,5.0,0.55,5.0,0.56,5.0,0.43,5.0,0.39,50.0,0.52,11.0,0.53,5.0,0.03,0.09,614.74923,1776243610000
1776243612.005,12.005,0.52,5.0,0.51,5.0,0.55,5.0,0.56,5.0,0.45,5.0,0.44,5.0,0.48,5.0,0.49,5.0,0.03,0.03,614.75188,1776243611000
1776243613.018,13.018,0.56,11.0,0.55,10.0,0.63,5.0,0.64,15.0,0.45,5.0,0.44,5.0,0.48,5.0,0.49,5.0,0.07,0.03,614.75188,1776243611000
1776243614.149,14.149,0.56,11.0,0.55,10.0,0.63,5.0,0.64,15.0,0.37,5.0,0.36,15.0,0.44,11.0,0.45,10.0,0.07,0.07,614.72562,1776243613000
1776243615.366,15.366,0.56,11.0,0.55,10.0,0.63,5.0,0.64,15.0,0.37,5.0,0.36,15.0,0.44,11.0,0.45,10.0,0.07,0.07,614.77052,1776243614000
1776243615.921,15.921,0.56,11.0,0.55,10.0,0.63,5.0,0.64,15.0,0.37,5.0,0.36,15.0,0.44,11.0,0.45,10.0,0.07,0.07,614.77064,1776243615000
1776243616.95,16.95,0.56,11.0,0.55,10.0,0.63,5.0,0.64,15.0,0.37,5.0,0.36,15.0,0.44,11.0,0.45,10.0,0.07,0.07,614.77077,1776243616000
1776243618.011,18.011,0.56,11.0,0.55,10.0,0.63,5.0,0.64,15.0,0.37,5.0,0.36,15.0,0.44,11.0,0.45,10.0,0.07,0.07,614.7712,1776243617000
1776243619.552,19.552,0.56,11.0,0.55,10.0,0.63,5.0,0.64,15.0,0.37,5.0,0.36,15.0,0.44,11.0,0.45,10.0,0.07,0.07,614.810611,1776243618000
1776243620.337,20.337,0.71,5.0,0.7,5.0,0.74,5.0,0.75,5.0,0.26,5.0,0.25,5.0,0.29,5.0,0.3,5.0,0.03,0.03,614.810611,1776243619000
1776243621.489,21.489,0.71,5.0,0.7,5.0,0.74,5.0,0.75,5.0,0.26,5.0,0.25,5.0,0.29,5.0,0.3,5.0,0.03,0.03,614.788,1776243620000
1776243622.063,22.063,0.71,5.0,0.7,5.0,0.74,5.0,0.75,5.0,0.26,5.0,0.25,5.0,0.29,5.0,0.3,5.0,0.03,0.03,614.788,1776243621000
1776243623.233,23.233,0.71,5.0,0.7,5.0,0.74,5.0,0.75,5.0,0.26,5.0,0.25,5.0,0.29,5.0,0.3,5.0,0.03,0.03,614.863,1776243622000
1776243624.489,24.489,0.71,5.0,0.7,5.0,0.74,5.0,0.75,5.0,0.26,5.0,0.25,5.0,0.29,5.0,0.3,5.0,0.03,0.03,614.874,1776243623000
1776243625.044,25.044,0.71,5.0,0.7,5.0,0.74,5.0,0.75,5.0,0.26,5.0,0.25,5.0,0.29,5.0,0.3,5.0,0.03,0.03,614.874,1776243624000
1776243626.193,26.193,0.71,5.0,0.7,5.0,0.74,5.0,0.75,5.0,0.26,5.0,0.25,5.0,0.29,5.0,0.3,5.0,0.03,0.03,614.87,1776243625000
1776243627.27,27.27,0.71,5.0,0.7,5.0,0.74,5.0,0.75,5.0,0.26,5.0,0.25,5.0,0.29,5.0,0.3,5.0,0.03,0.03,614.867,1776243626000
1776243628.546,28.546,0.71,5.0,0.7,5.0,0.74,5.0,0.75,5.0,0.26,5.0,0.25,5.0,0.29,5.0,0.3,5.0,0.03,0.03,614.865,1776243627000
1776243629.117,29.117,0.71,5.0,0.7,5.0,0.74,5.0,0.75,5.0,0.26,5.0,0.25,5.0,0.29,5.0,0.3,5.0,0.03,0.03,614.865,1776243628000
1776243629.335,29.335,0.64,11.0,0.63,10.0,0.66,5.0,0.67,5.0,0.26,5.0,0.25,5.0,0.29,5.0,0.3,5.0,0.02,0.03,614.865,1776243628000
1776243630.122,30.122,0.64,11.0,0.63,10.0,0.66,5.0,0.67,5.0,0.34,5.0,0.33,5.0,0.36,11.0,0.37,10.0,0.02,0.02,614.869,1776243629000
1776243631.342,31.342,0.64,16.0,0.63,10.0,0.65,0.59,0.66,5.0,0.35,0.59,0.34,5.0,0.36,16.0,0.37,10.0,0.01,0.01,614.869,1776243630000
1776243631.999,31.999,0.64,16.0,0.63,10.0,0.65,0.59,0.66,5.0,0.35,0.59,0.34,5.0,0.36,16.0,0.37,10.0,0.01,0.01,614.869,1776243631000
1776243633.198,33.198,0.64,16.0,0.63,10.0,0.65,0.59,0.66,5.0,0.35,0.59,0.34,5.0,0.36,16.0,0.37,10.0,0.01,0.01,614.857,1776243632000
1776243634.232,34.232,0.64,16.0,0.63,10.0,0.65,0.59,0.66,5.0,0.35,0.59,0.34,5.0,0.36,16.0,0.37,10.0,0.01,0.01,614.848,1776243633000
1776243635.248,35.248,0.64,16.0,0.63,10.0,0.65,0.59,0.66,5.0,0.35,0.59,0.34,5.0,0.36,16.0,0.37,10.0,0.01,0.01,614.848,1776243634000
1776243636.184,36.184,0.64,16.0,0.63,10.0,0.65,0.59,0.66,5.0,0.35,0.59,0.34,5.0,0.36,16.0,0.37,10.0,0.01,0.01,614.854,1776243635000
1776243637.177,37.177,0.64,16.0,0.63,10.0,0.65,0.59,0.66,5.0,0.35,0.59,0.34,5.0,0.36,16.0,0.37,10.0,0.01,0.01,614.848,1776243636000
1776243638.187,38.187,0.64,16.0,0.63,10.0,0.65,0.59,0.66,5.0,0.35,0.59,0.34,5.0,0.36,16.0,0.37,10.0,0.01,0.01,614.848,1776243637000
1776243639.197,39.197,0.64,16.0,0.63,10.0,0.65,0.59,0.66,5.0,0.35,0.59,0.34,5.0,0.36,16.0,0.37,10.0,0.01,0.01,614.848,1776243638000
1776243640.237,40.237,0.64,16.0,0.63,10.0,0.65,0.59,0.66,5.0,0.35,0.59,0.34,5.0,0.36,16.0,0.37,10.0,0.01,0.01,614.841,1776243639000
1776243641.185,41.185,0.64,16.0,0.63,10.0,0.65,0.59,0.66,5.0,0.35,0.59,0.34,5.0,0.36,16.0,0.37,10.0,0.01,0.01,614.844,1776243640000
1776243642.193,42.193,0.64,16.0,0.63,10.0,0.65,0.59,0.66,5.0,0.35,0.59,0.34,5.0,0.36,16.0,0.37,10.0,0.01,0.01,614.844,1776243641000
1776243643.285,43.285,0.64,16.0,0.63,10.0,0.65,0.59,0.66,5.0,0.35,0.59,0.34,5.0,0.36,16.0,0.37,10.0,0.01,0.01,614.841,1776243642000
1776243644.194,44.194,0.64,16.0,0.63,10.0,0.65,0.59,0.66,5.0,0.35,0.59,0.34,5.0,0.36,16.0,0.37,10.0,0.01,0.01,614.836,1776243643000
1776243645.254,45.254,0.64,16.0,0.63,10.0,0.65,0.59,0.66,5.0,0.35,0.59,0.34,5.0,0.36,16.0,0.37,10.0,0.01,0.01,614.836,1776243644000
1776243646.273,46.273,0.64,16.0,0.63,10.0,0.65,0.59,0.66,5.0,0.35,0.59,0.34,5.0,0.36,16.0,0.37,10.0,0.01,0.01,614.836,1776243645000
1776243647.209,47.209,0.64,16.0,0.63,10.0,0.65,0.59,0.66,5.0,0.35,0.59,0.34,5.0,0.36,16.0,0.37,10.0,0.01,0.01,614.838,1776243646000
1776243648.035,48.035,0.64,16.0,0.63,10.0,0.65,0.59,0.66,5.0,0.35,0.59,0.34,5.0,0.36,16.0,0.37,10.0,0.01,0.01,614.838,1776243647000
1776243649.062,49.062,0.64,16.0,0.63,10.0,0.65,0.59,0.66,5.0,0.35,0.59,0.34,5.0,0.36,16.0,0.37,10.0,0.01,0.01,614.84,1776243648000
1776243650.012,50.012,0.64,16.0,0.63,10.0,0.65,0.59,0.66,5.0,0.35,0.59,0.34,5.0,0.36,16.0,0.37,10.0,0.01,0.01,614.838,1776243649000
1776243651.087,51.087,0.64,16.0,0.63,10.0,0.65,0.59,0.66,5.0,0.35,0.59,0.34,5.0,0.36,16.0,0.37,10.0,0.01,0.01,614.839,1776243650000
1776243652.111,52.111,0.64,16.0,0.63,10.0,0.65,0.59,0.66,5.0,0.35,0.59,0.34,5.0,0.36,16.0,0.37,10.0,0.01,0.01,614.838,1776243651000
1776243653.274,53.274,0.64,16.0,0.63,10.0,0.65,0.59,0.66,5.0,0.35,0.59,0.34,5.0,0.36,16.0,0.37,10.0,0.01,0.01,614.837,1776243652000
1776243654.33,54.33,0.64,16.0,0.63,10.0,0.65,0.59,0.66,5.0,0.35,0.59,0.34,5.0,0.36,16.0,0.37,10.0,0.01,0.01,614.849,1776243653000
1776243655.267,55.267,0.64,16.0,0.63,10.0,0.65,0.59,0.66,5.0,0.35,0.59,0.34,5.0,0.36,16.0,0.37,10.0,0.01,0.01,614.832129,1776243654000
1776243656.258,56.258,0.64,16.0,0.63,10.0,0.65,0.59,0.66,5.0,0.35,0.59,0.34,5.0,0.36,16.0,0.37,10.0,0.01,0.01,614.847,1776243655000
1776243657.272,57.272,0.64,16.0,0.63,10.0,0.65,0.59,0.66,5.0,0.35,0.59,0.34,5.0,0.36,16.0,0.37,10.0,0.01,0.01,614.849,1776243656000
1776243658.368,58.368,0.64,16.0,0.63,10.0,0.65,0.59,0.66,5.0,0.35,0.59,0.34,5.0,0.36,16.0,0.37,10.0,0.01,0.01,614.849,1776243657000
1776243659.301,59.301,0.64,16.0,0.63,10.0,0.65,0.59,0.66,5.0,0.35,0.59,0.34,5.0,0.36,16.0,0.37,10.0,0.01,0.01,614.845,1776243658000
1776243660.729,60.729,0.64,16.0,0.63,10.0,0.65,0.59,0.66,5.0,0.35,0.59,0.34,5.0,0.36,16.0,0.37,10.0,0.01,0.01,614.847,1776243659000
1776243661.271,61.271,0.64,16.0,0.63,10.0,0.65,0.59,0.66,5.0,0.35,0.59,0.34,5.0,0.36,16.0,0.37,10.0,0.01,0.01,614.841277,1776243660000
1776243662.503,62.503,0.64,16.0,0.63,10.0,0.65,0.59,0.66,5.0,0.35,0.59,0.34,5.0,0.36,16.0,0.37,10.0,0.01,0.01,614.875057,1776243661000
1776243663.07,63.07,0.64,16.0,0.63,10.0,0.65,0.59,0.66,5.0,0.35,0.59,0.34,5.0,0.36,16.0,0.37,10.0,0.01,0.01,614.87581,1776243662000
1776243663.325,63.325,0.74,5.0,0.73,5.0,0.75,0.01,0.76,14.3,0.35,0.59,0.34,5.0,0.36,16.0,0.37,10.0,0.01,0.01,614.87581,1776243662000
1776243664.237,64.237,0.74,5.0,0.73,5.0,0.75,0.01,0.76,14.3,0.25,0.01,0.24,14.3,0.26,5.0,0.27,5.0,0.01,0.01,614.88026,1776243663000
1776243665.316,65.316,0.74,5.0,0.73,5.0,0.75,0.01,0.76,14.3,0.25,0.01,0.24,14.3,0.26,5.0,0.27,5.0,0.01,0.01,614.892556,1776243664000
1776243665.615,65.615,0.79,10.0,0.78,10.0,0.81,22.89,0.82,17.6,0.25,0.01,0.24,14.3,0.26,5.0,0.27,5.0,0.02,0.01,614.892556,1776243664000
1776243666.392,66.392,0.79,10.0,0.78,10.0,0.81,22.89,0.82,17.6,0.19,22.89,0.18,17.6,0.21,10.0,0.22,10.0,0.02,0.02,615.02621,1776243665000
1776243666.928,66.928,0.79,10.0,0.78,10.0,0.81,22.89,0.82,17.6,0.19,22.89,0.18,17.6,0.21,10.0,0.22,10.0,0.02,0.02,615.02561,1776243666000
1776243668.076,68.076,0.79,10.0,0.78,10.0,0.81,22.89,0.82,17.6,0.19,22.89,0.18,17.6,0.21,10.0,0.22,10.0,0.02,0.02,615.04321,1776243667000
1776243669.308,69.308,0.79,10.0,0.78,10.0,0.81,22.89,0.82,17.6,0.19,22.89,0.18,17.6,0.21,10.0,0.22,10.0,0.02,0.02,615.043,1776243668000
1776243670.267,70.267,0.79,10.0,0.78,10.0,0.81,22.89,0.82,17.6,0.19,22.89,0.18,17.6,0.21,10.0,0.22,10.0,0.02,0.02,615.043,1776243669000
1776243671.63,71.63,0.79,10.0,0.78,10.0,0.81,22.89,0.82,17.6,0.19,22.89,0.18,17.6,0.21,10.0,0.22,10.0,0.02,0.02,615.059,1776243670000
1776243672.041,72.041,0.79,10.0,0.78,10.0,0.81,22.89,0.82,17.6,0.19,22.89,0.18,17.6,0.21,10.0,0.22,10.0,0.02,0.02,615.059,1776243671000
1776243673.201,73.201,0.79,10.0,0.78,10.0,0.81,22.89,0.82,17.6,0.19,22.89,0.18,17.6,0.21,10.0,0.22,10.0,0.02,0.02,615.056,1776243672000
1776243674.315,74.315,0.79,10.0,0.78,10.0,0.81,22.89,0.82,17.6,0.19,22.89,0.18,17.6,0.21,10.0,0.22,10.0,0.02,0.02,615.055,1776243673000
1776243675.369,75.369,0.79,10.0,0.78,10.0,0.81,22.89,0.82,17.6,0.19,22.89,0.18,17.6,0.21,10.0,0.22,10.0,0.02,0.02,615.01737,1776243674000
1776243675.873,75.873,0.81,5.0,0.8,5.0,0.82,16.26,0.83,18.39,0.18,16.26,0.17,18.39,0.19,5.0,0.2,5.0,0.01,0.01,615.03223,1776243675000
1776243676.079,76.079,0.81,11.0,0.8,5.0,0.83,10.26,0.84,19.3,0.18,16.26,0.17,18.39,0.19,5.0,0.2,5.0,0.02,0.01,615.03223,1776243675000
1776243677.146,77.146,0.81,11.0,0.8,5.0,0.83,10.26,0.84,19.3,0.17,10.26,0.16,19.3,0.19,11.0,0.2,5.0,0.02,0.02,615.01494,1776243676000
1776243677.463,77.463,0.82,5.0,0.81,5.0,0.84,19.3,0.85,20.39,0.17,10.26,0.16,19.3,0.19,11.0,0.2,5.0,0.02,0.02,615.01494,1776243676000
1776243678.526,78.526,0.82,5.0,0.81,5.0,0.84,19.3,0.85,20.39,0.16,19.3,0.15,20.39,0.18,5.0,0.19,5.0,0.02,0.02,615.01542,1776243677000
1776243678.987,78.987,0.82,5.0,0.81,5.0,0.84,19.3,0.85,20.39,0.16,19.3,0.15,20.39,0.18,5.0,0.19,5.0,0.02,0.02,614.99931,1776243678000
1776243679.254,79.254,0.81,5.0,0.8,5.0,0.83,18.39,0.84,19.3,0.16,19.3,0.15,20.39,0.18,5.0,0.19,5.0,0.02,0.02,614.99931,1776243678000
1776243680.189,80.189,0.81,5.0,0.8,5.0,0.83,18.39,0.84,19.3,0.17,18.39,0.16,19.3,0.19,5.0,0.2,5.0,0.02,0.02,615.02778,1776243679000
1776243681.237,81.237,0.81,5.0,0.8,5.0,0.83,18.39,0.84,19.3,0.17,18.39,0.16,19.3,0.19,5.0,0.2,5.0,0.02,0.02,615.02297,1776243680000
1776243682.337,82.337,0.81,5.0,0.8,5.0,0.83,18.39,0.84,19.3,0.17,18.39,0.16,19.3,0.19,5.0,0.2,5.0,0.02,0.02,615.026,1776243681000
1776243683.492,83.492,0.81,5.0,0.8,5.0,0.83,18.39,0.84,19.3,0.17,18.39,0.16,19.3,0.19,5.0,0.2,5.0,0.02,0.02,615.025,1776243682000
1776243684.244,84.244,0.81,5.0,0.8,5.0,0.83,18.39,0.84,19.3,0.17,18.39,0.16,19.3,0.19,5.0,0.2,5.0,0.02,0.02,615.025,1776243683000
1776243685.179,85.179,0.81,5.0,0.8,5.0,0.83,18.39,0.84,19.3,0.17,18.39,0.16,19.3,0.19,5.0,0.2,5.0,0.02,0.02,615.025,1776243684000
1776243686.215,86.215,0.81,5.0,0.8,5.0,0.83,18.39,0.84,19.3,0.17,18.39,0.16,19.3,0.19,5.0,0.2,5.0,0.02,0.02,615.026,1776243685000
1776243687.218,87.218,0.81,5.0,0.8,5.0,0.83,18.39,0.84,19.3,0.17,18.39,0.16,19.3,0.19,5.0,0.2,5.0,0.02,0.02,615.025,1776243686000
1776243688.178,88.178,0.81,5.0,0.8,5.0,0.83,18.39,0.84,19.3,0.17,18.39,0.16,19.3,0.19,5.0,0.2,5.0,0.02,0.02,615.025,1776243687000
1776243689.747,89.747,0.81,5.0,0.8,5.0,0.83,18.39,0.84,19.3,0.17,18.39,0.16,19.3,0.19,5.0,0.2,5.0,0.02,0.02,615.01509,1776243688000
1776243690.289,90.289,0.81,5.0,0.8,5.0,0.83,18.39,0.84,19.3,0.17,18.39,0.16,19.3,0.19,5.0,0.2,5.0,0.02,0.02,615.015411,1776243689000
1776243691.404,91.404,0.81,5.0,0.8,5.0,0.83,18.39,0.84,19.3,0.17,18.39,0.16,19.3,0.19,5.0,0.2,5.0,0.02,0.02,615.015482,1776243690000
1776243692.362,92.362,0.81,5.0,0.8,5.0,0.83,18.39,0.84,19.3,0.17,18.39,0.16,19.3,0.19,5.0,0.2,5.0,0.02,0.02,615.00327,1776243691000
1776243692.901,92.901,0.81,5.0,0.8,5.0,0.83,18.39,0.84,19.3,0.17,18.39,0.16,19.3,0.19,5.0,0.2,5.0,0.02,0.02,615.00545,1776243692000
1776243693.967,93.967,0.81,5.0,0.8,5.0,0.83,18.39,0.84,19.3,0.17,18.39,0.16,19.3,0.19,5.0,0.2,5.0,0.02,0.02,615.00472,1776243693000
1776243695.01,95.01,0.81,5.0,0.8,5.0,0.83,18.39,0.84,19.3,0.17,18.39,0.16,19.3,0.19,5.0,0.2,5.0,0.02,0.02,615.010004,1776243694000
1776243696.019,96.019,0.81,5.0,0.8,5.0,0.83,18.39,0.84,19.3,0.17,18.39,0.16,19.3,0.19,5.0,0.2,5.0,0.02,0.02,615.012921,1776243695000
1776243697.093,97.093,0.81,5.0,0.8,5.0,0.83,18.39,0.84,19.3,0.17,18.39,0.16,19.3,0.19,5.0,0.2,5.0,0.02,0.02,615.010699,1776243696000
1776243698.179,98.179,0.81,5.0,0.8,5.0,0.83,18.39,0.84,19.3,0.17,18.39,0.16,19.3,0.19,5.0,0.2,5.0,0.02,0.02,615.013989,1776243697000
1776243699.236,99.236,0.81,5.0,0.8,5.0,0.83,18.39,0.84,19.3,0.17,18.39,0.16,19.3,0.19,5.0,0.2,5.0,0.02,0.02,615.013989,1776243698000
1776243700.327,100.327,0.81,5.0,0.8,5.0,0.83,18.39,0.84,19.3,0.17,18.39,0.16,19.3,0.19,5.0,0.2,5.0,0.02,0.02,614.998116,1776243699000
1776243701.345,101.345,0.81,5.0,0.8,5.0,0.83,18.39,0.84,19.3,0.17,18.39,0.16,19.3,0.19,5.0,0.2,5.0,0.02,0.02,615.041234,1776243700000
1776243702.283,102.283,0.81,5.0,0.8,5.0,0.83,18.39,0.84,19.3,0.17,18.39,0.16,19.3,0.19,5.0,0.2,5.0,0.02,0.02,615.04501,1776243701000
1776243703.429,103.429,0.83,5.0,0.82,5.0,0.84,4.75,0.85,20.39,0.16,4.75,0.15,20.39,0.17,5.0,0.18,5.0,0.01,0.01,615.03796,1776243702000
1776243704.029,104.029,0.83,5.0,0.82,5.0,0.84,4.75,0.85,20.39,0.16,4.75,0.15,20.39,0.17,5.0,0.18,5.0,0.01,0.01,615.013205,1776243703000
1776243705.006,105.006,0.83,5.0,0.82,5.0,0.84,4.75,0.85,20.39,0.16,4.75,0.15,20.39,0.17,5.0,0.18,5.0,0.01,0.01,615.00632,1776243704000
1776243706.079,106.079,0.83,5.0,0.82,5.0,0.84,4.75,0.85,20.39,0.16,4.75,0.15,20.39,0.17,5.0,0.18,5.0,0.01,0.01,615.014843,1776243705000
1776243706.937,106.937,0.84,5.0,0.83,5.0,0.85,5.03,0.86,21.6,0.16,4.75,0.15,20.39,0.17,5.0,0.18,5.0,0.01,0.01,615.014843,1776243705000
1776243707.231,107.231,0.84,5.0,0.83,5.0,0.85,5.03,0.86,21.6,0.15,5.03,0.14,21.6,0.16,5.0,0.17,5.0,0.01,0.01,615.022,1776243706000
1776243708.335,108.335,0.84,5.0,0.83,5.0,0.85,5.03,0.86,21.6,0.15,5.03,0.14,21.6,0.16,5.0,0.17,5.0,0.01,0.01,615.023,1776243707000
1776243708.893,108.893,0.84,5.0,0.83,5.0,0.85,5.03,0.86,21.6,0.15,5.03,0.14,21.6,0.16,5.0,0.17,5.0,0.01,0.01,615.023,1776243708000
1776243709.991,109.991,0.84,5.0,0.83,5.0,0.85,5.03,0.86,21.6,0.15,5.03,0.14,21.6,0.16,5.0,0.17,5.0,0.01,0.01,615.018,1776243709000
1776243711.101,111.101,0.84,5.0,0.83,5.0,0.85,5.03,0.86,21.6,0.15,5.03,0.14,21.6,0.16,5.0,0.17,5.0,0.01,0.01,615.018,1776243710000
1776243712.324,112.324,0.84,5.0,0.83,5.0,0.85,5.03,0.86,21.6,0.15,5.03,0.14,21.6,0.16,5.0,0.17,5.0,0.01,0.01,615.015,1776243711000
1776243713.312,113.312,0.84,5.0,0.83,5.0,0.85,5.03,0.86,21.6,0.15,5.03,0.14,21.6,0.16,5.0,0.17,5.0,0.01,0.01,615.018,1776243712000
1776243713.887,113.887,0.84,5.0,0.83,5.0,0.85,5.03,0.86,21.6,0.15,5.03,0.14,21.6,0.16,5.0,0.17,5.0,0.01,0.01,615.018,1776243713000
1776243715.02,115.02,0.84,5.0,0.83,5.0,0.85,5.03,0.86,21.6,0.15,5.03,0.14,21.6,0.16,5.0,0.17,5.0,0.01,0.01,615.019,1776243714000
1776243716.126,116.126,0.84,5.0,0.83,5.0,0.85,5.03,0.86,21.6,0.15,5.03,0.14,21.6,0.16,5.0,0.17,5.0,0.01,0.01,615.03,1776243715000
1776243717.84,117.84,0.84,5.0,0.83,5.0,0.85,5.03,0.86,21.6,0.15,5.03,0.14,21.6,0.16,5.0,0.17,5.0,0.01,0.01,615.021,1776243716000
1776243718.394,118.394,0.84,5.0,0.83,5.0,0.85,5.03,0.86,21.6,0.15,5.03,0.14,21.6,0.16,5.0,0.17,5.0,0.01,0.01,615.016,1776243717000
1776243719.213,119.213,0.84,5.0,0.83,5.0,0.85,5.03,0.86,21.6,0.15,5.03,0.14,21.6,0.16,5.0,0.17,5.0,0.01,0.01,615.016,1776243718000
1776243720.45,120.45,0.84,5.0,0.83,5.0,0.85,5.03,0.86,21.6,0.15,5.03,0.14,21.6,0.16,5.0,0.17,5.0,0.01,0.01,615.015,1776243719000
1776243721.054,121.054,0.84,5.0,0.83,5.0,0.85,5.03,0.86,21.6,0.15,5.03,0.14,21.6,0.16,5.0,0.17,5.0,0.01,0.01,615.015,1776243720000
1776243721.515,121.515,0.71,0.18,0.7,5.0,0.72,5.0,0.73,5.0,0.24,2.36,0.23,5.0,0.26,5.1,0.32,10.0,0.01,0.02,615.015,1776243720000
1776243722.783,122.783,0.7,4.5,0.69,10.1,0.73,5.0,0.74,5.0,0.27,5.0,0.26,5.0,0.3,4.5,0.31,10.1,0.03,0.03,615.012,1776243721000
1776243723.512,123.512,0.7,4.5,0.69,10.1,0.73,5.0,0.74,5.0,0.27,5.0,0.26,5.0,0.3,4.5,0.31,10.1,0.03,0.03,614.921,1776243722000
1776243724.302,124.302,0.7,4.5,0.69,10.1,0.73,5.0,0.74,5.0,0.27,5.0,0.26,5.0,0.3,4.5,0.31,10.1,0.03,0.03,614.921,1776243723000
1776243725.628,125.628,0.7,4.5,0.69,10.1,0.73,5.0,0.74,5.0,0.27,5.0,0.26,5.0,0.3,4.5,0.31,10.1,0.03,0.03,614.861,1776243724000
1776243726.417,126.417,0.7,4.5,0.69,10.1,0.73,5.0,0.74,5.0,0.27,5.0,0.26,5.0,0.3,4.5,0.31,10.1,0.03,0.03,614.855,1776243725000
1776243727.179,127.179,0.7,4.5,0.69,10.1,0.73,5.0,0.74,5.0,0.27,5.0,0.26,5.0,0.3,4.5,0.31,10.1,0.03,0.03,614.855,1776243726000
1776243728.667,128.667,0.7,4.5,0.69,10.1,0.73,5.0,0.74,5.0,0.27,5.0,0.26,5.0,0.3,4.5,0.31,10.1,0.03,0.03,614.856,1776243727000
1776243729.367,129.367,0.7,4.5,0.69,10.1,0.73,5.0,0.74,5.0,0.27,5.0,0.26,5.0,0.3,4.5,0.31,10.1,0.03,0.03,614.857,1776243728000
1776243730.8,130.8,0.7,4.5,0.69,10.1,0.73,5.0,0.74,5.0,0.27,5.0,0.26,5.0,0.3,4.5,0.31,10.1,0.03,0.03,614.828,1776243729000
1776243731.203,131.203,0.72,4.82,0.71,5.0,0.73,18.2,0.74,18.5,0.27,5.0,0.26,5.0,0.3,4.5,0.31,10.1,0.01,0.03,614.828,1776243729000
1776243731.495,131.495,0.72,4.82,0.71,5.0,0.73,18.2,0.74,18.5,0.27,18.2,0.26,18.5,0.28,4.82,0.29,5.0,0.01,0.01,614.86606,1776243730000
1776243731.939,131.939,0.59,10.0,0.58,5.0,0.71,40.18,0.73,23.2,0.27,18.2,0.26,18.5,0.28,4.82,0.29,5.0,0.12,0.01,614.86606,1776243730000
1776243732.182,132.182,0.59,10.0,0.58,5.0,0.62,1.0,0.63,5.0,0.38,1.0,0.37,5.0,0.41,10.0,0.42,5.0,0.03,0.03,614.85026,1776243731000
1776243733.551,133.551,0.59,10.0,0.58,5.0,0.62,1.0,0.63,5.0,0.38,1.0,0.37,5.0,0.41,10.0,0.42,5.0,0.03,0.03,614.802961,1776243732000
1776243734.245,134.245,0.59,10.0,0.58,5.0,0.62,1.0,0.63,5.0,0.38,1.0,0.37,5.0,0.41,10.0,0.42,5.0,0.03,0.03,614.79568,1776243733000
1776243736.048,136.048,0.59,10.0,0.58,5.0,0.62,1.0,0.63,5.0,0.38,1.0,0.37,5.0,0.41,10.0,0.42,5.0,0.03,0.03,614.779,1776243735000
1776243736.385,136.385,0.62,5.0,0.61,5.0,0.64,10.0,0.65,5.0,0.38,1.0,0.37,5.0,0.41,10.0,0.42,5.0,0.02,0.03,614.779,1776243735000
1776243737.231,137.231,0.62,5.0,0.61,5.0,0.64,10.0,0.65,5.0,0.36,10.0,0.35,5.0,0.38,5.0,0.39,5.0,0.02,0.02,614.74041,1776243736000
1776243737.99,137.99,0.38,4.8,0.37,5.0,0.48,5.0,0.49,5.0,0.36,10.0,0.35,5.0,0.38,5.0,0.39,5.0,0.1,0.02,614.74041,1776243736000
1776243738.444,138.444,0.4,5.0,0.39,5.0,0.43,5.0,0.44,5.0,0.52,5.0,0.51,5.0,0.62,4.8,0.63,5.0,0.03,0.1,614.74041,1776243736000
1776243739.051,139.051,0.4,5.0,0.39,5.0,0.43,5.0,0.44,5.0,0.57,5.0,0.56,5.0,0.6,5.0,0.61,5.0,0.03,0.03,614.73001,1776243738000
1776243740.101,140.101,0.4,5.0,0.39,5.0,0.43,5.0,0.44,5.0,0.57,5.0,0.56,5.0,0.6,5.0,0.61,5.0,0.03,0.03,614.630371,1776243739000
1776243741.299,141.299,0.4,5.0,0.39,5.0,0.43,5.0,0.44,5.0,0.57,5.0,0.56,5.0,0.6,5.0,0.61,5.0,0.03,0.03,614.641093,1776243740000
1776243742.473,142.473,0.4,5.0,0.39,5.0,0.43,5.0,0.44,5.0,0.57,5.0,0.56,5.0,0.6,5.0,0.61,5.0,0.03,0.03,614.45918,1776243741000
1776243743.036,143.036,0.4,5.0,0.39,5.0,0.43,5.0,0.44,5.0,0.57,5.0,0.56,5.0,0.6,5.0,0.61,5.0,0.03,0.03,614.494,1776243742000
1776243744.19,144.19,0.28,5.0,0.27,5.0,0.3,5.0,0.32,5.0,0.7,5.0,0.68,5.0,0.72,5.0,0.73,5.0,0.02,0.02,614.478635,1776243743000
1776243745.36,145.36,0.28,5.0,0.27,5.0,0.3,5.0,0.32,5.0,0.7,5.0,0.68,5.0,0.72,5.0,0.73,5.0,0.02,0.02,614.484491,1776243744000
1776243746.026,146.026,0.28,5.0,0.27,5.0,0.3,5.0,0.32,5.0,0.7,5.0,0.68,5.0,0.72,5.0,0.73,5.0,0.02,0.02,614.49853,1776243745000
1776243747.096,147.096,0.28,5.0,0.27,5.0,0.3,5.0,0.32,5.0,0.7,5.0,0.68,5.0,0.72,5.0,0.73,5.0,0.02,0.02,614.49681,1776243746000
1776243748.294,148.294,0.28,5.0,0.27,5.0,0.3,5.0,0.32,5.0,0.7,5.0,0.68,5.0,0.72,5.0,0.73,5.0,0.02,0.02,614.453325,1776243747000
1776243748.967,148.967,0.28,5.0,0.27,5.0,0.3,5.0,0.32,5.0,0.7,5.0,0.68,5.0,0.72,5.0,0.73,5.0,0.02,0.02,614.454616,1776243748000
1776243750.216,150.216,0.28,5.0,0.27,5.0,0.3,5.0,0.32,5.0,0.7,5.0,0.68,5.0,0.72,5.0,0.73,5.0,0.02,0.02,614.500315,1776243749000
1776243751.363,151.363,0.28,5.0,0.27,5.0,0.3,5.0,0.32,5.0,0.7,5.0,0.68,5.0,0.72,5.0,0.73,5.0,0.02,0.02,614.48441,1776243750000
1776243752.149,152.149,0.28,5.0,0.27,5.0,0.3,5.0,0.32,5.0,0.7,5.0,0.68,5.0,0.72,5.0,0.73,5.0,0.02,0.02,614.436795,1776243751000
1776243753.674,153.674,0.28,5.0,0.27,5.0,0.3,5.0,0.32,5.0,0.7,5.0,0.68,5.0,0.72,5.0,0.73,5.0,0.02,0.02,614.41474,1776243752000
1776243754.142,154.142,0.28,5.0,0.27,5.0,0.3,5.0,0.32,5.0,0.7,5.0,0.68,5.0,0.72,5.0,0.73,5.0,0.02,0.02,614.423538,1776243753000
1776243755.433,155.433,0.28,5.0,0.27,5.0,0.3,5.0,0.32,5.0,0.7,5.0,0.68,5.0,0.72,5.0,0.73,5.0,0.02,0.02,614.36107,1776243754000
1776243756.062,156.062,0.28,5.0,0.27,5.0,0.3,5.0,0.32,5.0,0.7,5.0,0.68,5.0,0.72,5.0,0.73,5.0,0.02,0.02,614.36096,1776243755000
1776243757.364,157.364,0.28,5.0,0.27,5.0,0.3,5.0,0.32,5.0,0.7,5.0,0.68,5.0,0.72,5.0,0.73,5.0,0.02,0.02,614.33697,1776243756000
1776243758.065,158.065,0.28,5.0,0.27,5.0,0.3,5.0,0.32,5.0,0.7,5.0,0.68,5.0,0.72,5.0,0.73,5.0,0.02,0.02,614.33594,1776243757000
1776243759.722,159.722,0.28,5.0,0.27,5.0,0.3,5.0,0.32,5.0,0.7,5.0,0.68,5.0,0.72,5.0,0.73,5.0,0.02,0.02,614.36547,1776243758000
1776243760.251,160.251,0.28,5.0,0.27,5.0,0.3,5.0,0.32,5.0,0.7,5.0,0.68,5.0,0.72,5.0,0.73,5.0,0.02,0.02,614.360377,1776243759000
1776243760.969,160.969,0.28,5.0,0.27,5.0,0.3,5.0,0.32,5.0,0.7,5.0,0.68,5.0,0.72,5.0,0.73,5.0,0.02,0.02,614.32514,1776243760000
1776243762.22,162.22,0.28,5.0,0.27,5.0,0.3,5.0,0.32,5.0,0.7,5.0,0.68,5.0,0.72,5.0,0.73,5.0,0.02,0.02,614.357002,1776243761000
1776243763.425,163.425,0.28,5.0,0.27,5.0,0.3,5.0,0.32,5.0,0.7,5.0,0.68,5.0,0.72,5.0,0.73,5.0,0.02,0.02,614.352728,1776243762000
1776243763.974,163.974,0.05,34.7,0.04,67.7,0.06,5.0,0.07,10.0,0.94,5.0,0.93,10.0,0.95,34.7,0.96,67.7,0.01,0.01,614.28564,1776243763000
1776243765.703,165.703,0.05,34.7,0.04,67.7,0.06,5.0,0.07,10.0,0.94,5.0,0.93,10.0,0.95,34.7,0.96,67.7,0.01,0.01,614.088133,1776243764000
1776243766.047,166.047,0.05,34.7,0.04,67.7,0.06,5.0,0.07,10.0,0.94,5.0,0.93,10.0,0.95,34.7,0.96,67.7,0.01,0.01,614.066,1776243765000
1776243767.311,167.311,0.05,34.7,0.04,67.7,0.06,5.0,0.07,10.0,0.94,5.0,0.93,10.0,0.95,34.7,0.96,67.7,0.01,0.01,614.039463,1776243766000
1776243768.368,168.368,0.05,34.7,0.04,67.7,0.06,5.0,0.07,10.0,0.94,5.0,0.93,10.0,0.95,34.7,0.96,67.7,0.01,0.01,614.015,1776243767000
1776243768.975,168.975,0.05,34.7,0.04,67.7,0.06,5.0,0.07,10.0,0.94,5.0,0.93,10.0,0.95,34.7,0.96,67.7,0.01,0.01,613.988,1776243768000
1776243770.109,170.109,0.05,34.7,0.04,67.7,0.06,5.0,0.07,10.0,0.94,5.0,0.93,10.0,0.95,34.7,0.96,67.7,0.01,0.01,613.988,1776243769000
1776243771.259,171.259,0.05,34.7,0.04,67.7,0.06,5.0,0.07,10.0,0.94,5.0,0.93,10.0,0.95,34.7,0.96,67.7,0.01,0.01,613.9793,1776243770000
1776243772.479,172.479,0.05,34.7,0.04,67.7,0.06,5.0,0.07,10.0,0.94,5.0,0.93,10.0,0.95,34.7,0.96,67.7,0.01,0.01,613.9899,1776243771000
1776243772.923,172.923,0.05,34.7,0.04,67.7,0.06,5.0,0.07,10.0,0.94,5.0,0.93,10.0,0.95,34.7,0.96,67.7,0.01,0.01,614.001,1776243772000
1776243773.98,173.98,0.05,34.7,0.04,67.7,0.06,5.0,0.07,10.0,0.94,5.0,0.93,10.0,0.95,34.7,0.96,67.7,0.01,0.01,614.145,1776243773000
1776243775.123,175.123,0.05,34.7,0.04,67.7,0.06,5.0,0.07,10.0,0.94,5.0,0.93,10.0,0.95,34.7,0.96,67.7,0.01,0.01,614.145,1776243774000
1776243775.661,175.661,0.11,45.0,0.03,94.3,0.18,5.0,0.19,5.0,0.94,5.0,0.93,10.0,0.95,34.7,0.96,67.7,0.07,0.01,614.145,1776243774000
1776243776.216,176.216,0.11,45.0,0.03,94.3,0.18,5.0,0.19,5.0,0.82,5.0,0.81,5.0,0.89,45.0,0.97,94.3,0.07,0.07,614.135,1776243775000
1776243777.439,177.439,0.15,5.0,0.14,5.0,0.17,20.0,0.18,5.0,0.83,20.0,0.82,5.0,0.85,5.0,0.86,5.0,0.02,0.02,614.223,1776243776000
1776243777.991,177.991,0.15,5.0,0.14,5.0,0.17,20.0,0.18,5.0,0.83,20.0,0.82,5.0,0.85,5.0,0.86,5.0,0.02,0.02,614.230905,1776243777000
1776243779.165,179.165,0.15,5.0,0.14,5.0,0.17,20.0,0.18,5.0,0.83,20.0,0.82,5.0,0.85,5.0,0.86,5.0,0.02,0.02,614.256,1776243778000
1776243780.344,180.344,0.15,5.0,0.14,5.0,0.17,20.0,0.18,5.0,0.83,20.0,0.82,5.0,0.85,5.0,0.86,5.0,0.02,0.02,614.29,1776243779000
1776243781.436,181.436,0.15,5.0,0.14,5.0,0.17,20.0,0.18,5.0,0.83,20.0,0.82,5.0,0.85,5.0,0.86,5.0,0.02,0.02,614.337,1776243780000
1776243781.976,181.976,0.15,2.82,0.14,5.0,0.16,14.0,0.21,5.0,0.83,20.0,0.82,5.0,0.85,5.0,0.86,5.0,0.01,0.02,614.337,1776243780000
1776243783.153,183.153,0.15,2.82,0.14,5.0,0.16,14.0,0.21,5.0,0.84,14.0,0.79,5.0,0.85,2.82,0.86,5.0,0.01,0.01,614.364,1776243782000
1776243784.715,184.715,0.15,2.82,0.14,5.0,0.16,14.0,0.21,5.0,0.84,14.0,0.79,5.0,0.85,2.82,0.86,5.0,0.01,0.01,614.41023,1776243783000
1776243785.382,185.382,0.15,2.82,0.14,5.0,0.16,14.0,0.21,5.0,0.84,14.0,0.79,5.0,0.85,2.82,0.86,5.0,0.01,0.01,614.41361,1776243784000
1776243786.3,186.3,0.15,2.82,0.14,5.0,0.16,14.0,0.21,5.0,0.84,14.0,0.79,5.0,0.85,2.82,0.86,5.0,0.01,0.01,614.409,1776243785000
1776243787.684,187.684,0.15,2.82,0.14,5.0,0.16,14.0,0.21,5.0,0.84,14.0,0.79,5.0,0.85,2.82,0.86,5.0,0.01,0.01,614.3906,1776243786000
1776243788.533,188.533,0.15,2.82,0.14,5.0,0.16,14.0,0.21,5.0,0.84,14.0,0.79,5.0,0.85,2.82,0.86,5.0,0.01,0.01,614.38131,1776243787000
1776243789.253,189.253,0.15,2.82,0.14,5.0,0.16,14.0,0.21,5.0,0.84,14.0,0.79,5.0,0.85,2.82,0.86,5.0,0.01,0.01,614.4117,1776243788000
1776243790.55,190.55,0.15,2.82,0.14,5.0,0.16,14.0,0.21,5.0,0.84,14.0,0.79,5.0,0.85,2.82,0.86,5.0,0.01,0.01,614.42332,1776243789000
1776243791.233,191.233,0.15,2.82,0.14,5.0,0.16,14.0,0.21,5.0,0.84,14.0,0.79,5.0,0.85,2.82,0.86,5.0,0.01,0.01,614.42009,1776243790000
1776243792.647,192.647,0.15,2.82,0.14,5.0,0.16,14.0,0.21,5.0,0.84,14.0,0.79,5.0,0.85,2.82,0.86,5.0,0.01,0.01,614.41924,1776243791000
1776243793.583,193.583,0.15,2.82,0.14,5.0,0.16,14.0,0.21,5.0,0.84,14.0,0.79,5.0,0.85,2.82,0.86,5.0,0.01,0.01,614.41874,1776243792000
1776243794.333,194.333,0.15,2.82,0.14,5.0,0.16,14.0,0.21,5.0,0.84,14.0,0.79,5.0,0.85,2.82,0.86,5.0,0.01,0.01,614.428491,1776243793000
1776243795.114,195.114,0.15,2.82,0.14,5.0,0.16,14.0,0.21,5.0,0.84,14.0,0.79,5.0,0.85,2.82,0.86,5.0,0.01,0.01,614.402934,1776243794000
1776243796.754,196.754,0.15,2.82,0.14,5.0,0.16,14.0,0.21,5.0,0.84,14.0,0.79,5.0,0.85,2.82,0.86,5.0,0.01,0.01,614.348,1776243795000
1776243797.617,197.617,0.15,2.82,0.14,5.0,0.16,14.0,0.21,5.0,0.84,14.0,0.79,5.0,0.85,2.82,0.86,5.0,0.01,0.01,614.337,1776243796000
1776243798.446,198.446,0.15,2.82,0.14,5.0,0.16,14.0,0.21,5.0,0.84,14.0,0.79,5.0,0.85,2.82,0.86,5.0,0.01,0.01,614.332,1776243797000
1776243799.225,199.225,0.15,2.82,0.14,5.0,0.16,14.0,0.21,5.0,0.84,14.0,0.79,5.0,0.85,2.82,0.86,5.0,0.01,0.01,614.335,1776243798000
1776243800.811,200.811,0.15,2.82,0.14,5.0,0.16,14.0,0.21,5.0,0.84,14.0,0.79,5.0,0.85,2.82,0.86,5.0,0.01,0.01,614.352,1776243799000
1776243801.59,201.59,0.15,2.82,0.14,5.0,0.16,14.0,0.21,5.0,0.84,14.0,0.79,5.0,0.85,2.82,0.86,5.0,0.01,0.01,614.373,1776243800000
1776243802.626,202.626,0.15,2.82,0.14,5.0,0.16,14.0,0.21,5.0,0.84,14.0,0.79,5.0,0.85,2.82,0.86,5.0,0.01,0.01,614.377,1776243801000
1776243803.275,203.275,0.15,2.82,0.14,5.0,0.16,14.0,0.21,5.0,0.84,14.0,0.79,5.0,0.85,2.82,0.86,5.0,0.01,0.01,614.396,1776243802000
1776243804.165,204.165,0.11,44.83,0.1,5.0,0.14,5.0,0.15,5.0,0.86,5.0,0.85,5.0,0.89,44.83,0.9,5.0,0.03,0.03,614.372,1776243803000
1776243805.217,205.217,0.11,44.83,0.1,5.0,0.14,5.0,0.15,5.0,0.86,5.0,0.85,5.0,0.89,44.83,0.9,5.0,0.03,0.03,614.36858,1776243804000
1776243806.29,206.29,0.11,44.83,0.1,5.0,0.14,5.0,0.15,5.0,0.86,5.0,0.85,5.0,0.89,44.83,0.9,5.0,0.03,0.03,614.36688,1776243805000
1776243807.324,207.324,0.11,44.83,0.1,5.0,0.14,5.0,0.15,5.0,0.86,5.0,0.85,5.0,0.89,44.83,0.9,5.0,0.03,0.03,614.35622,1776243806000
1776243808.288,208.288,0.11,44.83,0.1,5.0,0.14,5.0,0.15,5.0,0.86,5.0,0.85,5.0,0.89,44.83,0.9,5.0,0.03,0.03,614.394,1776243807000
1776243809.264,209.264,0.11,44.83,0.1,5.0,0.14,5.0,0.15,5.0,0.86,5.0,0.85,5.0,0.89,44.83,0.9,5.0,0.03,0.03,614.386,1776243808000
1776243810.244,210.244,0.11,44.83,0.1,5.0,0.14,5.0,0.15,5.0,0.86,5.0,0.85,5.0,0.89,44.83,0.9,5.0,0.03,0.03,614.378,1776243809000
1776243811.291,211.291,0.11,44.83,0.1,5.0,0.14,5.0,0.15,5.0,0.86,5.0,0.85,5.0,0.89,44.83,0.9,5.0,0.03,0.03,614.378,1776243810000
1776243812.303,212.303,0.11,44.83,0.1,5.0,0.14,5.0,0.15,5.0,0.86,5.0,0.85,5.0,0.89,44.83,0.9,5.0,0.03,0.03,614.417,1776243811000
1776243813.277,213.277,0.11,44.83,0.1,5.0,0.14,5.0,0.15,5.0,0.86,5.0,0.85,5.0,0.89,44.83,0.9,5.0,0.03,0.03,614.398495,1776243812000
1776243814.255,214.255,0.11,44.83,0.1,5.0,0.14,5.0,0.15,5.0,0.86,5.0,0.85,5.0,0.89,44.83,0.9,5.0,0.03,0.03,614.391618,1776243813000
1776243815.783,215.783,0.11,44.83,0.1,5.0,0.14,5.0,0.15,5.0,0.86,5.0,0.85,5.0,0.89,44.83,0.9,5.0,0.03,0.03,614.401,1776243814000
1776243816.263,216.263,0.11,44.83,0.1,5.0,0.14,5.0,0.15,5.0,0.86,5.0,0.85,5.0,0.89,44.83,0.9,5.0,0.03,0.03,614.39419,1776243815000
1776243817.472,217.472,0.11,44.83,0.1,5.0,0.14,5.0,0.15,5.0,0.86,5.0,0.85,5.0,0.89,44.83,0.9,5.0,0.03,0.03,614.40346,1776243816000
1776243818.032,218.032,0.11,44.83,0.1,5.0,0.14,5.0,0.15,5.0,0.86,5.0,0.85,5.0,0.89,44.83,0.9,5.0,0.03,0.03,614.407,1776243817000
1776243819.111,219.111,0.11,44.83,0.1,5.0,0.14,5.0,0.15,5.0,0.86,5.0,0.85,5.0,0.89,44.83,0.9,5.0,0.03,0.03,614.43114,1776243818000
1776243820.208,220.208,0.11,44.83,0.1,5.0,0.14,5.0,0.15,5.0,0.86,5.0,0.85,5.0,0.89,44.83,0.9,5.0,0.03,0.03,614.4136,1776243819000
1776243821.358,221.358,0.11,44.83,0.1,5.0,0.14,5.0,0.15,5.0,0.86,5.0,0.85,5.0,0.89,44.83,0.9,5.0,0.03,0.03,614.42679,1776243820000
1776243822.444,222.444,0.11,44.83,0.1,5.0,0.14,5.0,0.15,5.0,0.86,5.0,0.85,5.0,0.89,44.83,0.9,5.0,0.03,0.03,614.416,1776243821000
1776243822.958,222.958,0.11,44.83,0.1,5.0,0.14,5.0,0.15,5.0,0.86,5.0,0.85,5.0,0.89,44.83,0.9,5.0,0.03,0.03,614.416,1776243822000
1776243823.989,223.989,0.11,44.83,0.1,5.0,0.14,5.0,0.15,5.0,0.86,5.0,0.85,5.0,0.89,44.83,0.9,5.0,0.03,0.03,614.42459,1776243823000
1776243825.092,225.092,0.11,44.83,0.1,5.0,0.14,5.0,0.15,5.0,0.86,5.0,0.85,5.0,0.89,44.83,0.9,5.0,0.03,0.03,614.42584,1776243824000
1776243825.54,225.54,0.13,23.0,0.12,29.6,0.15,5.0,0.16,5.0,0.86,5.0,0.85,5.0,0.89,44.83,0.9,5.0,0.02,0.03,614.42584,1776243824000
1776243826.374,226.374,0.13,23.0,0.12,29.6,0.15,5.0,0.16,5.0,0.85,5.0,0.84,5.0,0.87,23.0,0.88,29.6,0.02,0.02,614.397,1776243825000
1776243826.948,226.948,0.13,23.0,0.12,29.6,0.15,5.0,0.16,5.0,0.85,5.0,0.84,5.0,0.87,23.0,0.88,29.6,0.02,0.02,614.396,1776243826000
1776243827.991,227.991,0.13,23.0,0.12,29.6,0.15,5.0,0.16,5.0,0.85,5.0,0.84,5.0,0.87,23.0,0.88,29.6,0.02,0.02,614.394074,1776243827000
1776243829.057,229.057,0.13,23.0,0.12,29.6,0.15,5.0,0.16,5.0,0.85,5.0,0.84,5.0,0.87,23.0,0.88,29.6,0.02,0.02,614.382,1776243828000
1776243830.161,230.161,0.13,23.0,0.12,29.6,0.15,5.0,0.16,5.0,0.85,5.0,0.84,5.0,0.87,23.0,0.88,29.6,0.02,0.02,614.382,1776243829000
1776243831.826,231.826,0.13,23.0,0.12,29.6,0.15,5.0,0.16,5.0,0.85,5.0,0.84,5.0,0.87,23.0,0.88,29.6,0.02,0.02,614.388,1776243830000
1776243832.543,232.543,0.13,23.0,0.12,29.6,0.15,5.0,0.16,5.0,0.85,5.0,0.84,5.0,0.87,23.0,0.88,29.6,0.02,0.02,614.39,1776243831000
1776243833.183,233.183,0.13,23.0,0.12,29.6,0.15,5.0,0.16,5.0,0.85,5.0,0.84,5.0,0.87,23.0,0.88,29.6,0.02,0.02,614.392,1776243832000
1776243834.402,234.402,0.15,5.0,0.14,5.0,0.16,12.0,0.17,5.0,0.85,5.0,0.84,5.0,0.87,23.0,0.88,29.6,0.01,0.02,614.392,1776243832000
1776243834.684,234.684,0.15,5.0,0.14,5.0,0.16,12.0,0.17,5.0,0.84,12.0,0.83,5.0,0.85,5.0,0.86,5.0,0.01,0.01,614.404,1776243833000
1776243835.52,235.52,0.15,5.0,0.14,5.0,0.16,12.0,0.17,5.0,0.84,12.0,0.83,5.0,0.85,5.0,0.86,5.0,0.01,0.01,614.404,1776243834000
1776243836.093,236.093,0.15,5.0,0.14,5.0,0.16,12.0,0.17,5.0,0.84,12.0,0.83,5.0,0.85,5.0,0.86,5.0,0.01,0.01,614.397,1776243835000
1776243837.418,237.418,0.15,5.0,0.14,5.0,0.16,12.0,0.17,5.0,0.84,12.0,0.83,5.0,0.85,5.0,0.86,5.0,0.01,0.01,614.412,1776243836000
1776243838.143,238.143,0.15,5.0,0.14,5.0,0.16,12.0,0.17,5.0,0.84,12.0,0.83,5.0,0.85,5.0,0.86,5.0,0.01,0.01,614.412,1776243837000
1776243839.263,239.263,0.15,5.0,0.14,5.0,0.16,12.0,0.17,5.0,0.84,12.0,0.83,5.0,0.85,5.0,0.86,5.0,0.01,0.01,614.435,1776243838000
1776243840.641,240.641,0.11,38.7,0.1,5.0,0.12,5.0,0.13,5.0,0.84,12.0,0.83,5.0,0.85,5.0,0.86,5.0,0.01,0.01,614.435,1776243838000
1776243841.51,241.51,0.11,38.7,0.1,5.0,0.12,5.0,0.13,5.0,0.88,5.0,0.87,5.0,0.89,38.7,0.9,5.0,0.01,0.01,614.427,1776243840000
1776243842.077,242.077,0.11,38.7,0.1,5.0,0.12,5.0,0.13,5.0,0.88,5.0,0.87,5.0,0.89,38.7,0.9,5.0,0.01,0.01,614.427,1776243841000
1776243842.427,242.427,0.14,5.0,0.13,5.0,0.16,5.0,0.17,5.0,0.88,5.0,0.87,5.0,0.89,38.7,0.9,5.0,0.02,0.01,614.427,1776243841000
1776243843.437,243.437,0.14,5.0,0.13,5.0,0.16,5.0,0.17,5.0,0.84,5.0,0.83,5.0,0.86,5.0,0.87,5.0,0.02,0.02,614.426,1776243842000
1776243844.113,244.113,0.14,5.0,0.13,5.0,0.16,5.0,0.17,5.0,0.84,5.0,0.83,5.0,0.86,5.0,0.87,5.0,0.02,0.02,614.426,1776243843000
1776243845.377,245.377,0.14,5.0,0.13,5.0,0.16,5.0,0.17,5.0,0.84,5.0,0.83,5.0,0.86,5.0,0.87,5.0,0.02,0.02,614.43,1776243844000
1776243845.924,245.924,0.11,24.95,0.09,5.0,0.12,5.0,0.13,5.0,0.88,5.0,0.87,5.0,0.89,30.74,0.9,5.0,0.01,0.01,614.43,1776243844000
1776243846.755,246.755,0.11,24.95,0.09,5.0,0.12,5.0,0.13,5.0,0.88,5.0,0.87,5.0,0.89,24.95,0.91,5.0,0.01,0.01,614.451,1776243845000
1776243847.527,247.527,0.11,24.95,0.09,5.0,0.12,5.0,0.13,5.0,0.88,5.0,0.87,5.0,0.89,24.95,0.91,5.0,0.01,0.01,614.456,1776243846000
1776243848.727,248.727,0.11,24.95,0.09,5.0,0.12,5.0,0.13,5.0,0.88,5.0,0.87,5.0,0.89,24.95,0.91,5.0,0.01,0.01,614.455,1776243847000
1776243849.213,249.213,0.11,24.95,0.09,5.0,0.12,5.0,0.13,5.0,0.88,5.0,0.87,5.0,0.89,24.95,0.91,5.0,0.01,0.01,614.45,1776243848000
1776243850.327,250.327,0.11,24.95,0.09,5.0,0.12,5.0,0.13,5.0,0.88,5.0,0.87,5.0,0.89,24.95,0.91,5.0,0.01,0.01,614.44414,1776243849000
1776243851.266,251.266,0.11,24.95,0.09,5.0,0.12,5.0,0.13,5.0,0.88,5.0,0.87,5.0,0.89,24.95,0.91,5.0,0.01,0.01,614.449,1776243850000
1776243852.427,252.427,0.11,24.95,0.09,5.0,0.12,5.0,0.13,5.0,0.88,5.0,0.87,5.0,0.89,24.95,0.91,5.0,0.01,0.01,614.46,1776243851000
1776243852.95,252.95,0.11,24.95,0.09,5.0,0.12,5.0,0.13,5.0,0.88,5.0,0.87,5.0,0.89,24.95,0.91,5.0,0.01,0.01,614.452,1776243852000
1776243854.149,254.149,0.11,24.95,0.09,5.0,0.12,5.0,0.13,5.0,0.88,5.0,0.87,5.0,0.89,24.95,0.91,5.0,0.01,0.01,614.401836,1776243853000
1776243855.317,255.317,0.11,24.95,0.09,5.0,0.12,5.0,0.13,5.0,0.88,5.0,0.87,5.0,0.89,24.95,0.91,5.0,0.01,0.01,614.461,1776243854000
1776243856.397,256.397,0.11,24.95,0.09,5.0,0.12,5.0,0.13,5.0,0.88,5.0,0.87,5.0,0.89,24.95,0.91,5.0,0.01,0.01,614.456,1776243855000
1776243856.861,256.861,0.11,24.95,0.09,5.0,0.12,5.0,0.13,5.0,0.88,5.0,0.87,5.0,0.89,24.95,0.91,5.0,0.01,0.01,614.454,1776243856000
1776243857.927,257.927,0.11,65.33,0.06,46.1,0.12,5.0,0.13,5.0,0.88,5.0,0.87,5.0,0.89,65.33,0.94,46.1,0.01,0.01,614.454,1776243857000
1776243859.014,259.014,0.11,65.33,0.06,46.1,0.12,5.0,0.13,5.0,0.88,5.0,0.87,5.0,0.89,65.33,0.94,46.1,0.01,0.01,614.449805,1776243858000
1776243859.23,259.23,0.21,48.0,0.2,5.0,0.25,5.1,0.3,7.1,0.88,5.0,0.87,5.0,0.89,65.33,0.94,46.1,0.04,0.01,614.449805,1776243858000
1776243859.483,259.483,0.24,5.0,0.23,5.0,0.27,5.0,0.28,5.0,0.75,5.1,0.7,7.1,0.79,48.0,0.8,5.0,0.03,0.04,614.449805,1776243858000
1776243860.003,260.003,0.24,5.0,0.23,5.0,0.28,5.0,0.29,5.0,0.72,5.0,0.71,5.0,0.76,5.0,0.77,5.0,0.04,0.04,614.448,1776243859000
1776243861.015,261.015,0.29,5.0,0.28,5.0,0.3,9.0,0.31,5.0,0.7,9.0,0.69,5.0,0.71,5.0,0.72,5.0,0.01,0.01,614.466062,1776243860000
1776243861.378,261.378,0.34,3.48,0.33,5.0,0.35,5.0,0.36,5.0,0.7,9.0,0.69,5.0,0.71,5.0,0.72,5.0,0.01,0.01,614.466062,1776243860000
1776243861.88,261.88,0.37,5.0,0.36,5.0,0.38,3.89,0.39,5.0,0.65,5.0,0.64,5.0,0.66,3.48,0.67,5.0,0.01,0.01,614.466062,1776243860000
1776243862.455,262.455,0.37,5.0,0.36,5.0,0.38,3.89,0.39,5.0,0.62,3.89,0.61,5.0,0.63,5.0,0.64,5.0,0.01,0.01,614.62,1776243861000
1776243862.792,262.792,0.36,6.0,0.34,3.48,0.38,3.89,0.39,5.0,0.62,3.89,0.61,5.0,0.63,5.0,0.64,5.0,0.02,0.01,614.62,1776243861000
1776243863.157,263.157,0.31,50.0,0.27,5.0,0.33,5.0,0.34,5.0,0.62,3.89,0.61,5.0,0.65,5.0,0.66,3.48,0.02,0.03,614.62,1776243862000
1776243863.999,263.999,0.31,56.0,0.27,5.0,0.39,5.0,0.4,5.0,0.61,5.0,0.6,5.0,0.69,56.0,0.73,5.0,0.08,0.08,614.647,1776243863000
1776243864.56,264.56,0.36,5.0,0.35,5.0,0.38,5.0,0.39,5.0,0.61,5.0,0.6,5.0,0.69,56.0,0.73,5.0,0.02,0.08,614.647,1776243863000
1776243864.959,264.959,0.36,5.0,0.35,5.0,0.38,5.0,0.39,5.0,0.62,5.0,0.61,5.0,0.64,5.0,0.65,5.0,0.02,0.02,614.652543,1776243864000
1776243866.036,266.036,0.36,5.0,0.35,5.0,0.38,5.0,0.39,5.0,0.62,5.0,0.61,5.0,0.64,5.0,0.65,5.0,0.02,0.02,614.650866,1776243865000
1776243866.716,266.716,0.27,3.94,0.26,5.0,0.28,5.0,0.29,5.0,0.64,5.0,0.63,5.0,0.66,6.0,0.69,50.0,0.01,0.02,614.650866,1776243865000
1776243866.952,266.952,0.27,2.57,0.26,5.0,0.28,5.0,0.29,5.0,0.72,5.0,0.71,5.0,0.73,2.57,0.74,5.0,0.01,0.01,614.629,1776243866000
1776243868.004,268.004,0.27,2.57,0.26,5.0,0.28,5.0,0.29,5.0,0.72,5.0,0.71,5.0,0.73,2.57,0.74,5.0,0.01,0.01,614.611461,1776243867000
1776243869.162,269.162,0.27,2.57,0.26,5.0,0.28,5.0,0.29,5.0,0.72,5.0,0.71,5.0,0.73,2.57,0.74,5.0,0.01,0.01,614.586,1776243868000
1776243870.024,270.024,0.21,3.39,0.2,5.0,0.23,5.0,0.24,5.0,0.72,5.0,0.71,5.0,0.73,2.57,0.74,5.0,0.02,0.01,614.586,1776243868000
1776243870.529,270.529,0.19,2.38,0.18,5.0,0.2,5.0,0.21,5.0,0.77,5.0,0.76,5.0,0.79,3.39,0.8,5.0,0.01,0.02,614.582,1776243869000
1776243871.136,271.136,0.19,2.38,0.18,5.0,0.2,5.0,0.21,5.0,0.8,5.0,0.79,5.0,0.81,2.38,0.82,5.0,0.01,0.01,614.574944,1776243870000
1776243872.164,272.164,0.19,2.38,0.18,5.0,0.2,5.0,0.21,5.0,0.8,5.0,0.79,5.0,0.81,2.38,0.82,5.0,0.01,0.01,614.559,1776243871000
1776243873.153,273.153,0.19,2.38,0.18,5.0,0.2,5.0,0.21,5.0,0.8,5.0,0.79,5.0,0.81,2.38,0.82,5.0,0.01,0.01,614.564612,1776243872000
1776243873.396,273.396,0.19,5.0,0.18,5.0,0.22,5.0,0.23,5.0,0.8,5.0,0.79,5.0,0.81,2.38,0.82,5.0,0.03,0.01,614.564612,1776243872000
1776243874.204,274.204,0.19,5.0,0.18,5.0,0.22,5.0,0.23,5.0,0.78,5.0,0.77,5.0,0.81,5.0,0.82,5.0,0.03,0.03,614.55678,1776243873000
1776243875.792,275.792,0.16,24.17,0.11,15.33,0.17,22.0,0.18,5.0,0.83,22.0,0.82,5.0,0.84,24.17,0.89,15.33,0.01,0.01,614.56211,1776243874000
1776243876.365,276.365,0.16,24.17,0.11,15.33,0.17,22.0,0.18,5.0,0.83,22.0,0.82,5.0,0.84,24.17,0.89,15.33,0.01,0.01,614.483739,1776243875000
1776243876.915,276.915,0.16,13.46,0.11,15.33,0.17,34.0,0.18,5.0,0.83,34.0,0.82,5.0,0.84,13.46,0.89,15.33,0.01,0.01,614.48839,1776243876000
1776243878.092,278.092,0.16,13.46,0.11,15.33,0.17,34.0,0.18,5.0,0.83,34.0,0.82,5.0,0.84,13.46,0.89,15.33,0.01,0.01,614.47933,1776243877000
1776243878.972,278.972,0.16,13.46,0.11,15.33,0.17,34.0,0.18,5.0,0.83,34.0,0.82,5.0,0.84,13.46,0.89,15.33,0.01,0.01,614.5532,1776243878000
1776243880.069,280.069,0.3,5.0,0.29,5.0,0.32,0.56,0.33,5.0,0.83,34.0,0.82,5.0,0.84,13.46,0.89,15.33,0.02,0.01,614.5532,1776243878000
1776243881.03,281.03,0.3,5.0,0.29,5.0,0.34,13.64,0.35,5.0,0.66,13.64,0.65,5.0,0.7,5.0,0.71,5.0,0.04,0.04,614.586716,1776243880000
1776243882.025,282.025,0.3,5.0,0.29,5.0,0.34,13.64,0.35,5.0,0.66,13.64,0.65,5.0,0.7,5.0,0.71,5.0,0.04,0.04,614.617045,1776243881000
1776243882.392,282.392,0.3,5.0,0.29,5.0,0.33,5.0,0.34,5.0,0.66,13.64,0.65,5.0,0.7,5.0,0.71,5.0,0.03,0.04,614.617045,1776243881000
1776243883.046,283.046,0.3,5.0,0.29,5.0,0.33,5.0,0.34,5.0,0.67,5.0,0.66,5.0,0.7,5.0,0.71,5.0,0.03,0.03,614.63318,1776243882000
1776243884.135,284.135,0.33,5.0,0.32,5.0,0.36,1.61,0.37,5.0,0.64,1.61,0.63,5.0,0.67,5.0,0.68,5.0,0.03,0.03,614.63288,1776243883000
1776243884.458,284.458,0.25,5.0,0.24,5.0,0.27,5.0,0.28,5.0,0.64,1.61,0.63,5.0,0.67,5.0,0.68,5.0,0.02,0.03,614.63288,1776243883000
1776243885.182,285.182,0.21,30.0,0.2,5.0,0.24,5.0,0.25,5.0,0.76,5.0,0.75,5.0,0.79,30.0,0.8,5.0,0.03,0.03,614.654,1776243884000
1776243886.324,286.324,0.21,30.0,0.2,5.0,0.24,5.0,0.25,5.0,0.76,5.0,0.75,5.0,0.79,30.0,0.8,5.0,0.03,0.03,614.6329,1776243885000
1776243887.328,287.328,0.21,30.0,0.2,5.0,0.24,5.0,0.25,5.0,0.76,5.0,0.75,5.0,0.79,30.0,0.8,5.0,0.03,0.03,614.612,1776243886000
1776243888.361,288.361,0.21,30.0,0.2,5.0,0.24,5.0,0.25,5.0,0.76,5.0,0.75,5.0,0.79,30.0,0.8,5.0,0.03,0.03,614.62,1776243887000
1776243888.589,288.589,0.21,37.0,0.16,18.46,0.22,11.0,0.23,5.0,0.76,5.0,0.75,5.0,0.79,30.0,0.8,5.0,0.01,0.03,614.62,1776243887000
1776243889.346,289.346,0.21,37.0,0.16,18.46,0.22,6.0,0.23,5.0,0.78,6.0,0.77,5.0,0.79,37.0,0.84,18.46,0.01,0.01,614.607,1776243888000
1776243889.72,289.72,0.21,21.24,0.16,13.46,0.22,23.0,0.23,5.0,0.78,6.0,0.77,5.0,0.79,37.0,0.84,18.46,0.01,0.01,614.607,1776243888000
1776243890.009,290.009,0.16,13.46,0.13,5.0,0.22,23.0,0.23,5.0,0.78,23.0,0.77,5.0,0.84,13.46,0.87,5.0,0.06,0.06,614.602,1776243889000
1776243890.452,290.452,0.1,0.33,0.09,5.0,0.11,21.54,0.12,5.0,0.89,21.54,0.83,5.0,0.9,5.0,0.91,5.0,0.01,0.01,614.602,1776243889000
1776243891.112,291.112,0.09,5.0,0.08,5.0,0.11,21.54,0.12,5.0,0.89,21.54,0.88,5.0,0.91,5.0,0.92,5.0,0.02,0.02,614.58,1776243890000
1776243891.458,291.458,0.1,17.0,0.09,5.0,0.11,4.73,0.13,5.0,0.89,21.54,0.88,5.0,0.91,5.0,0.92,5.0,0.01,0.02,614.58,1776243890000
1776243892.033,292.033,0.1,17.0,0.09,5.0,0.11,4.73,0.13,5.0,0.89,4.73,0.87,5.0,0.9,17.0,0.91,5.0,0.01,0.01,614.53117,1776243891000
1776243893.038,293.038,0.1,17.0,0.09,5.0,0.11,4.73,0.13,5.0,0.89,4.73,0.87,5.0,0.9,17.0,0.91,5.0,0.01,0.01,614.54173,1776243892000
1776243893.238,293.238,0.09,5.0,0.08,5.0,0.11,9.73,0.12,5.0,0.89,4.73,0.87,5.0,0.9,17.0,0.91,5.0,0.02,0.01,614.54173,1776243892000
1776243894.078,294.078,0.08,2.0,0.07,5.0,0.11,9.73,0.12,5.0,0.89,9.73,0.88,5.0,0.92,2.0,0.93,5.0,0.03,0.03,614.55004,1776243893000
1776243895.093,295.093,0.08,2.0,0.07,5.0,0.11,9.73,0.12,5.0,0.89,9.73,0.88,5.0,0.92,2.0,0.93,5.0,0.03,0.03,614.54748,1776243894000
1776243896.159,296.159,0.08,2.0,0.07,5.0,0.11,9.73,0.12,5.0,0.89,9.73,0.88,5.0,0.92,2.0,0.93,5.0,0.03,0.03,614.55087,1776243895000
1776243896.411,296.411,0.07,3.82,0.06,5.0,0.08,5.0,0.09,5.0,0.89,9.73,0.88,5.0,0.92,2.0,0.93,5.0,0.01,0.03,614.55087,1776243895000
1776243897.093,297.093,0.02,10.0,0.01,195.0,0.07,5.0,0.08,5.0,0.92,5.0,0.91,5.0,0.94,5.0,0.95,5.0,0.05,0.02,614.55087,1776243895000
1776243897.32,297.32,0.01,192.77,,,0.03,5.0,0.04,5.0,0.93,5.0,0.92,5.0,0.98,10.0,0.99,195.0,0.02,0.05,614.54664,1776243896000
1776243897.553,297.553,0.01,171.6,,,0.09,2.22,0.1,16.11,0.98,5.0,0.97,5.0,0.99,171.6,,,0.08,0.01,614.54664,1776243896000
1776243897.871,297.871,0.06,4.3,0.05,5.0,0.09,14.22,0.1,16.11,0.91,2.22,0.9,16.11,0.99,169.6,,,0.03,0.08,614.54664,1776243896000
1776243898.135,298.135,0.01,121.1,,,0.04,5.0,0.05,5.0,0.94,5.0,0.93,5.0,0.97,4.0,0.98,5.0,0.03,0.03,614.54664,1776243896000
1776243898.425,298.425,0.01,105.1,,,0.03,5.0,0.04,10.0,0.96,5.0,0.95,5.0,0.99,116.1,,,0.02,0.03,614.54925,1776243897000
1776243898.676,298.676,0.01,43.56,,,0.03,5.0,0.04,10.0,0.97,5.0,0.96,10.0,0.99,58.97,,,0.02,0.02,614.54925,1776243897000
1776243898.959,298.959,0.01,0.41,,,0.02,5.0,0.03,5.0,0.98,5.0,0.97,5.0,0.99,2.44,,,0.01,0.01,614.54925,1776243897000
1776243899.199,299.199,0.01,0.41,,,0.02,5.0,0.03,5.0,0.98,5.0,0.97,5.0,0.99,0.41,,,0.01,0.01,614.54832,1776243898000
1776243900.215,300.215,0.01,0.41,,,0.02,5.0,0.03,5.0,0.98,5.0,0.97,5.0,0.99,0.41,,,0.01,0.01,614.54952,1776243899000
1776243901.24,301.24,0.01,0.41,,,0.02,5.0,0.03,5.0,0.98,5.0,0.97,5.0,0.99,0.41,,,0.01,0.01,614.54958,1776243900000
1776243902.833,302.833,0.01,0.41,,,0.02,5.0,0.03,5.0,0.98,5.0,0.97,5.0,0.99,0.41,,,0.01,0.01,614.52042,1776243901000
