timestamp,elapsed_sec,up_bid_p1,up_bid_s1,up_bid_p2,up_bid_s2,up_ask_p1,up_ask_s1,up_ask_p2,up_ask_s2,down_bid_p1,down_bid_s1,down_bid_p2,down_bid_s2,down_ask_p1,down_ask_s1,down_ask_p2,down_ask_s2,up_spread,down_spread,bnb_price,bnb_oracle_ts
1776249901.559,1.559,0.33,300.0,0.31,375.0,0.49,5.0,0.67,300.0,0.51,5.0,0.33,300.0,0.67,300.0,0.69,375.0,0.16,0.16,614.903654,1776244517000
1776249901.898,1.898,0.33,300.0,0.31,375.0,0.49,5.0,0.67,300.0,0.51,5.0,0.33,300.0,0.67,300.0,0.69,375.0,0.16,0.16,614.903654,1776244517000
1776249904.478,4.478,0.48,5.0,0.47,5.0,0.55,5.0,0.56,5.0,0.51,5.0,0.33,300.0,0.67,300.0,0.69,375.0,0.07,0.16,614.903654,1776244517000
1776249911.811,11.811,0.69,5.0,0.68,5.0,0.7,3.57,0.71,5.0,0.45,5.0,0.44,5.0,0.52,5.0,0.53,5.0,0.01,0.07,614.903654,1776244517000
1776249913.69,13.69,0.68,5.0,0.67,5.0,0.7,5.0,0.71,5.0,0.3,3.57,0.29,5.0,0.31,5.0,0.32,5.0,0.02,0.01,614.903654,1776244517000
1776249915.21,15.21,0.67,5.0,0.66,5.0,0.71,5.0,0.72,5.0,0.3,5.0,0.29,5.0,0.32,5.0,0.33,5.0,0.04,0.02,614.903654,1776244517000
1776249917.412,17.412,0.69,5.0,0.68,5.0,0.72,10.0,0.73,10.0,0.29,5.0,0.28,5.0,0.33,5.0,0.34,5.0,0.03,0.04,614.903654,1776244517000
1776249924.101,24.101,0.71,5.0,0.7,10.0,0.72,3.61,0.73,5.0,0.28,10.0,0.27,10.0,0.31,5.0,0.32,5.0,0.01,0.03,614.903654,1776244517000
1776249925.162,25.162,0.71,5.0,0.7,10.0,0.72,3.61,0.73,5.0,0.28,3.61,0.27,5.0,0.29,5.0,0.3,10.0,0.01,0.01,618.007,1776249924000
1776249926.275,26.275,0.71,5.0,0.7,10.0,0.72,3.61,0.73,5.0,0.28,3.61,0.27,5.0,0.29,5.0,0.3,10.0,0.01,0.01,618.053359,1776249925000
1776249927.312,27.312,0.71,5.0,0.7,10.0,0.72,3.61,0.73,5.0,0.28,3.61,0.27,5.0,0.29,5.0,0.3,10.0,0.01,0.01,618.060466,1776249926000
1776249927.844,27.844,0.77,8.0,0.76,6.0,0.78,5.0,0.79,5.0,0.22,5.0,0.21,5.0,0.23,8.0,0.24,6.0,0.01,0.01,618.065575,1776249927000
1776249929.029,29.029,0.77,8.0,0.76,6.0,0.78,5.0,0.79,5.0,0.22,5.0,0.21,5.0,0.23,8.0,0.24,6.0,0.01,0.01,618.020248,1776249928000
1776249930.025,30.025,0.77,8.0,0.76,6.0,0.78,5.0,0.79,5.0,0.22,5.0,0.21,5.0,0.23,8.0,0.24,6.0,0.01,0.01,618.039,1776249929000
1776249931.161,31.161,0.77,8.0,0.76,6.0,0.78,5.0,0.79,5.0,0.22,5.0,0.21,5.0,0.23,8.0,0.24,6.0,0.01,0.01,618.063211,1776249930000
1776249931.385,31.385,0.84,5.0,0.83,5.0,0.89,100.0,0.91,5.0,0.22,5.0,0.21,5.0,0.23,8.0,0.24,6.0,0.05,0.01,618.063211,1776249930000
1776249932.402,32.402,0.84,5.0,0.83,5.0,0.89,100.0,0.91,5.0,0.11,100.0,0.09,5.0,0.16,5.0,0.17,5.0,0.05,0.05,618.144674,1776249931000
1776249933.845,33.845,0.84,5.0,0.83,5.0,0.89,100.0,0.91,5.0,0.11,100.0,0.09,5.0,0.16,5.0,0.17,5.0,0.05,0.05,618.261592,1776249932000
1776249934.475,34.475,0.84,5.0,0.83,5.0,0.89,100.0,0.91,5.0,0.11,100.0,0.09,5.0,0.16,5.0,0.17,5.0,0.05,0.05,618.317071,1776249933000
1776249934.897,34.897,0.84,5.0,0.83,5.0,0.89,100.0,0.91,5.0,0.11,100.0,0.09,5.0,0.16,5.0,0.17,5.0,0.05,0.05,618.324343,1776249934000
1776249936.443,36.443,0.84,5.0,0.83,5.0,0.89,100.0,0.91,5.0,0.11,100.0,0.09,5.0,0.16,5.0,0.17,5.0,0.05,0.05,618.3,1776249935000
1776249937.589,37.589,0.84,5.0,0.83,5.0,0.89,100.0,0.91,5.0,0.11,100.0,0.09,5.0,0.16,5.0,0.17,5.0,0.05,0.05,618.326,1776249936000
1776249938.199,38.199,0.84,5.0,0.83,5.0,0.89,100.0,0.91,5.0,0.11,100.0,0.09,5.0,0.16,5.0,0.17,5.0,0.05,0.05,618.342,1776249937000
1776249938.574,38.574,0.88,10.0,0.87,16.0,0.89,95.0,0.9,28.9,0.11,100.0,0.09,5.0,0.16,5.0,0.17,5.0,0.01,0.05,618.342,1776249937000
1776249938.969,38.969,0.88,10.0,0.87,26.0,0.89,90.0,0.9,28.9,0.11,95.0,0.1,28.9,0.12,10.0,0.13,16.0,0.01,0.01,618.342,1776249937000
1776249939.403,39.403,0.88,10.0,0.87,26.0,0.89,90.0,0.9,28.9,0.11,90.0,0.1,28.9,0.12,10.0,0.13,26.0,0.01,0.01,618.342,1776249938000
1776249940.435,40.435,0.88,10.0,0.87,26.0,0.89,90.0,0.9,28.9,0.11,90.0,0.1,28.9,0.12,10.0,0.13,26.0,0.01,0.01,618.508749,1776249939000
1776249941.083,41.083,0.88,10.0,0.87,26.0,0.89,90.0,0.9,28.9,0.11,90.0,0.1,28.9,0.12,10.0,0.13,26.0,0.01,0.01,618.516413,1776249940000
1776249942.167,42.167,0.88,10.0,0.87,26.0,0.89,90.0,0.9,28.9,0.11,90.0,0.1,28.9,0.12,10.0,0.13,26.0,0.01,0.01,618.452,1776249941000
1776249943.431,43.431,0.88,10.0,0.87,26.0,0.89,90.0,0.9,28.9,0.11,90.0,0.1,28.9,0.12,10.0,0.13,26.0,0.01,0.01,618.389,1776249942000
1776249943.971,43.971,0.88,10.0,0.87,26.0,0.89,90.0,0.9,28.9,0.11,90.0,0.1,28.9,0.12,10.0,0.13,26.0,0.01,0.01,618.42,1776249943000
1776249945.205,45.205,0.88,10.0,0.87,26.0,0.89,90.0,0.9,28.9,0.11,90.0,0.1,28.9,0.12,10.0,0.13,26.0,0.01,0.01,618.42,1776249944000
1776249946.362,46.362,0.88,10.0,0.87,26.0,0.89,90.0,0.9,28.9,0.11,90.0,0.1,28.9,0.12,10.0,0.13,26.0,0.01,0.01,618.401,1776249945000
1776249946.912,46.912,0.88,10.0,0.87,26.0,0.89,90.0,0.9,28.9,0.11,90.0,0.1,28.9,0.12,10.0,0.13,26.0,0.01,0.01,618.401,1776249946000
1776249948.196,48.196,0.88,10.0,0.87,26.0,0.89,90.0,0.9,28.9,0.11,90.0,0.1,28.9,0.12,10.0,0.13,26.0,0.01,0.01,618.389,1776249947000
1776249948.864,48.864,0.81,5.0,0.8,10.0,0.82,5.0,0.83,5.0,0.11,90.0,0.1,28.9,0.12,10.0,0.13,26.0,0.01,0.01,618.389,1776249947000
1776249949.392,49.392,0.81,4.61,0.75,5.0,0.82,5.0,0.83,5.0,0.18,5.0,0.17,5.0,0.19,5.0,0.2,10.0,0.01,0.01,618.407784,1776249948000
1776249950.074,50.074,0.81,4.61,0.75,5.0,0.82,5.0,0.83,5.0,0.18,5.0,0.17,5.0,0.19,4.61,0.25,5.0,0.01,0.01,618.404,1776249949000
1776249951.039,51.039,0.81,4.61,0.75,5.0,0.82,5.0,0.83,5.0,0.18,5.0,0.17,5.0,0.19,4.61,0.25,5.0,0.01,0.01,618.319955,1776249950000
1776249951.919,51.919,0.74,5.0,0.72,5.0,0.81,45.39,0.82,5.0,0.18,5.0,0.17,5.0,0.19,4.61,0.25,5.0,0.07,0.01,618.319955,1776249950000
1776249952.415,52.415,0.7,5.0,0.69,5.0,0.71,40.0,0.81,45.39,0.19,45.39,0.18,5.0,0.26,5.0,0.28,5.0,0.01,0.07,618.26195,1776249951000
1776249952.908,52.908,0.7,5.0,0.69,5.0,0.71,40.0,0.81,45.39,0.29,40.0,0.19,45.39,0.3,5.0,0.31,5.0,0.01,0.01,618.20462,1776249952000
1776249953.918,53.918,0.7,5.0,0.69,5.0,0.71,40.0,0.81,45.39,0.29,40.0,0.19,45.39,0.3,5.0,0.31,5.0,0.01,0.01,618.14062,1776249953000
1776249954.925,54.925,0.7,5.0,0.69,5.0,0.71,40.0,0.81,45.39,0.29,40.0,0.19,45.39,0.3,5.0,0.31,5.0,0.01,0.01,617.9907,1776249954000
1776249955.799,55.799,0.7,5.0,0.69,5.0,0.71,40.0,0.81,45.39,0.29,40.0,0.19,45.39,0.3,5.0,0.31,5.0,0.01,0.01,618.102,1776249955000
1776249956.981,56.981,0.75,10.0,0.74,5.0,0.78,5.0,0.79,5.0,0.22,5.0,0.21,5.0,0.25,10.0,0.26,5.0,0.03,0.03,618.185,1776249956000
1776249958.311,58.311,0.75,10.0,0.74,5.0,0.78,5.0,0.79,5.0,0.22,5.0,0.21,5.0,0.25,10.0,0.26,5.0,0.03,0.03,618.164,1776249957000
1776249958.664,58.664,0.7,5.0,0.69,5.0,0.76,5.0,0.77,5.0,0.22,5.0,0.21,5.0,0.25,10.0,0.26,5.0,0.06,0.03,618.164,1776249957000
1776249959.347,59.347,0.7,5.0,0.69,5.0,0.76,5.0,0.77,5.0,0.24,5.0,0.23,5.0,0.3,5.0,0.31,5.0,0.06,0.06,618.113,1776249958000
1776249960.272,60.272,0.7,5.0,0.69,5.0,0.76,5.0,0.77,5.0,0.24,5.0,0.23,5.0,0.3,5.0,0.31,5.0,0.06,0.06,618.091407,1776249959000
1776249961.971,61.971,0.7,5.0,0.69,5.0,0.76,5.0,0.77,5.0,0.24,5.0,0.23,5.0,0.3,5.0,0.31,5.0,0.06,0.06,618.096727,1776249960000
1776249962.517,62.517,0.7,5.0,0.69,5.0,0.76,5.0,0.77,5.0,0.24,5.0,0.23,5.0,0.3,5.0,0.31,5.0,0.06,0.06,618.120592,1776249961000
1776249963.12,63.12,0.7,5.0,0.69,5.0,0.76,5.0,0.77,5.0,0.24,5.0,0.23,5.0,0.3,5.0,0.31,5.0,0.06,0.06,618.204499,1776249962000
1776249964.402,64.402,0.7,5.0,0.69,5.0,0.76,5.0,0.77,5.0,0.24,5.0,0.23,5.0,0.3,5.0,0.31,5.0,0.06,0.06,618.220653,1776249963000
1776249965.441,65.441,0.7,5.0,0.69,5.0,0.76,5.0,0.77,5.0,0.24,5.0,0.23,5.0,0.3,5.0,0.31,5.0,0.06,0.06,618.227,1776249964000
1776249965.987,65.987,0.7,5.0,0.69,5.0,0.76,5.0,0.77,5.0,0.24,5.0,0.23,5.0,0.3,5.0,0.31,5.0,0.06,0.06,618.42084,1776249965000
1776249967.189,67.189,0.7,5.0,0.69,5.0,0.76,5.0,0.77,5.0,0.24,5.0,0.23,5.0,0.3,5.0,0.31,5.0,0.06,0.06,618.451,1776249966000
1776249968.219,68.219,0.7,5.0,0.69,5.0,0.76,5.0,0.77,5.0,0.24,5.0,0.23,5.0,0.3,5.0,0.31,5.0,0.06,0.06,618.407289,1776249967000
1776249969.331,69.331,0.7,5.0,0.69,5.0,0.76,5.0,0.77,5.0,0.24,5.0,0.23,5.0,0.3,5.0,0.31,5.0,0.06,0.06,618.358,1776249968000
1776249969.978,69.978,0.7,5.0,0.69,5.0,0.76,5.0,0.77,5.0,0.24,5.0,0.23,5.0,0.3,5.0,0.31,5.0,0.06,0.06,618.349324,1776249969000
1776249970.979,70.979,0.7,5.0,0.69,5.0,0.76,5.0,0.77,5.0,0.24,5.0,0.23,5.0,0.3,5.0,0.31,5.0,0.06,0.06,618.372,1776249970000
1776249972.196,72.196,0.7,5.0,0.69,5.0,0.76,5.0,0.77,5.0,0.24,5.0,0.23,5.0,0.3,5.0,0.31,5.0,0.06,0.06,618.323472,1776249971000
1776249972.707,72.707,0.85,16.0,0.84,5.0,0.89,5.0,0.9,5.0,0.24,5.0,0.23,5.0,0.3,5.0,0.31,5.0,0.04,0.06,618.323472,1776249971000
1776249973.125,73.125,0.85,16.0,0.84,5.0,0.89,5.0,0.9,5.0,0.11,5.0,0.1,5.0,0.15,16.0,0.16,5.0,0.04,0.04,618.365428,1776249972000
1776249974.23,74.23,0.85,16.0,0.84,5.0,0.89,5.0,0.9,5.0,0.11,5.0,0.1,5.0,0.15,16.0,0.16,5.0,0.04,0.04,618.451258,1776249973000
1776249975.257,75.257,0.85,16.0,0.84,5.0,0.89,5.0,0.9,5.0,0.11,5.0,0.1,5.0,0.15,16.0,0.16,5.0,0.04,0.04,618.476025,1776249974000
1776249976.463,76.463,0.85,16.0,0.84,5.0,0.89,5.0,0.9,5.0,0.11,5.0,0.1,5.0,0.15,16.0,0.16,5.0,0.04,0.04,618.47747,1776249975000
1776249977.048,77.048,0.85,16.0,0.84,5.0,0.89,5.0,0.9,5.0,0.11,5.0,0.1,5.0,0.15,16.0,0.16,5.0,0.04,0.04,618.478738,1776249976000
1776249978.211,78.211,0.85,16.0,0.84,5.0,0.89,5.0,0.9,5.0,0.11,5.0,0.1,5.0,0.15,16.0,0.16,5.0,0.04,0.04,618.479711,1776249977000
1776249979.377,79.377,0.85,16.0,0.84,5.0,0.89,5.0,0.9,5.0,0.11,5.0,0.1,5.0,0.15,16.0,0.16,5.0,0.04,0.04,618.479713,1776249978000
1776249979.999,79.999,0.85,16.0,0.84,5.0,0.89,5.0,0.9,5.0,0.11,5.0,0.1,5.0,0.15,16.0,0.16,5.0,0.04,0.04,618.479549,1776249979000
1776249981.004,81.004,0.85,16.0,0.84,5.0,0.89,5.0,0.9,5.0,0.11,5.0,0.1,5.0,0.15,16.0,0.16,5.0,0.04,0.04,618.480313,1776249980000
1776249982.259,82.259,0.85,16.0,0.84,5.0,0.89,5.0,0.9,5.0,0.11,5.0,0.1,5.0,0.15,16.0,0.16,5.0,0.04,0.04,618.479591,1776249981000
1776249983.356,83.356,0.85,16.0,0.84,5.0,0.89,5.0,0.9,5.0,0.11,5.0,0.1,5.0,0.15,16.0,0.16,5.0,0.04,0.04,618.524772,1776249982000
1776249986.714,86.714,0.85,16.0,0.84,5.0,0.89,5.0,0.9,5.0,0.11,5.0,0.1,5.0,0.15,16.0,0.16,5.0,0.04,0.04,618.529383,1776249985000
1776249987.227,87.227,0.85,16.0,0.84,5.0,0.89,5.0,0.9,5.0,0.11,5.0,0.1,5.0,0.15,16.0,0.16,5.0,0.04,0.04,618.529393,1776249986000
1776249988.303,88.303,0.85,16.0,0.84,5.0,0.89,5.0,0.9,5.0,0.11,5.0,0.1,5.0,0.15,16.0,0.16,5.0,0.04,0.04,618.529538,1776249987000
1776249989.39,89.39,0.85,16.0,0.84,5.0,0.89,5.0,0.9,5.0,0.11,5.0,0.1,5.0,0.15,16.0,0.16,5.0,0.04,0.04,618.537781,1776249988000
1776249990.039,90.039,0.85,16.0,0.84,5.0,0.89,5.0,0.9,5.0,0.11,5.0,0.1,5.0,0.15,16.0,0.16,5.0,0.04,0.04,618.538719,1776249989000
1776249991.069,91.069,0.85,16.0,0.84,5.0,0.89,5.0,0.9,5.0,0.11,5.0,0.1,5.0,0.15,16.0,0.16,5.0,0.04,0.04,618.521975,1776249990000
1776249992.16,92.16,0.85,16.0,0.84,5.0,0.89,5.0,0.9,5.0,0.11,5.0,0.1,5.0,0.15,16.0,0.16,5.0,0.04,0.04,618.54548,1776249991000
1776249993.225,93.225,0.85,16.0,0.84,5.0,0.89,5.0,0.9,5.0,0.11,5.0,0.1,5.0,0.15,16.0,0.16,5.0,0.04,0.04,618.549977,1776249992000
1776249994.317,94.317,0.85,16.0,0.84,5.0,0.89,5.0,0.9,5.0,0.11,5.0,0.1,5.0,0.15,16.0,0.16,5.0,0.04,0.04,618.549979,1776249993000
1776249995.452,95.452,0.85,16.0,0.84,5.0,0.89,5.0,0.9,5.0,0.11,5.0,0.1,5.0,0.15,16.0,0.16,5.0,0.04,0.04,618.549872,1776249994000
1776249995.932,95.932,0.87,54.0,0.86,21.6,0.89,5.0,0.9,5.0,0.11,5.0,0.1,5.0,0.13,54.0,0.14,21.6,0.02,0.02,618.549853,1776249995000
1776249997.045,97.045,0.87,54.0,0.86,21.6,0.89,5.0,0.9,5.0,0.11,5.0,0.1,5.0,0.13,54.0,0.14,21.6,0.02,0.02,618.543201,1776249996000
1776249997.502,97.502,0.87,54.0,0.86,21.6,0.89,5.0,0.9,5.0,0.11,5.0,0.1,5.0,0.13,54.0,0.14,21.6,0.02,0.02,618.543201,1776249996000
1776249998.203,98.203,0.87,54.0,0.86,21.6,0.89,5.0,0.9,5.0,0.11,5.0,0.1,5.0,0.13,54.0,0.14,21.6,0.02,0.02,618.54303,1776249997000
1776249999.237,99.237,0.87,54.0,0.86,21.6,0.89,5.0,0.9,5.0,0.11,5.0,0.1,5.0,0.13,54.0,0.14,21.6,0.02,0.02,618.543049,1776249998000
1776250000.813,100.813,0.87,54.0,0.86,26.6,0.89,5.0,0.9,5.0,0.11,5.0,0.1,5.0,0.13,54.0,0.14,26.6,0.02,0.02,618.543088,1776249999000
1776250001.286,101.286,0.87,54.0,0.86,26.6,0.89,5.0,0.9,5.0,0.11,5.0,0.1,5.0,0.13,54.0,0.14,26.6,0.02,0.02,618.544692,1776250000000
1776250001.492,101.492,0.88,33.6,0.87,50.0,0.9,5.0,0.91,5.0,0.11,5.0,0.1,5.0,0.13,54.0,0.14,26.6,0.02,0.02,618.544692,1776250000000
1776250002.464,102.464,0.88,33.6,0.87,50.0,0.9,5.0,0.91,5.0,0.1,5.0,0.09,5.0,0.12,33.6,0.13,50.0,0.02,0.02,618.544801,1776250001000
1776250003.025,103.025,0.88,33.6,0.87,50.0,0.9,5.0,0.91,5.0,0.1,5.0,0.09,5.0,0.12,33.6,0.13,50.0,0.02,0.02,618.544801,1776250002000
1776250003.342,103.342,0.89,38.6,0.88,33.6,0.91,5.0,0.92,5.0,0.1,5.0,0.09,5.0,0.12,33.6,0.13,50.0,0.02,0.02,618.544801,1776250002000
1776250004.119,104.119,0.89,38.6,0.88,33.6,0.91,5.0,0.92,5.0,0.09,5.0,0.08,5.0,0.11,38.6,0.12,33.6,0.02,0.02,618.544803,1776250003000
1776250005.185,105.185,0.89,38.6,0.88,33.6,0.91,5.0,0.92,5.0,0.09,5.0,0.08,5.0,0.11,38.6,0.12,33.6,0.02,0.02,618.544806,1776250004000
1776250006.302,106.302,0.9,28.9,0.89,43.6,0.92,5.0,0.93,5.0,0.08,5.0,0.07,5.0,0.1,28.9,0.11,43.6,0.02,0.02,618.541446,1776250005000
1776250007.455,107.455,0.9,28.9,0.89,43.6,0.92,5.0,0.93,5.0,0.08,5.0,0.07,5.0,0.1,28.9,0.11,43.6,0.02,0.02,618.543291,1776250006000
1776250007.996,107.996,0.9,28.9,0.89,43.6,0.92,5.0,0.93,5.0,0.08,5.0,0.07,5.0,0.1,28.9,0.11,43.6,0.02,0.02,618.5433,1776250007000
1776250009.097,109.097,0.9,45.9,0.89,31.6,0.92,5.0,0.93,5.0,0.08,5.0,0.07,5.0,0.1,45.9,0.11,31.6,0.02,0.02,618.543299,1776250008000
1776250010.3,110.3,0.9,45.9,0.89,31.6,0.92,5.0,0.93,5.0,0.08,5.0,0.07,5.0,0.1,45.9,0.11,31.6,0.02,0.02,618.542456,1776250009000
1776250010.797,110.797,0.9,45.9,0.89,31.6,0.92,5.0,0.93,5.0,0.08,5.0,0.07,5.0,0.1,45.9,0.11,31.6,0.02,0.02,618.542456,1776250010000
1776250011.937,111.937,0.9,45.9,0.89,31.6,0.92,5.0,0.93,5.0,0.08,5.0,0.07,5.0,0.1,45.9,0.11,31.6,0.02,0.02,618.54253,1776250011000
1776250012.977,112.977,0.9,45.9,0.89,31.6,0.92,5.0,0.93,5.0,0.08,5.0,0.07,5.0,0.1,45.9,0.11,31.6,0.02,0.02,618.579645,1776250012000
1776250013.857,113.857,0.91,36.7,0.9,33.9,0.96,66.55,0.97,94.3,0.08,5.0,0.07,5.0,0.1,45.9,0.11,31.6,0.05,0.02,618.579645,1776250012000
1776250015.271,115.271,0.91,36.7,0.9,33.9,0.96,66.55,0.97,94.3,0.04,66.55,0.03,94.3,0.09,36.7,0.1,33.9,0.05,0.05,618.589534,1776250014000
1776250016.464,116.464,0.91,36.7,0.9,33.9,0.96,66.55,0.97,94.3,0.04,66.55,0.03,94.3,0.09,36.7,0.1,33.9,0.05,0.05,618.556536,1776250015000
1776250016.893,116.893,0.91,36.7,0.9,33.9,0.96,66.55,0.97,94.3,0.04,66.55,0.03,94.3,0.09,36.7,0.1,33.9,0.05,0.05,618.550911,1776250016000
1776250017.953,117.953,0.91,36.7,0.9,33.9,0.96,66.55,0.97,94.3,0.04,66.55,0.03,94.3,0.09,36.7,0.1,33.9,0.05,0.05,618.542608,1776250017000
1776250019.054,119.054,0.91,36.7,0.9,33.9,0.96,66.55,0.97,94.3,0.04,66.55,0.03,94.3,0.09,36.7,0.1,33.9,0.05,0.05,618.577353,1776250018000
1776250020.072,120.072,0.91,36.7,0.9,33.9,0.96,66.55,0.97,94.3,0.04,66.55,0.03,94.3,0.09,36.7,0.1,33.9,0.05,0.05,618.58307,1776250019000
1776250021.171,121.171,0.91,36.7,0.9,33.9,0.96,66.55,0.97,94.3,0.04,66.55,0.03,94.3,0.09,36.7,0.1,33.9,0.05,0.05,618.583095,1776250020000
1776250022.235,122.235,0.91,36.7,0.9,33.9,0.96,66.55,0.97,94.3,0.04,66.55,0.03,94.3,0.09,36.7,0.1,33.9,0.05,0.05,618.581308,1776250021000
1776250023.37,123.37,0.91,36.7,0.9,33.9,0.96,66.55,0.97,94.3,0.04,66.55,0.03,94.3,0.09,36.7,0.1,33.9,0.05,0.05,618.575571,1776250022000
1776250023.937,123.937,0.91,36.7,0.9,33.9,0.96,66.55,0.97,94.3,0.04,66.55,0.03,94.3,0.09,36.7,0.1,33.9,0.05,0.05,618.540869,1776250023000
1776250025.017,125.017,0.91,36.7,0.9,33.9,0.96,66.55,0.97,94.3,0.04,66.55,0.03,94.3,0.09,36.7,0.1,33.9,0.05,0.05,618.416842,1776250024000
1776250025.635,125.635,0.89,5.0,0.88,5.0,0.9,8.75,0.91,36.7,0.04,66.55,0.03,94.3,0.09,36.7,0.1,33.9,0.01,0.05,618.416842,1776250024000
1776250026.141,126.141,0.89,5.0,0.88,5.0,0.9,8.75,0.91,36.7,0.1,8.75,0.09,36.7,0.11,5.0,0.12,5.0,0.01,0.01,618.35329,1776250025000
1776250027.152,127.152,0.89,5.0,0.88,5.0,0.9,8.75,0.91,36.7,0.1,8.75,0.09,36.7,0.11,5.0,0.12,5.0,0.01,0.01,618.355783,1776250026000
1776250028.198,128.198,0.89,5.0,0.88,5.0,0.9,8.75,0.91,36.7,0.1,8.75,0.09,36.7,0.11,5.0,0.12,5.0,0.01,0.01,618.357163,1776250027000
1776250028.474,128.474,0.91,5.0,0.9,5.0,0.93,39.9,0.94,51.1,0.1,8.75,0.09,36.7,0.11,5.0,0.12,5.0,0.02,0.01,618.357163,1776250027000
1776250029.314,129.314,0.91,5.0,0.9,5.0,0.93,39.9,0.94,51.1,0.07,39.9,0.06,51.1,0.09,5.0,0.1,5.0,0.02,0.02,618.371,1776250028000
1776250029.889,129.889,0.91,5.0,0.9,5.0,0.93,39.9,0.94,51.1,0.07,39.9,0.06,51.1,0.09,5.0,0.1,5.0,0.02,0.02,618.41246,1776250029000
1776250031.158,131.158,0.91,5.0,0.9,5.0,0.93,39.9,0.94,51.1,0.07,39.9,0.06,51.1,0.09,5.0,0.1,5.0,0.02,0.02,618.415076,1776250030000
1776250031.941,131.941,0.91,5.0,0.9,5.0,0.93,39.9,0.94,51.1,0.07,39.9,0.06,51.1,0.09,5.0,0.1,5.0,0.02,0.02,618.415087,1776250031000
1776250033.712,133.712,0.91,5.0,0.9,5.0,0.93,39.9,0.94,51.1,0.07,39.9,0.06,51.1,0.09,5.0,0.1,5.0,0.02,0.02,618.415167,1776250032000
1776250034.398,134.398,0.91,5.0,0.9,5.0,0.93,39.9,0.94,51.1,0.07,39.9,0.06,51.1,0.09,5.0,0.1,5.0,0.02,0.02,618.411694,1776250033000
1776250035.603,135.603,0.91,5.0,0.9,5.0,0.93,39.9,0.94,51.1,0.07,39.9,0.06,51.1,0.09,5.0,0.1,5.0,0.02,0.02,618.408801,1776250034000
1776250036.557,136.557,0.91,5.0,0.9,5.0,0.93,39.9,0.94,51.1,0.07,39.9,0.06,51.1,0.09,5.0,0.1,5.0,0.02,0.02,618.529381,1776250035000
1776250037.488,137.488,0.91,5.0,0.9,5.0,0.93,39.9,0.94,51.1,0.07,39.9,0.06,51.1,0.09,5.0,0.1,5.0,0.02,0.02,618.570041,1776250036000
1776250038.163,138.163,0.91,5.0,0.9,5.0,0.93,39.9,0.94,51.1,0.07,39.9,0.06,51.1,0.09,5.0,0.1,5.0,0.02,0.02,618.583,1776250037000
1776250039.536,139.536,0.91,5.0,0.9,5.0,0.93,39.9,0.94,51.1,0.07,39.9,0.06,51.1,0.09,5.0,0.1,5.0,0.02,0.02,618.578982,1776250038000
1776250040.183,140.183,0.91,5.0,0.9,5.0,0.93,39.9,0.94,51.1,0.07,39.9,0.06,51.1,0.09,5.0,0.1,5.0,0.02,0.02,618.584002,1776250039000
1776250041.538,141.538,0.91,5.0,0.9,5.0,0.93,39.9,0.94,51.1,0.07,39.9,0.06,51.1,0.09,5.0,0.1,5.0,0.02,0.02,618.584094,1776250040000
1776250042.198,142.198,0.91,5.0,0.9,5.0,0.93,39.9,0.94,51.1,0.07,39.9,0.06,51.1,0.09,5.0,0.1,5.0,0.02,0.02,618.584103,1776250041000
1776250043.536,143.536,0.95,5.0,0.94,5.0,0.97,88.3,0.98,147.69,0.03,88.3,0.02,147.69,0.05,5.0,0.06,5.0,0.02,0.02,618.579589,1776250042000
1776250044.237,144.237,0.95,5.0,0.94,5.0,0.97,88.3,0.98,147.69,0.03,88.3,0.02,147.69,0.05,5.0,0.06,5.0,0.02,0.02,618.535871,1776250043000
1776250045.534,145.534,0.95,5.0,0.94,5.0,0.97,88.3,0.98,147.69,0.03,88.3,0.02,147.69,0.05,5.0,0.06,5.0,0.02,0.02,618.535283,1776250044000
1776250046.304,146.304,0.95,5.0,0.94,5.0,0.97,88.3,0.98,147.69,0.03,88.3,0.02,147.69,0.05,5.0,0.06,5.0,0.02,0.02,618.532922,1776250045000
1776250047.502,147.502,0.95,5.0,0.94,5.0,0.97,88.3,0.98,147.69,0.03,88.3,0.02,147.69,0.05,5.0,0.06,5.0,0.02,0.02,618.676798,1776250046000
1776250048.355,148.355,0.95,5.0,0.94,5.0,0.97,88.3,0.98,147.69,0.03,88.3,0.02,147.69,0.05,5.0,0.06,5.0,0.02,0.02,618.736,1776250047000
1776250049.737,149.737,0.95,5.0,0.94,5.0,0.97,88.3,0.98,147.69,0.03,88.3,0.02,147.69,0.05,5.0,0.06,5.0,0.02,0.02,618.677,1776250048000
1776250050.472,150.472,0.95,5.0,0.94,5.0,0.97,88.3,0.98,147.69,0.03,88.3,0.02,147.69,0.05,5.0,0.06,5.0,0.02,0.02,618.641639,1776250049000
1776250051.128,151.128,0.95,5.0,0.94,5.0,0.97,88.3,0.98,147.69,0.03,88.3,0.02,147.69,0.05,5.0,0.06,5.0,0.02,0.02,618.637915,1776250050000
1776250052.347,152.347,0.95,5.0,0.94,5.0,0.97,88.3,0.98,147.69,0.03,88.3,0.02,147.69,0.05,5.0,0.06,5.0,0.02,0.02,618.639972,1776250051000
1776250053.285,153.285,0.95,5.0,0.94,5.0,0.97,88.3,0.98,147.69,0.03,88.3,0.02,147.69,0.05,5.0,0.06,5.0,0.02,0.02,618.639972,1776250052000
1776250054.637,154.637,0.95,5.0,0.94,5.0,0.97,88.3,0.98,147.69,0.03,88.3,0.02,147.69,0.05,5.0,0.06,5.0,0.02,0.02,618.62019,1776250053000
1776250055.392,155.392,0.95,5.0,0.94,5.0,0.97,88.3,0.98,147.69,0.03,88.3,0.02,147.69,0.05,5.0,0.06,5.0,0.02,0.02,618.620515,1776250054000
1776250056.093,156.093,0.95,5.0,0.94,5.0,0.97,88.3,0.98,147.69,0.03,88.3,0.02,147.69,0.05,5.0,0.06,5.0,0.02,0.02,618.620628,1776250055000
1776250057.451,157.451,0.95,5.0,0.94,5.0,0.97,88.3,0.98,147.69,0.03,88.3,0.02,147.69,0.05,5.0,0.06,5.0,0.02,0.02,618.621302,1776250056000
1776250058.037,158.037,0.95,5.0,0.94,5.0,0.97,88.3,0.98,147.69,0.03,88.3,0.02,147.69,0.05,5.0,0.06,5.0,0.02,0.02,618.62185,1776250057000
1776250059.509,159.509,0.95,5.0,0.94,5.0,0.97,88.3,0.98,147.69,0.03,88.3,0.02,147.69,0.05,5.0,0.06,5.0,0.02,0.02,618.553,1776250058000
1776250060.098,160.098,0.95,5.0,0.94,5.0,0.97,88.3,0.98,147.69,0.03,88.3,0.02,147.69,0.05,5.0,0.06,5.0,0.02,0.02,618.562,1776250059000
1776250061.42,161.42,0.95,5.0,0.94,5.0,0.97,88.3,0.98,147.69,0.03,88.3,0.02,147.69,0.05,5.0,0.06,5.0,0.02,0.02,618.545979,1776250060000
1776250062.118,162.118,0.95,5.0,0.94,5.0,0.97,88.3,0.98,147.69,0.03,88.3,0.02,147.69,0.05,5.0,0.06,5.0,0.02,0.02,618.545979,1776250061000
1776250063.4,163.4,0.95,5.0,0.94,5.0,0.97,88.3,0.98,147.69,0.03,88.3,0.02,147.69,0.05,5.0,0.06,5.0,0.02,0.02,618.546,1776250062000
1776250063.938,163.938,0.95,5.0,0.94,5.0,0.97,88.3,0.98,147.69,0.03,88.3,0.02,147.69,0.05,5.0,0.06,5.0,0.02,0.02,618.546,1776250063000
1776250066.143,166.143,0.95,5.0,0.94,5.0,0.97,88.3,0.98,147.69,0.03,88.3,0.02,147.69,0.05,5.0,0.06,5.0,0.02,0.02,618.485,1776250065000
1776250067.186,167.186,0.95,5.0,0.94,5.0,0.97,88.3,0.98,147.69,0.03,88.3,0.02,147.69,0.05,5.0,0.06,5.0,0.02,0.02,618.418002,1776250066000
1776250068.254,168.254,0.95,5.0,0.94,5.0,0.97,88.3,0.98,147.69,0.03,88.3,0.02,147.69,0.05,5.0,0.06,5.0,0.02,0.02,618.445,1776250067000
1776250068.519,168.519,0.95,5.0,0.94,5.0,0.97,94.3,0.98,152.69,0.03,88.3,0.02,147.69,0.05,5.0,0.06,5.0,0.02,0.02,618.445,1776250067000
1776250069.409,169.409,0.95,5.0,0.94,5.0,0.97,94.3,0.98,152.69,0.03,94.3,0.02,152.69,0.05,5.0,0.06,5.0,0.02,0.02,618.458,1776250068000
1776250070.044,170.044,0.95,5.0,0.94,5.0,0.97,94.3,0.98,152.69,0.03,94.3,0.02,152.69,0.05,5.0,0.06,5.0,0.02,0.02,618.458,1776250069000
1776250071.041,171.041,0.95,5.0,0.94,5.0,0.97,94.3,0.98,152.69,0.03,94.3,0.02,152.69,0.05,5.0,0.06,5.0,0.02,0.02,618.447,1776250070000
1776250071.704,171.704,0.95,5.0,0.94,5.0,0.96,3.95,0.97,94.3,0.03,94.3,0.02,152.69,0.05,5.0,0.06,5.0,0.01,0.02,618.447,1776250070000
1776250072.186,172.186,0.95,5.0,0.94,5.0,0.96,3.95,0.97,94.3,0.04,3.95,0.03,94.3,0.05,5.0,0.06,5.0,0.01,0.01,618.436,1776250071000
1776250073.338,173.338,0.95,5.0,0.94,5.0,0.96,3.95,0.97,94.3,0.04,3.95,0.03,94.3,0.05,5.0,0.06,5.0,0.01,0.01,618.436,1776250072000
1776250073.9,173.9,0.95,5.0,0.94,5.0,0.96,3.95,0.97,94.3,0.04,3.95,0.03,94.3,0.05,5.0,0.06,5.0,0.01,0.01,618.436,1776250073000
1776250074.569,174.569,0.91,36.7,0.9,33.9,0.96,71.33,0.97,94.3,0.04,3.95,0.03,94.3,0.05,5.0,0.06,5.0,0.05,0.01,618.436,1776250073000
1776250074.979,174.979,0.91,36.7,0.9,33.9,0.96,71.33,0.97,94.3,0.04,71.33,0.03,94.3,0.09,36.7,0.1,33.9,0.05,0.05,618.434,1776250074000
1776250075.895,175.895,0.91,36.7,0.9,33.9,0.96,71.33,0.97,94.3,0.04,71.33,0.03,94.3,0.09,36.7,0.1,33.9,0.05,0.05,618.427,1776250075000
1776250076.647,176.647,0.95,25.06,0.93,5.0,0.96,71.33,0.97,94.3,0.04,71.33,0.03,94.3,0.09,36.7,0.1,33.9,0.01,0.05,618.427,1776250075000
1776250077.122,177.122,0.95,25.06,0.93,5.0,0.96,71.33,0.97,94.3,0.04,71.33,0.03,94.3,0.05,25.06,0.07,5.0,0.01,0.01,618.428,1776250076000
1776250078.223,178.223,0.95,25.06,0.93,5.0,0.96,71.33,0.97,94.3,0.04,71.33,0.03,94.3,0.05,25.06,0.07,5.0,0.01,0.01,618.359093,1776250077000
1776250079.177,179.177,0.95,25.06,0.93,5.0,0.96,71.33,0.97,94.3,0.04,71.33,0.03,94.3,0.05,25.06,0.07,5.0,0.01,0.01,618.308,1776250078000
1776250080.412,180.412,0.95,25.06,0.93,5.0,0.96,71.33,0.97,94.3,0.04,71.33,0.03,94.3,0.05,25.06,0.07,5.0,0.01,0.01,618.322,1776250079000
1776250080.998,180.998,0.95,25.06,0.93,5.0,0.96,71.33,0.97,94.3,0.04,71.33,0.03,94.3,0.05,25.06,0.07,5.0,0.01,0.01,618.322,1776250080000
1776250082.183,182.183,0.95,25.06,0.93,5.0,0.96,71.33,0.97,94.3,0.04,71.33,0.03,94.3,0.05,25.06,0.07,5.0,0.01,0.01,618.296,1776250081000
1776250083.967,183.967,0.95,25.06,0.93,5.0,0.96,71.33,0.97,94.3,0.04,71.33,0.03,94.3,0.05,25.06,0.07,5.0,0.01,0.01,618.27034,1776250082000
1776250084.788,184.788,0.95,25.06,0.93,5.0,0.96,71.33,0.97,94.3,0.04,71.33,0.03,94.3,0.05,25.06,0.07,5.0,0.01,0.01,618.287,1776250083000
1776250085.513,185.513,0.95,25.06,0.93,5.0,0.96,71.33,0.97,94.3,0.04,71.33,0.03,94.3,0.05,25.06,0.07,5.0,0.01,0.01,618.275,1776250084000
1776250086.156,186.156,0.95,25.06,0.93,5.0,0.96,71.33,0.97,94.3,0.04,71.33,0.03,94.3,0.05,25.06,0.07,5.0,0.01,0.01,618.275,1776250085000
1776250086.4,186.4,0.95,10.29,0.94,5.0,0.96,67.7,0.97,89.3,0.04,71.33,0.03,94.3,0.05,25.06,0.07,5.0,0.01,0.01,618.275,1776250085000
1776250087.656,187.656,0.95,10.29,0.94,5.0,0.96,67.7,0.97,89.3,0.04,67.7,0.03,89.3,0.05,10.29,0.06,5.0,0.01,0.01,618.240937,1776250086000
1776250088.399,188.399,0.95,10.29,0.94,5.0,0.96,67.7,0.97,89.3,0.04,67.7,0.03,89.3,0.05,10.29,0.06,5.0,0.01,0.01,618.301,1776250087000
1776250089.133,189.133,0.95,10.29,0.94,5.0,0.96,67.7,0.97,89.3,0.04,67.7,0.03,89.3,0.05,10.29,0.06,5.0,0.01,0.01,618.301,1776250088000
1776250090.628,190.628,0.95,10.29,0.94,5.0,0.96,67.7,0.97,89.3,0.04,67.7,0.03,89.3,0.05,10.29,0.06,5.0,0.01,0.01,618.308892,1776250089000
1776250091.392,191.392,0.95,10.29,0.94,5.0,0.96,67.7,0.97,89.3,0.04,67.7,0.03,89.3,0.05,10.29,0.06,5.0,0.01,0.01,618.308892,1776250090000
1776250092.148,192.148,0.95,10.29,0.94,5.0,0.96,67.7,0.97,89.3,0.04,67.7,0.03,89.3,0.05,10.29,0.06,5.0,0.01,0.01,618.308912,1776250091000
1776250093.729,193.729,0.95,10.29,0.94,5.0,0.96,67.7,0.97,89.3,0.04,67.7,0.03,89.3,0.05,10.29,0.06,5.0,0.01,0.01,618.30657,1776250092000
1776250094.526,194.526,0.94,0.24,0.93,44.9,0.97,89.3,0.98,147.69,0.03,89.3,0.02,147.69,0.06,0.24,0.07,44.9,0.03,0.03,618.306652,1776250093000
1776250095.324,195.324,0.94,0.24,0.93,44.9,0.97,89.3,0.98,147.69,0.03,89.3,0.02,147.69,0.06,0.24,0.07,44.9,0.03,0.03,618.306652,1776250094000
1776250096.12,196.12,0.94,0.24,0.93,44.9,0.97,89.3,0.98,147.69,0.03,89.3,0.02,147.69,0.06,0.24,0.07,44.9,0.03,0.03,618.306573,1776250095000
1776250097.858,197.858,0.94,0.24,0.93,44.9,0.97,89.3,0.98,147.69,0.03,89.3,0.02,147.69,0.06,0.24,0.07,44.9,0.03,0.03,618.305754,1776250096000
1776250098.623,198.623,0.94,0.24,0.93,44.9,0.97,89.3,0.98,147.69,0.03,89.3,0.02,147.69,0.06,0.24,0.07,44.9,0.03,0.03,618.306075,1776250097000
1776250099.642,199.642,0.94,0.24,0.93,44.9,0.97,89.3,0.98,147.69,0.03,89.3,0.02,147.69,0.06,0.24,0.07,44.9,0.03,0.03,618.306107,1776250098000
1776250100.291,200.291,0.94,0.24,0.93,44.9,0.97,89.3,0.98,147.69,0.03,89.3,0.02,147.69,0.06,0.24,0.07,44.9,0.03,0.03,618.306107,1776250099000
1776250100.864,200.864,0.94,0.24,0.93,44.9,0.97,89.3,0.98,147.69,0.03,89.3,0.02,147.69,0.06,0.24,0.07,44.9,0.03,0.03,618.307826,1776250100000
1776250102.607,202.607,0.94,0.24,0.93,44.9,0.97,89.3,0.98,147.69,0.03,89.3,0.02,147.69,0.06,0.24,0.07,44.9,0.03,0.03,618.307826,1776250101000
1776250103.599,203.599,0.94,0.24,0.93,44.9,0.97,89.3,0.98,147.69,0.03,89.3,0.02,147.69,0.06,0.24,0.07,44.9,0.03,0.03,618.307713,1776250102000
1776250104.637,204.637,0.94,0.24,0.93,44.9,0.97,89.3,0.98,147.69,0.03,89.3,0.02,147.69,0.06,0.24,0.07,44.9,0.03,0.03,618.307713,1776250103000
1776250105.254,205.254,0.94,0.24,0.93,44.9,0.97,89.3,0.98,147.69,0.03,89.3,0.02,147.69,0.06,0.24,0.07,44.9,0.03,0.03,618.311,1776250104000
1776250106.538,206.538,0.94,0.24,0.93,44.9,0.97,89.3,0.98,147.69,0.03,89.3,0.02,147.69,0.06,0.24,0.07,44.9,0.03,0.03,618.308,1776250105000
1776250107.511,207.511,0.94,0.24,0.93,44.9,0.97,89.3,0.98,147.69,0.03,89.3,0.02,147.69,0.06,0.24,0.07,44.9,0.03,0.03,618.308,1776250106000
1776250108.144,208.144,0.94,0.24,0.93,44.9,0.97,89.3,0.98,147.69,0.03,89.3,0.02,147.69,0.06,0.24,0.07,44.9,0.03,0.03,618.307939,1776250107000
1776250109.44,209.44,0.94,0.24,0.93,44.9,0.97,89.3,0.98,147.69,0.03,89.3,0.02,147.69,0.06,0.24,0.07,44.9,0.03,0.03,618.309165,1776250108000
1776250110.167,210.167,0.94,0.24,0.93,44.9,0.97,89.3,0.98,147.69,0.03,89.3,0.02,147.69,0.06,0.24,0.07,44.9,0.03,0.03,618.314147,1776250109000
1776250111.619,211.619,0.94,0.24,0.93,44.9,0.97,89.3,0.98,147.69,0.03,89.3,0.02,147.69,0.06,0.24,0.07,44.9,0.03,0.03,618.314252,1776250110000
1776250112.266,212.266,0.94,0.24,0.93,44.9,0.97,89.3,0.98,147.69,0.03,89.3,0.02,147.69,0.06,0.24,0.07,44.9,0.03,0.03,618.314252,1776250111000
1776250113.745,213.745,0.94,0.24,0.93,44.9,0.97,89.3,0.98,147.69,0.03,89.3,0.02,147.69,0.06,0.24,0.07,44.9,0.03,0.03,618.31424,1776250112000
1776250114.845,214.845,0.94,0.24,0.93,44.9,0.97,89.3,0.98,147.69,0.03,89.3,0.02,147.69,0.06,0.24,0.07,44.9,0.03,0.03,618.312815,1776250113000
1776250115.547,215.547,0.94,0.24,0.93,44.9,0.97,89.3,0.98,147.69,0.03,89.3,0.02,147.69,0.06,0.24,0.07,44.9,0.03,0.03,618.312815,1776250114000
1776250116.259,216.259,0.94,0.24,0.93,44.9,0.97,89.3,0.98,147.69,0.03,89.3,0.02,147.69,0.06,0.24,0.07,44.9,0.03,0.03,618.312815,1776250115000
1776250117.64,217.64,0.94,0.24,0.93,44.9,0.97,89.3,0.98,147.69,0.03,89.3,0.02,147.69,0.06,0.24,0.07,44.9,0.03,0.03,618.354687,1776250116000
1776250118.978,218.978,0.94,0.24,0.93,44.9,0.97,89.3,0.98,147.69,0.03,89.3,0.02,147.69,0.06,0.24,0.07,44.9,0.03,0.03,618.386,1776250117000
1776250119.509,219.509,0.97,5.0,0.96,10.0,0.98,132.69,0.99,467.6,0.03,89.3,0.02,147.69,0.06,0.24,0.07,44.9,0.01,0.03,618.386,1776250117000
1776250119.875,219.875,0.97,5.0,0.96,10.0,0.98,132.69,0.99,467.6,0.02,132.69,0.01,467.6,0.03,5.0,0.04,10.0,0.01,0.01,618.369477,1776250118000
1776250120.378,220.378,0.97,5.0,0.96,10.0,0.98,98.56,0.99,467.6,0.02,132.69,0.01,467.6,0.03,5.0,0.04,10.0,0.01,0.01,618.369477,1776250118000
1776250120.632,220.632,0.97,5.0,0.96,10.0,0.98,98.56,0.99,467.6,0.02,98.56,0.01,467.6,0.03,5.0,0.04,10.0,0.01,0.01,618.3737,1776250119000
1776250121.424,221.424,0.97,5.0,0.96,10.0,0.98,98.56,0.99,467.6,0.02,98.56,0.01,467.6,0.03,5.0,0.04,10.0,0.01,0.01,618.345591,1776250120000
1776250122.078,222.078,0.97,5.0,0.96,10.0,0.98,98.56,0.99,467.6,0.02,98.56,0.01,467.6,0.03,5.0,0.04,10.0,0.01,0.01,618.314533,1776250121000
1776250123.449,223.449,0.97,5.0,0.96,10.0,0.98,98.56,0.99,467.6,0.02,98.56,0.01,467.6,0.03,5.0,0.04,10.0,0.01,0.01,618.306399,1776250122000
1776250124.056,224.056,0.97,5.0,0.96,10.0,0.98,98.56,0.99,467.6,0.02,98.56,0.01,467.6,0.03,5.0,0.04,10.0,0.01,0.01,618.31,1776250123000
1776250125.333,225.333,0.97,5.0,0.96,10.0,0.98,98.56,0.99,467.6,0.02,98.56,0.01,467.6,0.03,5.0,0.04,10.0,0.01,0.01,618.306368,1776250124000
1776250125.902,225.902,0.97,5.0,0.96,10.0,0.98,98.56,0.99,467.6,0.02,98.56,0.01,467.6,0.03,5.0,0.04,10.0,0.01,0.01,618.306368,1776250125000
1776250127.041,227.041,0.97,5.0,0.96,10.0,0.98,98.56,0.99,467.6,0.02,98.56,0.01,467.6,0.03,5.0,0.04,10.0,0.01,0.01,618.314247,1776250126000
1776250128.262,228.262,0.97,5.0,0.96,10.0,0.98,98.56,0.99,467.6,0.02,98.56,0.01,467.6,0.03,5.0,0.04,10.0,0.01,0.01,618.347,1776250127000
1776250129.484,229.484,0.97,5.0,0.96,10.0,0.98,98.56,0.99,467.6,0.02,98.56,0.01,467.6,0.03,5.0,0.04,10.0,0.01,0.01,618.365,1776250128000
1776250129.984,229.984,0.97,5.0,0.96,10.0,0.98,98.56,0.99,467.6,0.02,98.56,0.01,467.6,0.03,5.0,0.04,10.0,0.01,0.01,618.365,1776250129000
1776250131.164,231.164,0.97,5.0,0.96,10.0,0.98,98.56,0.99,467.6,0.02,98.56,0.01,467.6,0.03,5.0,0.04,10.0,0.01,0.01,618.348,1776250130000
1776250132.252,232.252,0.97,5.0,0.96,10.0,0.98,98.56,0.99,467.6,0.02,98.56,0.01,467.6,0.03,5.0,0.04,10.0,0.01,0.01,618.348,1776250131000
1776250133.57,233.57,0.97,5.0,0.96,10.0,0.98,98.56,0.99,467.6,0.02,98.56,0.01,467.6,0.03,5.0,0.04,10.0,0.01,0.01,618.334,1776250132000
1776250134.189,234.189,0.97,5.0,0.96,10.0,0.98,98.56,0.99,467.6,0.02,98.56,0.01,467.6,0.03,5.0,0.04,10.0,0.01,0.01,618.334,1776250133000
1776250135.308,235.308,0.97,5.0,0.96,10.0,0.98,98.56,0.99,467.6,0.02,98.56,0.01,467.6,0.03,5.0,0.04,10.0,0.01,0.01,618.315,1776250134000
1776250136.38,236.38,0.97,5.0,0.96,10.0,0.98,98.56,0.99,467.6,0.02,98.56,0.01,467.6,0.03,5.0,0.04,10.0,0.01,0.01,618.294,1776250135000
1776250137.329,237.329,0.97,5.0,0.96,10.0,0.98,98.56,0.99,467.6,0.02,98.56,0.01,467.6,0.03,5.0,0.04,10.0,0.01,0.01,618.292,1776250136000
1776250138.281,238.281,0.97,5.0,0.96,10.0,0.98,98.56,0.99,467.6,0.02,98.56,0.01,467.6,0.03,5.0,0.04,10.0,0.01,0.01,618.292,1776250137000
1776250139.189,239.189,0.97,5.0,0.96,10.0,0.98,98.56,0.99,467.6,0.02,98.56,0.01,467.6,0.03,5.0,0.04,10.0,0.01,0.01,618.296,1776250138000
1776250140.221,240.221,0.97,5.0,0.96,10.0,0.98,98.56,0.99,467.6,0.02,98.56,0.01,467.6,0.03,5.0,0.04,10.0,0.01,0.01,618.296,1776250139000
1776250141.233,241.233,0.97,5.0,0.96,10.0,0.98,98.56,0.99,467.6,0.02,98.56,0.01,467.6,0.03,5.0,0.04,10.0,0.01,0.01,618.319,1776250140000
1776250142.207,242.207,0.97,5.0,0.96,10.0,0.98,98.56,0.99,467.6,0.02,98.56,0.01,467.6,0.03,5.0,0.04,10.0,0.01,0.01,618.34286,1776250141000
1776250142.885,242.885,0.98,3.64,0.97,94.3,0.99,426.6,,,0.01,472.6,,,0.02,3.64,0.03,94.3,0.01,0.01,618.34286,1776250141000
1776250143.207,243.207,0.98,3.64,0.97,94.3,0.99,426.6,,,0.01,426.6,,,0.02,3.64,0.03,94.3,0.01,0.01,618.34159,1776250142000
1776250144.2,244.2,0.98,3.64,0.97,94.3,0.99,426.6,,,0.01,426.6,,,0.02,3.64,0.03,94.3,0.01,0.01,618.35,1776250143000
1776250145.306,245.306,0.98,3.64,0.97,94.3,0.99,426.6,,,0.01,426.6,,,0.02,3.64,0.03,94.3,0.01,0.01,618.338,1776250144000
1776250146.248,246.248,0.98,3.64,0.97,94.3,0.99,426.6,,,0.01,426.6,,,0.02,3.64,0.03,94.3,0.01,0.01,618.339,1776250145000
1776250147.228,247.228,0.98,3.64,0.97,94.3,0.99,426.6,,,0.01,426.6,,,0.02,3.64,0.03,94.3,0.01,0.01,618.349,1776250146000
1776250148.218,248.218,0.98,3.64,0.97,94.3,0.99,426.6,,,0.01,426.6,,,0.02,3.64,0.03,94.3,0.01,0.01,618.349,1776250147000
1776250149.374,249.374,0.98,3.64,0.97,94.3,0.99,426.6,,,0.01,426.6,,,0.02,3.64,0.03,94.3,0.01,0.01,618.333,1776250148000
1776250150.338,250.338,0.98,3.64,0.97,94.3,0.99,426.6,,,0.01,426.6,,,0.02,3.64,0.03,94.3,0.01,0.01,618.333,1776250149000
1776250150.864,250.864,0.98,3.64,0.97,94.3,0.99,426.6,,,0.01,426.6,,,0.02,3.64,0.03,94.3,0.01,0.01,618.333,1776250150000
1776250151.976,251.976,0.98,3.64,0.97,94.3,0.99,426.6,,,0.01,426.6,,,0.02,3.64,0.03,94.3,0.01,0.01,618.334,1776250151000
1776250153.032,253.032,0.98,3.64,0.97,94.3,0.99,426.6,,,0.01,426.6,,,0.02,3.64,0.03,94.3,0.01,0.01,618.334,1776250152000
1776250153.984,253.984,0.98,3.64,0.97,94.3,0.99,426.6,,,0.01,426.6,,,0.02,3.64,0.03,94.3,0.01,0.01,618.3424,1776250153000
1776250154.293,254.293,0.98,136.33,0.97,94.3,0.99,30.51,,,0.01,426.6,,,0.02,3.64,0.03,94.3,0.01,0.01,618.3424,1776250153000
1776250155.007,255.007,0.98,136.33,0.97,94.3,0.99,30.51,,,0.01,30.51,,,0.02,136.33,0.03,94.3,0.01,0.01,618.334771,1776250154000
1776250156.012,256.012,0.98,136.33,0.97,94.3,0.99,30.51,,,0.01,30.51,,,0.02,136.33,0.03,94.3,0.01,0.01,618.334207,1776250155000
1776250157.143,257.143,0.98,136.33,0.97,94.3,0.99,30.51,,,0.01,30.51,,,0.02,136.33,0.03,94.3,0.01,0.01,618.334,1776250156000
1776250157.992,257.992,0.98,136.33,0.97,94.3,0.99,30.51,,,0.01,30.51,,,0.02,136.33,0.03,94.3,0.01,0.01,618.332,1776250157000
1776250158.99,258.99,0.98,136.33,0.97,94.3,0.99,30.51,,,0.01,30.51,,,0.02,136.33,0.03,94.3,0.01,0.01,618.336,1776250158000
1776250159.909,259.909,0.98,136.33,0.97,94.3,0.99,30.51,,,0.01,30.51,,,0.02,136.33,0.03,94.3,0.01,0.01,618.338,1776250159000
1776250161.553,261.553,0.98,136.33,0.97,94.3,0.99,30.51,,,0.01,30.51,,,0.02,136.33,0.03,94.3,0.01,0.01,618.32,1776250160000
1776250161.946,261.946,0.98,136.33,0.97,94.3,0.99,20.4,,,0.01,30.51,,,0.02,136.33,0.03,94.3,0.01,0.01,618.32,1776250160000
1776250162.209,262.209,0.98,136.33,0.97,94.3,0.99,20.4,,,0.01,20.4,,,0.02,136.33,0.03,94.3,0.01,0.01,618.328,1776250161000
1776250163.458,263.458,0.98,136.33,0.97,94.3,0.99,20.4,,,0.01,20.4,,,0.02,136.33,0.03,94.3,0.01,0.01,618.331,1776250162000
1776250164.07,264.07,0.98,136.33,0.97,94.3,0.99,20.4,,,0.01,20.4,,,0.02,136.33,0.03,94.3,0.01,0.01,618.331,1776250163000
1776250164.504,264.504,0.98,3.64,0.97,5.0,0.99,272.0,,,0.01,20.4,,,0.02,136.33,0.03,94.3,0.01,0.01,618.331,1776250163000
1776250164.745,264.745,0.98,3.64,0.97,5.0,0.99,261.0,,,0.01,272.0,,,0.02,3.64,0.03,5.0,0.01,0.01,618.331,1776250163000
1776250165.14,265.14,0.98,3.64,0.97,5.0,0.99,261.0,,,0.01,261.0,,,0.02,3.64,0.03,5.0,0.01,0.01,618.333,1776250164000
1776250165.881,265.881,0.98,3.64,0.97,5.0,0.99,259.98,,,0.01,261.0,,,0.02,3.64,0.03,5.0,0.01,0.01,618.333,1776250164000
1776250166.342,266.342,0.98,3.64,0.97,5.0,0.99,259.98,,,0.01,259.98,,,0.02,3.64,0.03,5.0,0.01,0.01,618.223067,1776250165000
1776250166.885,266.885,0.98,3.64,0.97,5.0,0.99,248.98,,,0.01,259.98,,,0.02,3.64,0.03,5.0,0.01,0.01,618.223067,1776250165000
1776250167.497,267.497,0.98,3.64,0.97,5.0,0.99,248.98,,,0.01,248.98,,,0.02,3.64,0.03,5.0,0.01,0.01,618.052067,1776250166000
1776250168.058,268.058,0.98,3.64,0.97,5.0,0.99,248.98,,,0.01,248.98,,,0.02,3.64,0.03,5.0,0.01,0.01,618.05075,1776250167000
1776250169.167,269.167,0.98,3.64,0.97,5.0,0.99,248.98,,,0.01,248.98,,,0.02,3.64,0.03,5.0,0.01,0.01,618.050463,1776250168000
1776250170.207,270.207,0.98,3.64,0.97,5.0,0.99,248.98,,,0.01,248.98,,,0.02,3.64,0.03,5.0,0.01,0.01,618.049964,1776250169000
1776250171.41,271.41,0.98,3.64,0.97,5.0,0.99,248.98,,,0.01,248.98,,,0.02,3.64,0.03,5.0,0.01,0.01,618.049737,1776250170000
1776250171.902,271.902,0.98,3.64,0.97,5.0,0.99,248.98,,,0.01,248.98,,,0.02,3.64,0.03,5.0,0.01,0.01,618.049399,1776250171000
1776250173.021,273.021,0.98,3.64,0.97,5.0,0.99,248.98,,,0.01,248.98,,,0.02,3.64,0.03,5.0,0.01,0.01,618.045186,1776250172000
1776250174.206,274.206,0.98,3.64,0.97,5.0,0.99,248.98,,,0.01,248.98,,,0.02,3.64,0.03,5.0,0.01,0.01,618.04562,1776250173000
1776250175.38,275.38,0.98,3.64,0.97,5.0,0.99,248.98,,,0.01,248.98,,,0.02,3.64,0.03,5.0,0.01,0.01,618.046141,1776250174000
1776250176.46,276.46,0.98,3.64,0.97,5.0,0.99,248.98,,,0.01,248.98,,,0.02,3.64,0.03,5.0,0.01,0.01,618.046141,1776250175000
1776250176.943,276.943,0.98,3.64,0.97,5.0,0.99,248.98,,,0.01,248.98,,,0.02,3.64,0.03,5.0,0.01,0.01,618.053827,1776250176000
1776250178.312,278.312,0.98,3.64,0.97,5.0,0.99,248.98,,,0.01,248.98,,,0.02,3.64,0.03,5.0,0.01,0.01,618.057555,1776250177000
1776250179.527,279.527,0.98,3.64,0.97,5.0,0.99,248.98,,,0.01,248.98,,,0.02,3.64,0.03,5.0,0.01,0.01,618.057555,1776250178000
1776250180.114,280.114,0.98,3.64,0.97,5.0,0.99,248.98,,,0.01,248.98,,,0.02,3.64,0.03,5.0,0.01,0.01,618.055286,1776250179000
1776250181.049,281.049,0.98,3.64,0.97,5.0,,,,,0.01,248.98,,,0.02,3.64,0.03,5.0,,0.01,618.055286,1776250179000
1776250181.816,281.816,0.98,3.64,0.97,5.0,,,,,,,,,0.02,3.64,0.03,5.0,,,618.05709,1776250180000
1776250182.499,282.499,0.98,3.64,0.97,5.0,,,,,,,,,0.02,3.64,0.03,5.0,,,618.052097,1776250181000
1776250183.014,283.014,0.98,3.64,0.97,5.0,,,,,,,,,0.02,3.64,0.03,5.0,,,618.052097,1776250182000
1776250184.294,284.294,0.98,3.64,0.97,5.0,,,,,,,,,0.02,3.64,0.03,5.0,,,618.052213,1776250183000
1776250185.347,285.347,0.98,3.64,0.97,5.0,,,,,,,,,0.02,3.64,0.03,5.0,,,618.052289,1776250184000
1776250186.008,286.008,0.98,3.64,0.97,5.0,,,,,,,,,0.02,3.64,0.03,5.0,,,618.056716,1776250185000
1776250187.64,287.64,0.98,3.64,0.97,5.0,,,,,,,,,0.02,3.64,0.03,5.0,,,618.13,1776250186000
1776250188.299,288.299,0.98,3.64,0.97,5.0,,,,,,,,,0.02,3.64,0.03,5.0,,,618.12,1776250187000
1776250189.457,289.457,0.98,3.64,0.97,5.0,,,,,,,,,0.02,3.64,0.03,5.0,,,618.12,1776250188000
1776250190.067,290.067,0.98,3.64,0.97,5.0,,,,,,,,,0.02,3.64,0.03,5.0,,,618.1,1776250189000
1776250191.365,291.365,0.98,3.64,0.97,5.0,,,,,,,,,0.02,3.64,0.03,5.0,,,618.127,1776250190000
1776250193.085,293.085,0.98,3.64,0.97,5.0,,,,,,,,,0.02,3.64,0.03,5.0,,,618.113,1776250192000
1776250194.799,294.799,0.98,3.64,0.97,5.0,,,,,,,,,0.02,3.64,0.03,5.0,,,618.11,1776250193000
1776250195.4,295.4,0.98,3.64,0.97,5.0,,,,,,,,,0.02,3.64,0.03,5.0,,,618.11,1776250194000
1776250195.984,295.984,0.98,3.64,0.97,5.0,,,,,,,,,0.02,3.64,0.03,5.0,,,618.114389,1776250195000
1776250197.303,297.303,0.98,3.64,0.97,5.0,,,,,,,,,0.02,3.64,0.03,5.0,,,618.179713,1776250196000
1776250198.607,298.607,0.98,3.64,0.97,5.0,,,,,,,,,0.02,3.64,0.03,5.0,,,618.21,1776250197000
1776250199.218,299.218,0.98,3.64,0.97,5.0,,,,,,,,,0.02,3.64,0.03,5.0,,,618.21,1776250198000
1776250200.37,300.37,0.98,3.64,0.97,5.0,,,,,,,,,0.02,3.64,0.03,5.0,,,618.227,1776250199000
1776250200.972,300.972,0.98,3.64,0.97,5.0,,,,,,,,,0.02,3.64,0.03,5.0,,,618.227,1776250200000
1776250202.376,302.376,0.98,3.64,0.97,5.0,,,,,,,,,0.02,3.64,0.03,5.0,,,618.205,1776250201000
