timestamp,elapsed_sec,up_bid_p1,up_bid_s1,up_bid_p2,up_bid_s2,up_ask_p1,up_ask_s1,up_ask_p2,up_ask_s2,down_bid_p1,down_bid_s1,down_bid_p2,down_bid_s2,down_ask_p1,down_ask_s1,down_ask_p2,down_ask_s2,up_spread,down_spread,bnb_price,bnb_oracle_ts
1776193501.428,1.428,,,,,,,,,,,,,,,,,,,614.554844,1776193500000
1776193501.677,1.677,0.5,20.0,0.4,12.0,0.53,7.96,0.67,300.0,0.47,7.96,0.33,300.0,0.5,20.0,0.55,11.0,0.03,0.03,614.554844,1776193500000
1776193501.93,1.93,0.5,20.0,0.4,12.0,0.53,7.96,0.67,300.0,0.47,7.96,0.33,300.0,0.5,20.0,0.55,11.0,0.03,0.03,614.554844,1776193501000
1776193502.156,2.156,0.5,20.0,0.45,11.0,0.53,7.96,0.67,300.0,0.47,7.96,0.33,300.0,0.5,20.0,0.55,11.0,0.03,0.03,614.554844,1776193501000
1776193503.11,3.11,0.5,20.0,0.45,11.0,0.53,7.96,0.67,300.0,0.47,7.96,0.33,300.0,0.5,20.0,0.55,11.0,0.03,0.03,614.554789,1776193502000
1776193503.902,3.902,0.5,15.0,0.43,11.0,0.53,7.96,0.66,5.0,0.47,7.96,0.33,300.0,0.5,20.0,0.55,11.0,0.03,0.03,614.554789,1776193502000
1776193504.231,4.231,0.5,15.0,0.43,11.0,0.53,7.96,0.66,5.0,0.47,7.96,0.34,5.0,0.5,15.0,0.57,11.0,0.03,0.03,614.554632,1776193503000
1776193505.27,5.27,0.5,15.0,0.43,11.0,0.53,7.96,0.66,5.0,0.47,7.96,0.34,5.0,0.5,15.0,0.57,11.0,0.03,0.03,614.594496,1776193504000
1776193505.89,5.89,0.5,15.0,0.43,11.0,0.53,7.96,0.66,5.0,0.47,7.96,0.34,5.0,0.5,15.0,0.57,11.0,0.03,0.03,614.594496,1776193505000
1776193507.562,7.562,0.5,15.0,0.43,11.0,0.53,7.96,0.66,5.0,0.47,7.96,0.34,5.0,0.5,15.0,0.57,11.0,0.03,0.03,614.590188,1776193506000
1776193508.404,8.404,0.5,15.0,0.43,11.0,0.53,7.96,0.66,5.0,0.47,7.96,0.34,5.0,0.5,15.0,0.57,11.0,0.03,0.03,614.586288,1776193507000
1776193509.566,9.566,0.5,15.0,0.43,11.0,0.53,7.96,0.66,5.0,0.47,7.96,0.34,5.0,0.5,15.0,0.57,11.0,0.03,0.03,614.578655,1776193508000
1776193510.319,10.319,0.5,15.0,0.43,11.0,0.53,7.96,0.66,5.0,0.47,7.96,0.34,5.0,0.5,15.0,0.57,11.0,0.03,0.03,614.578743,1776193509000
1776193511.282,11.282,0.5,15.0,0.43,11.0,0.53,7.96,0.66,5.0,0.47,7.96,0.34,5.0,0.5,15.0,0.57,11.0,0.03,0.03,614.578136,1776193510000
1776193511.892,11.892,0.5,15.0,0.43,11.0,0.53,7.96,0.66,5.0,0.47,7.96,0.34,5.0,0.5,15.0,0.57,11.0,0.03,0.03,614.580707,1776193511000
1776193512.992,12.992,0.5,15.0,0.43,11.0,0.53,7.96,0.66,5.0,0.47,7.96,0.34,5.0,0.5,15.0,0.57,11.0,0.03,0.03,614.583329,1776193512000
1776193514.201,14.201,0.52,9.0,0.51,50.0,0.53,2.96,0.67,10.0,0.47,7.96,0.34,5.0,0.5,15.0,0.57,11.0,0.01,0.03,614.583329,1776193512000
1776193515.473,15.473,0.52,9.0,0.51,50.0,0.53,2.96,0.67,10.0,0.47,2.96,0.33,10.0,0.48,9.0,0.49,50.0,0.01,0.01,614.621573,1776193514000
1776193515.824,15.824,0.52,14.0,0.51,50.0,0.63,5.0,0.67,10.0,0.47,2.96,0.33,10.0,0.48,9.0,0.49,50.0,0.11,0.01,614.621573,1776193514000
1776193516.15,16.15,0.52,14.0,0.51,50.0,0.63,5.0,0.67,10.0,0.37,5.0,0.33,10.0,0.48,14.0,0.49,50.0,0.11,0.11,614.686448,1776193515000
1776193517.743,17.743,0.52,14.0,0.51,50.0,0.63,5.0,0.67,10.0,0.37,5.0,0.33,10.0,0.48,14.0,0.49,50.0,0.11,0.11,614.710746,1776193516000
1776193518.487,18.487,0.52,14.0,0.51,50.0,0.63,5.0,0.67,10.0,0.37,5.0,0.33,10.0,0.48,14.0,0.49,50.0,0.11,0.11,614.712412,1776193517000
1776193519.046,19.046,0.52,14.0,0.51,50.0,0.63,5.0,0.67,10.0,0.37,5.0,0.33,10.0,0.48,14.0,0.49,50.0,0.11,0.11,614.76172,1776193518000
1776193520.606,20.606,0.52,14.0,0.51,50.0,0.63,5.0,0.67,10.0,0.37,5.0,0.33,10.0,0.48,14.0,0.49,50.0,0.11,0.11,614.823,1776193519000
1776193521.294,21.294,0.52,14.0,0.51,50.0,0.63,5.0,0.67,10.0,0.37,5.0,0.33,10.0,0.48,14.0,0.49,50.0,0.11,0.11,614.823,1776193520000
1776193522.521,22.521,0.52,14.0,0.51,50.0,0.63,5.0,0.67,10.0,0.37,5.0,0.33,10.0,0.48,14.0,0.49,50.0,0.11,0.11,614.778798,1776193521000
1776193523.711,23.711,0.52,14.0,0.51,50.0,0.63,5.0,0.67,10.0,0.37,5.0,0.33,10.0,0.48,14.0,0.49,50.0,0.11,0.11,614.776462,1776193522000
1776193524.337,24.337,0.52,14.0,0.51,50.0,0.63,5.0,0.67,10.0,0.37,5.0,0.33,10.0,0.48,14.0,0.49,50.0,0.11,0.11,614.774594,1776193523000
1776193525.604,25.604,0.52,14.0,0.51,50.0,0.63,5.0,0.67,10.0,0.37,5.0,0.33,10.0,0.48,14.0,0.49,50.0,0.11,0.11,614.769788,1776193524000
1776193526.49,26.49,0.52,14.0,0.51,50.0,0.63,5.0,0.67,10.0,0.37,5.0,0.33,10.0,0.48,14.0,0.49,50.0,0.11,0.11,614.772463,1776193525000
1776193527.163,27.163,0.52,14.0,0.51,50.0,0.63,5.0,0.67,10.0,0.37,5.0,0.33,10.0,0.48,14.0,0.49,50.0,0.11,0.11,614.776,1776193526000
1776193528.097,28.097,0.52,14.0,0.51,50.0,0.63,5.0,0.67,10.0,0.37,5.0,0.33,10.0,0.48,14.0,0.49,50.0,0.11,0.11,614.770965,1776193527000
1776193529.284,29.284,0.52,14.0,0.51,50.0,0.63,5.0,0.67,10.0,0.37,5.0,0.33,10.0,0.48,14.0,0.49,50.0,0.11,0.11,614.787,1776193528000
1776193529.881,29.881,0.52,14.0,0.51,50.0,0.63,5.0,0.67,10.0,0.37,5.0,0.33,10.0,0.48,14.0,0.49,50.0,0.11,0.11,614.774829,1776193529000
1776193531.077,31.077,0.52,14.0,0.51,50.0,0.63,5.0,0.67,10.0,0.37,5.0,0.33,10.0,0.48,14.0,0.49,50.0,0.11,0.11,614.78,1776193530000
1776193532.268,32.268,0.52,14.0,0.51,50.0,0.63,5.0,0.67,10.0,0.37,5.0,0.33,10.0,0.48,14.0,0.49,50.0,0.11,0.11,614.775505,1776193531000
1776193533.241,33.241,0.52,14.0,0.51,50.0,0.63,5.0,0.67,10.0,0.37,5.0,0.33,10.0,0.48,14.0,0.49,50.0,0.11,0.11,614.775505,1776193532000
1776193534.361,34.361,0.52,14.0,0.51,50.0,0.63,5.0,0.67,10.0,0.37,5.0,0.33,10.0,0.48,14.0,0.49,50.0,0.11,0.11,614.783488,1776193533000
1776193534.941,34.941,0.52,14.0,0.51,50.0,0.63,5.0,0.67,10.0,0.37,5.0,0.33,10.0,0.48,14.0,0.49,50.0,0.11,0.11,614.783488,1776193534000
1776193536.078,36.078,0.52,14.0,0.51,50.0,0.63,5.0,0.67,10.0,0.37,5.0,0.33,10.0,0.48,14.0,0.49,50.0,0.11,0.11,614.785201,1776193535000
1776193537.144,37.144,0.52,14.0,0.51,50.0,0.63,5.0,0.67,10.0,0.37,5.0,0.33,10.0,0.48,14.0,0.49,50.0,0.11,0.11,614.785296,1776193536000
1776193538.965,38.965,0.52,14.0,0.51,50.0,0.63,5.0,0.67,10.0,0.37,5.0,0.33,10.0,0.48,14.0,0.49,50.0,0.11,0.11,614.815475,1776193537000
1776193539.784,39.784,0.62,15.0,0.61,58.0,0.68,5.0,0.69,5.0,0.37,5.0,0.33,10.0,0.48,14.0,0.49,50.0,0.06,0.11,614.815475,1776193537000
1776193540.301,40.301,0.62,23.0,0.61,50.0,0.68,3.0,0.7,5.0,0.32,5.0,0.31,5.0,0.38,15.0,0.39,58.0,0.06,0.06,614.853,1776193538000
1776193540.74,40.74,0.62,23.0,0.61,50.0,0.68,3.0,0.7,5.0,0.32,3.0,0.3,5.0,0.38,23.0,0.39,50.0,0.06,0.06,614.853,1776193539000
1776193541.608,41.608,0.62,23.0,0.61,50.0,0.68,3.0,0.7,5.0,0.32,3.0,0.3,5.0,0.38,23.0,0.39,50.0,0.06,0.06,614.886,1776193540000
1776193542.252,42.252,0.62,23.0,0.61,50.0,0.68,3.0,0.7,5.0,0.32,3.0,0.3,5.0,0.38,23.0,0.39,50.0,0.06,0.06,614.887,1776193541000
1776193543.855,43.855,0.62,23.0,0.61,50.0,0.68,3.0,0.7,5.0,0.32,3.0,0.3,5.0,0.38,23.0,0.39,50.0,0.06,0.06,614.871111,1776193542000
1776193544.682,44.682,0.62,23.0,0.61,50.0,0.68,3.0,0.7,5.0,0.32,3.0,0.3,5.0,0.38,23.0,0.39,50.0,0.06,0.06,614.871256,1776193543000
1776193545.373,45.373,0.62,23.0,0.61,50.0,0.68,3.0,0.7,5.0,0.32,3.0,0.3,5.0,0.38,23.0,0.39,50.0,0.06,0.06,614.870949,1776193544000
1776193545.576,45.576,0.63,5.0,0.62,18.0,0.69,1.63,0.7,5.0,0.32,3.0,0.3,5.0,0.38,23.0,0.39,50.0,0.06,0.06,614.870949,1776193544000
1776193546.247,46.247,0.63,5.0,0.62,18.0,0.69,1.63,0.7,5.0,0.31,1.63,0.3,5.0,0.37,5.0,0.38,18.0,0.06,0.06,614.870949,1776193545000
1776193547.929,47.929,0.63,5.0,0.62,18.0,0.69,1.63,0.7,5.0,0.31,1.63,0.3,5.0,0.37,5.0,0.38,18.0,0.06,0.06,614.870404,1776193546000
1776193548.768,48.768,0.63,5.0,0.62,18.0,0.69,1.63,0.7,5.0,0.31,1.63,0.3,5.0,0.37,5.0,0.38,18.0,0.06,0.06,614.868218,1776193547000
1776193549.609,49.609,0.63,5.0,0.62,18.0,0.69,1.63,0.7,5.0,0.31,1.63,0.3,5.0,0.37,5.0,0.38,18.0,0.06,0.06,614.868218,1776193548000
1776193550.305,50.305,0.63,5.0,0.62,18.0,0.69,1.63,0.7,5.0,0.31,1.63,0.3,5.0,0.37,5.0,0.38,18.0,0.06,0.06,614.868218,1776193549000
1776193551.142,51.142,0.63,5.0,0.62,18.0,0.69,1.63,0.7,5.0,0.31,1.63,0.3,5.0,0.37,5.0,0.38,18.0,0.06,0.06,614.868732,1776193550000
1776193552.796,52.796,0.63,5.0,0.62,18.0,0.69,1.63,0.7,5.0,0.31,1.63,0.3,5.0,0.37,5.0,0.38,18.0,0.06,0.06,614.867976,1776193551000
1776193553.67,53.67,0.63,5.0,0.62,18.0,0.69,1.63,0.7,5.0,0.31,1.63,0.3,5.0,0.37,5.0,0.38,18.0,0.06,0.06,614.866787,1776193552000
1776193554.353,54.353,0.63,5.0,0.62,18.0,0.69,1.63,0.7,5.0,0.31,1.63,0.3,5.0,0.37,5.0,0.38,18.0,0.06,0.06,614.866789,1776193553000
1776193555.198,55.198,0.63,5.0,0.62,18.0,0.69,1.63,0.7,5.0,0.31,1.63,0.3,5.0,0.37,5.0,0.38,18.0,0.06,0.06,614.867115,1776193554000
1776193556.644,56.644,0.63,5.0,0.62,18.0,0.69,1.63,0.7,5.0,0.31,1.63,0.3,5.0,0.37,5.0,0.38,18.0,0.06,0.06,614.86742,1776193555000
1776193557.397,57.397,0.63,5.0,0.62,18.0,0.69,1.63,0.7,5.0,0.31,1.63,0.3,5.0,0.37,5.0,0.38,18.0,0.06,0.06,614.867463,1776193556000
1776193558.25,58.25,0.63,5.0,0.62,18.0,0.69,1.63,0.7,5.0,0.31,1.63,0.3,5.0,0.37,5.0,0.38,18.0,0.06,0.06,614.867469,1776193557000
1776193559.565,59.565,0.63,5.0,0.62,18.0,0.69,1.63,0.7,5.0,0.31,1.63,0.3,5.0,0.37,5.0,0.38,18.0,0.06,0.06,614.867469,1776193558000
1776193560.195,60.195,0.63,5.0,0.62,18.0,0.69,1.63,0.7,5.0,0.31,1.63,0.3,5.0,0.37,5.0,0.38,18.0,0.06,0.06,614.868284,1776193559000
1776193561.373,61.373,0.63,5.0,0.62,18.0,0.69,1.63,0.7,5.0,0.31,1.63,0.3,5.0,0.37,5.0,0.38,18.0,0.06,0.06,614.868897,1776193560000
1776193561.579,61.579,0.66,7.0,0.63,5.0,0.7,0.34,0.71,5.0,0.31,1.63,0.3,5.0,0.37,5.0,0.38,18.0,0.04,0.06,614.868897,1776193560000
1776193562.529,62.529,0.66,7.0,0.63,5.0,0.7,0.34,0.71,5.0,0.3,0.34,0.29,5.0,0.34,7.0,0.37,5.0,0.04,0.04,614.86734,1776193561000
1776193563.191,63.191,0.66,7.0,0.63,5.0,0.7,0.34,0.71,5.0,0.3,0.34,0.29,5.0,0.34,7.0,0.37,5.0,0.04,0.04,614.872455,1776193562000
1776193564.137,64.137,0.66,7.0,0.64,5.0,0.73,4.34,0.78,15.2,0.3,0.34,0.29,5.0,0.34,7.0,0.37,5.0,0.07,0.04,614.872455,1776193562000
1776193565.002,65.002,0.66,7.0,0.64,5.0,0.73,4.34,0.78,15.2,0.27,4.34,0.22,15.2,0.34,7.0,0.36,5.0,0.07,0.07,614.881232,1776193564000
1776193566.169,66.169,0.66,7.0,0.64,5.0,0.73,4.34,0.78,15.2,0.27,4.34,0.22,15.2,0.34,7.0,0.36,5.0,0.07,0.07,614.884751,1776193565000
1776193567.513,67.513,0.66,7.0,0.64,5.0,0.73,4.34,0.78,15.2,0.27,4.34,0.22,15.2,0.34,7.0,0.36,5.0,0.07,0.07,614.903037,1776193566000
1776193568.26,68.26,0.66,7.0,0.64,5.0,0.73,4.34,0.78,15.2,0.27,4.34,0.22,15.2,0.34,7.0,0.36,5.0,0.07,0.07,614.901001,1776193567000
1776193569.42,69.42,0.66,7.0,0.64,5.0,0.73,4.34,0.78,15.2,0.27,4.34,0.22,15.2,0.34,7.0,0.36,5.0,0.07,0.07,614.907143,1776193568000
1776193570.11,70.11,0.66,7.0,0.64,5.0,0.73,4.34,0.78,15.2,0.27,4.34,0.22,15.2,0.34,7.0,0.36,5.0,0.07,0.07,614.924177,1776193569000
1776193571.373,71.373,0.66,7.0,0.64,5.0,0.73,4.34,0.78,15.2,0.27,4.34,0.22,15.2,0.34,7.0,0.36,5.0,0.07,0.07,614.925004,1776193570000
1776193572.6,72.6,0.66,7.0,0.64,5.0,0.73,4.34,0.78,15.2,0.27,4.34,0.22,15.2,0.34,7.0,0.36,5.0,0.07,0.07,614.924188,1776193571000
1776193573.308,73.308,0.66,7.0,0.64,5.0,0.73,4.34,0.78,15.2,0.27,4.34,0.22,15.2,0.34,7.0,0.36,5.0,0.07,0.07,614.924188,1776193572000
1776193574.519,74.519,0.66,7.0,0.64,5.0,0.73,4.34,0.78,15.2,0.27,4.34,0.22,15.2,0.34,7.0,0.36,5.0,0.07,0.07,614.933293,1776193573000
1776193575.566,75.566,0.66,7.0,0.64,5.0,0.73,4.34,0.78,15.2,0.27,4.34,0.22,15.2,0.34,7.0,0.36,5.0,0.07,0.07,614.933293,1776193574000
1776193576.006,76.006,0.66,7.0,0.64,5.0,0.73,4.34,0.78,15.2,0.27,4.34,0.22,15.2,0.34,7.0,0.36,5.0,0.07,0.07,614.934121,1776193575000
1776193577.157,77.157,0.66,7.0,0.64,5.0,0.73,4.34,0.78,15.2,0.27,4.34,0.22,15.2,0.34,7.0,0.36,5.0,0.07,0.07,614.889479,1776193576000
1776193578.209,78.209,0.66,7.0,0.64,5.0,0.73,4.34,0.78,15.2,0.27,4.34,0.22,15.2,0.34,7.0,0.36,5.0,0.07,0.07,614.884799,1776193577000
1776193579.047,79.047,0.72,0.82,0.65,5.0,0.73,10.0,0.74,10.0,0.27,4.34,0.22,15.2,0.34,7.0,0.36,5.0,0.01,0.07,614.884799,1776193577000
1776193579.261,79.261,0.72,0.82,0.65,5.0,0.73,10.0,0.74,10.0,0.27,10.0,0.26,10.0,0.28,0.82,0.35,5.0,0.01,0.01,614.880816,1776193578000
1776193580.409,80.409,0.72,0.82,0.65,5.0,0.73,10.0,0.74,10.0,0.27,10.0,0.26,10.0,0.28,0.82,0.35,5.0,0.01,0.01,614.880816,1776193579000
1776193580.985,80.985,0.72,0.82,0.65,5.0,0.73,10.0,0.74,10.0,0.27,10.0,0.26,10.0,0.28,0.82,0.35,5.0,0.01,0.01,614.885456,1776193580000
1776193582.053,82.053,0.72,0.82,0.65,5.0,0.73,10.0,0.74,10.0,0.27,10.0,0.26,10.0,0.28,0.82,0.35,5.0,0.01,0.01,614.885456,1776193581000
1776193583.142,83.142,0.72,0.82,0.65,5.0,0.73,10.0,0.74,10.0,0.27,10.0,0.26,10.0,0.28,0.82,0.35,5.0,0.01,0.01,614.882637,1776193582000
1776193584.163,84.163,0.72,0.82,0.65,5.0,0.73,10.0,0.74,10.0,0.27,10.0,0.26,10.0,0.28,0.82,0.35,5.0,0.01,0.01,614.882637,1776193583000
1776193585.075,85.075,0.65,16.4,0.64,11.3,0.74,3.51,0.75,10.0,0.27,10.0,0.26,10.0,0.28,0.82,0.35,5.0,0.09,0.01,614.882637,1776193583000
1776193586.431,86.431,0.65,16.4,0.64,11.3,0.74,3.51,0.75,10.0,0.26,3.51,0.25,10.0,0.35,16.4,0.36,11.3,0.09,0.09,614.883537,1776193585000
1776193586.931,86.931,0.67,7.0,0.66,10.0,0.75,7.3,0.78,15.2,0.25,7.3,0.22,15.2,0.33,7.0,0.34,10.0,0.08,0.08,614.883529,1776193586000
1776193588.066,88.066,0.67,7.0,0.66,10.0,0.75,7.3,0.78,15.2,0.25,7.3,0.22,15.2,0.33,7.0,0.34,10.0,0.08,0.08,614.883257,1776193587000
1776193588.89,88.89,0.69,17.0,0.65,16.4,0.76,5.0,0.78,15.2,0.25,7.3,0.22,15.2,0.33,7.0,0.34,10.0,0.07,0.08,614.883257,1776193587000
1776193589.543,89.543,0.69,17.0,0.65,16.4,0.76,5.0,0.78,15.2,0.24,5.0,0.22,15.2,0.31,17.0,0.35,16.4,0.07,0.07,614.883716,1776193588000
1776193590.152,90.152,0.69,17.0,0.65,16.4,0.76,5.0,0.78,15.2,0.24,5.0,0.22,15.2,0.31,17.0,0.35,16.4,0.07,0.07,614.883717,1776193589000
1776193591.163,91.163,0.7,7.0,0.69,10.0,0.78,15.2,0.79,15.7,0.24,5.0,0.22,15.2,0.31,17.0,0.35,16.4,0.08,0.07,614.883717,1776193589000
1776193591.392,91.392,0.7,7.0,0.69,10.0,0.78,15.2,0.79,15.7,0.22,15.2,0.21,15.7,0.3,7.0,0.31,10.0,0.08,0.08,614.883771,1776193590000
1776193591.95,91.95,0.7,7.0,0.69,10.0,0.78,15.2,0.79,15.7,0.22,15.2,0.21,15.7,0.3,7.0,0.31,10.0,0.08,0.08,614.882925,1776193591000
1776193593.211,93.211,0.7,7.0,0.69,10.0,0.78,15.2,0.79,15.7,0.22,15.2,0.21,15.7,0.3,7.0,0.31,10.0,0.08,0.08,614.883791,1776193592000
1776193594.282,94.282,0.7,7.0,0.69,10.0,0.78,15.2,0.79,15.7,0.22,15.2,0.21,15.7,0.3,7.0,0.31,10.0,0.08,0.08,614.894062,1776193593000
1776193595.392,95.392,0.7,7.0,0.69,10.0,0.78,15.2,0.79,15.7,0.22,15.2,0.21,15.7,0.3,7.0,0.31,10.0,0.08,0.08,614.89434,1776193594000
1776193596.131,96.131,0.7,7.0,0.69,10.0,0.78,15.2,0.79,15.7,0.22,15.2,0.21,15.7,0.3,7.0,0.31,10.0,0.08,0.08,614.910471,1776193595000
1776193597.267,97.267,0.7,7.0,0.69,10.0,0.78,15.2,0.79,15.7,0.22,15.2,0.21,15.7,0.3,7.0,0.31,10.0,0.08,0.08,614.92651,1776193596000
1776193598.431,98.431,0.7,7.0,0.69,10.0,0.78,15.2,0.79,15.7,0.22,15.2,0.21,15.7,0.3,7.0,0.31,10.0,0.08,0.08,614.990023,1776193597000
1776193599.051,99.051,0.7,7.0,0.69,10.0,0.78,15.2,0.79,15.7,0.22,15.2,0.21,15.7,0.3,7.0,0.31,10.0,0.08,0.08,614.990328,1776193598000
1776193600.238,100.238,0.7,7.0,0.69,10.0,0.78,15.2,0.79,15.7,0.22,15.2,0.21,15.7,0.3,7.0,0.31,10.0,0.08,0.08,615.001754,1776193599000
1776193601.322,101.322,0.7,7.0,0.69,10.0,0.78,15.2,0.79,15.7,0.22,15.2,0.21,15.7,0.3,7.0,0.31,10.0,0.08,0.08,615.007,1776193600000
1776193601.914,101.914,0.7,7.0,0.69,10.0,0.78,15.2,0.79,15.7,0.22,15.2,0.21,15.7,0.3,7.0,0.31,10.0,0.08,0.08,615.007,1776193601000
1776193603.058,103.058,0.7,7.0,0.69,10.0,0.78,15.2,0.79,15.7,0.22,15.2,0.21,15.7,0.3,7.0,0.31,10.0,0.08,0.08,615.01,1776193602000
1776193603.403,103.403,0.77,6.0,0.74,13.5,0.85,20.39,0.86,21.6,0.22,15.2,0.21,15.7,0.3,7.0,0.31,10.0,0.08,0.08,615.01,1776193602000
1776193604.765,104.765,0.77,6.0,0.74,13.5,0.85,20.39,0.86,21.6,0.15,20.39,0.14,21.6,0.23,6.0,0.26,13.5,0.08,0.08,615.002452,1776193603000
1776193605.206,105.206,0.77,6.0,0.74,13.5,0.85,20.39,0.86,21.6,0.15,20.39,0.14,21.6,0.23,6.0,0.26,13.5,0.08,0.08,615.002306,1776193604000
1776193606.253,106.253,0.77,6.0,0.74,13.5,0.85,20.39,0.86,21.6,0.15,20.39,0.14,21.6,0.23,6.0,0.26,13.5,0.08,0.08,615.001635,1776193605000
1776193606.807,106.807,0.8,1.0,0.7,5.0,0.85,20.39,0.86,26.6,0.15,20.39,0.14,21.6,0.23,6.0,0.26,13.5,0.05,0.08,615.001635,1776193605000
1776193607.282,107.282,0.8,1.0,0.7,5.0,0.85,20.39,0.86,26.6,0.15,20.39,0.14,26.6,0.2,1.0,0.3,5.0,0.05,0.05,615.037,1776193606000
1776193607.858,107.858,0.8,1.0,0.7,5.0,0.85,20.39,0.86,26.6,0.15,20.39,0.14,26.6,0.2,1.0,0.3,5.0,0.05,0.05,615.037,1776193607000
1776193608.331,108.331,0.79,6.0,0.69,22.2,0.83,18.39,0.84,19.3,0.18,7.6,0.17,18.39,0.22,6.0,0.3,5.0,0.04,0.04,615.037,1776193607000
1776193608.857,108.857,0.79,6.0,0.69,22.2,0.83,18.39,0.84,19.3,0.17,18.39,0.16,19.3,0.21,6.0,0.31,22.2,0.04,0.04,615.049,1776193608000
1776193609.875,109.875,0.79,6.0,0.69,22.2,0.83,18.39,0.84,19.3,0.17,18.39,0.16,19.3,0.21,6.0,0.31,22.2,0.04,0.04,614.925652,1776193609000
1776193611.432,111.432,0.79,6.0,0.69,22.2,0.83,18.39,0.84,19.3,0.17,18.39,0.16,19.3,0.21,6.0,0.31,22.2,0.04,0.04,614.923727,1776193610000
1776193612.233,112.233,0.79,6.0,0.69,22.2,0.83,18.39,0.84,19.3,0.17,18.39,0.16,19.3,0.21,6.0,0.31,22.2,0.04,0.04,614.926199,1776193611000
1776193613.401,113.401,0.79,6.0,0.69,22.2,0.83,18.39,0.84,19.3,0.17,18.39,0.16,19.3,0.21,6.0,0.31,22.2,0.04,0.04,614.926191,1776193612000
1776193614.392,114.392,0.79,6.0,0.69,22.2,0.83,18.39,0.84,19.3,0.17,18.39,0.16,19.3,0.21,6.0,0.31,22.2,0.04,0.04,614.926694,1776193613000
1776193615.304,115.304,0.79,6.0,0.69,22.2,0.83,18.39,0.84,19.3,0.17,18.39,0.16,19.3,0.21,6.0,0.31,22.2,0.04,0.04,614.92656,1776193614000
1776193616.333,116.333,0.79,6.0,0.69,22.2,0.83,18.39,0.84,19.3,0.17,18.39,0.16,19.3,0.21,6.0,0.31,22.2,0.04,0.04,614.920254,1776193615000
1776193617.761,117.761,0.79,6.0,0.69,22.2,0.83,18.39,0.84,19.3,0.17,18.39,0.16,19.3,0.21,6.0,0.31,22.2,0.04,0.04,614.896357,1776193616000
1776193618.616,118.616,0.79,6.0,0.69,22.2,0.83,18.39,0.84,19.3,0.17,18.39,0.16,19.3,0.21,6.0,0.31,22.2,0.04,0.04,614.89621,1776193617000
1776193619.432,119.432,0.79,6.0,0.69,22.2,0.83,18.39,0.84,19.3,0.17,18.39,0.16,19.3,0.21,6.0,0.31,22.2,0.04,0.04,614.89621,1776193618000
1776193620.031,120.031,0.79,6.0,0.69,22.2,0.83,18.39,0.84,19.3,0.17,18.39,0.16,19.3,0.21,6.0,0.31,22.2,0.04,0.04,614.895481,1776193619000
1776193621.345,121.345,0.79,6.0,0.69,22.2,0.83,18.39,0.84,19.3,0.17,18.39,0.16,19.3,0.21,6.0,0.31,22.2,0.04,0.04,614.903909,1776193620000
1776193622.509,122.509,0.79,6.0,0.69,22.2,0.83,18.39,0.84,19.3,0.17,18.39,0.16,19.3,0.21,6.0,0.31,22.2,0.04,0.04,614.904004,1776193621000
1776193623.154,123.154,0.79,6.0,0.69,22.2,0.83,18.39,0.84,19.3,0.17,18.39,0.16,19.3,0.21,6.0,0.31,22.2,0.04,0.04,614.905454,1776193622000
1776193624.3,124.3,0.79,6.0,0.69,22.2,0.83,18.39,0.84,19.3,0.17,18.39,0.16,19.3,0.21,6.0,0.31,22.2,0.04,0.04,614.916,1776193623000
1776193625.027,125.027,0.79,6.0,0.69,22.2,0.83,18.39,0.84,19.3,0.17,18.39,0.16,19.3,0.21,6.0,0.31,22.2,0.04,0.04,614.916,1776193624000
1776193626.207,126.207,0.79,6.0,0.69,22.2,0.83,18.39,0.84,19.3,0.17,18.39,0.16,19.3,0.21,6.0,0.31,22.2,0.04,0.04,614.905,1776193625000
1776193627.381,127.381,0.79,6.0,0.69,22.2,0.83,18.39,0.84,19.3,0.17,18.39,0.16,19.3,0.21,6.0,0.31,22.2,0.04,0.04,614.904651,1776193626000
1776193628.081,128.081,0.79,6.0,0.69,22.2,0.83,18.39,0.84,19.3,0.17,18.39,0.16,19.3,0.21,6.0,0.31,22.2,0.04,0.04,614.902998,1776193627000
1776193629.243,129.243,0.79,6.0,0.69,22.2,0.83,18.39,0.84,19.3,0.17,18.39,0.16,19.3,0.21,6.0,0.31,22.2,0.04,0.04,614.902161,1776193628000
1776193630.489,130.489,0.79,6.0,0.69,22.2,0.83,18.39,0.84,19.3,0.17,18.39,0.16,19.3,0.21,6.0,0.31,22.2,0.04,0.04,614.901925,1776193629000
1776193631.128,131.128,0.79,6.0,0.69,22.2,0.83,18.39,0.84,19.3,0.17,18.39,0.16,19.3,0.21,6.0,0.31,22.2,0.04,0.04,614.891738,1776193630000
1776193632.338,132.338,0.79,6.0,0.69,22.2,0.83,18.39,0.84,19.3,0.17,18.39,0.16,19.3,0.21,6.0,0.31,22.2,0.04,0.04,614.802,1776193631000
1776193632.997,132.997,0.79,6.0,0.69,22.2,0.83,18.39,0.84,19.3,0.17,18.39,0.16,19.3,0.21,6.0,0.31,22.2,0.04,0.04,614.799406,1776193632000
1776193633.996,133.996,0.79,6.0,0.69,22.2,0.83,18.39,0.84,19.3,0.17,18.39,0.16,19.3,0.21,6.0,0.31,22.2,0.04,0.04,614.815,1776193633000
1776193635.042,135.042,0.79,6.0,0.69,22.2,0.83,18.39,0.84,19.3,0.17,18.39,0.16,19.3,0.21,6.0,0.31,22.2,0.04,0.04,614.83122,1776193634000
1776193636.159,136.159,0.79,6.0,0.69,22.2,0.83,18.39,0.84,19.3,0.17,18.39,0.16,19.3,0.21,6.0,0.31,22.2,0.04,0.04,614.831077,1776193635000
1776193637.185,137.185,0.79,6.0,0.69,22.2,0.83,18.39,0.84,19.3,0.17,18.39,0.16,19.3,0.21,6.0,0.31,22.2,0.04,0.04,614.796869,1776193636000
1776193638.12,138.12,0.79,6.0,0.69,22.2,0.83,18.39,0.84,19.3,0.17,18.39,0.16,19.3,0.21,6.0,0.31,22.2,0.04,0.04,614.798588,1776193637000
1776193639.175,139.175,0.79,6.0,0.69,22.2,0.83,18.39,0.84,19.3,0.17,18.39,0.16,19.3,0.21,6.0,0.31,22.2,0.04,0.04,614.798596,1776193638000
1776193640.273,140.273,0.79,6.0,0.69,22.2,0.83,18.39,0.84,19.3,0.17,18.39,0.16,19.3,0.21,6.0,0.31,22.2,0.04,0.04,614.797356,1776193639000
1776193641.312,141.312,0.79,6.0,0.69,22.2,0.83,18.39,0.84,19.3,0.17,18.39,0.16,19.3,0.21,6.0,0.31,22.2,0.04,0.04,614.796693,1776193640000
1776193642.239,142.239,0.79,6.0,0.69,22.2,0.83,18.39,0.84,19.3,0.17,18.39,0.16,19.3,0.21,6.0,0.31,22.2,0.04,0.04,614.8,1776193641000
1776193643.319,143.319,0.79,6.0,0.69,22.2,0.83,18.39,0.84,19.3,0.17,18.39,0.16,19.3,0.21,6.0,0.31,22.2,0.04,0.04,614.8,1776193642000
1776193644.282,144.282,0.79,6.0,0.69,22.2,0.83,18.39,0.84,19.3,0.17,18.39,0.16,19.3,0.21,6.0,0.31,22.2,0.04,0.04,614.8056,1776193643000
1776193645.258,145.258,0.79,6.0,0.69,22.2,0.83,18.39,0.84,19.3,0.17,18.39,0.16,19.3,0.21,6.0,0.31,22.2,0.04,0.04,614.887,1776193644000
1776193646.276,146.276,0.79,6.0,0.69,22.2,0.83,18.39,0.84,19.3,0.17,18.39,0.16,19.3,0.21,6.0,0.31,22.2,0.04,0.04,614.869283,1776193645000
1776193647.259,147.259,0.79,6.0,0.69,22.2,0.83,18.39,0.84,19.3,0.17,18.39,0.16,19.3,0.21,6.0,0.31,22.2,0.04,0.04,614.867,1776193646000
1776193648.477,148.477,0.79,6.0,0.69,22.2,0.83,18.39,0.84,19.3,0.17,18.39,0.16,19.3,0.21,6.0,0.31,22.2,0.04,0.04,614.876,1776193647000
1776193648.96,148.96,0.79,6.0,0.69,22.2,0.83,18.39,0.84,19.3,0.17,18.39,0.16,19.3,0.21,6.0,0.31,22.2,0.04,0.04,614.869372,1776193648000
1776193650.319,150.319,0.79,6.0,0.69,22.2,0.83,18.39,0.84,19.3,0.17,18.39,0.16,19.3,0.21,6.0,0.31,22.2,0.04,0.04,614.895,1776193649000
1776193651.573,151.573,0.79,6.0,0.69,22.2,0.83,18.39,0.84,19.3,0.17,18.39,0.16,19.3,0.21,6.0,0.31,22.2,0.04,0.04,614.895,1776193650000
1776193652.132,152.132,0.79,6.0,0.69,22.2,0.83,18.39,0.84,19.3,0.17,18.39,0.16,19.3,0.21,6.0,0.31,22.2,0.04,0.04,614.867,1776193651000
1776193653.425,153.425,0.79,6.0,0.69,22.2,0.83,18.39,0.84,19.3,0.17,18.39,0.16,19.3,0.21,6.0,0.31,22.2,0.04,0.04,614.871,1776193652000
1776193654.013,154.013,0.79,6.0,0.69,22.2,0.83,18.39,0.84,19.3,0.17,18.39,0.16,19.3,0.21,6.0,0.31,22.2,0.04,0.04,614.871,1776193653000
1776193655.263,155.263,0.79,6.0,0.69,22.2,0.83,18.39,0.84,19.3,0.17,18.39,0.16,19.3,0.21,6.0,0.31,22.2,0.04,0.04,614.87,1776193654000
1776193656.423,156.423,0.79,6.0,0.69,22.2,0.83,18.39,0.84,19.3,0.17,18.39,0.16,19.3,0.21,6.0,0.31,22.2,0.04,0.04,614.885,1776193655000
1776193657.086,157.086,0.79,6.0,0.69,22.2,0.83,18.39,0.84,19.3,0.17,18.39,0.16,19.3,0.21,6.0,0.31,22.2,0.04,0.04,614.885,1776193656000
1776193658.358,158.358,0.79,6.0,0.69,22.2,0.83,18.39,0.84,19.3,0.17,18.39,0.16,19.3,0.21,6.0,0.31,22.2,0.04,0.04,614.929,1776193657000
1776193659.616,159.616,0.79,6.0,0.69,22.2,0.83,18.39,0.84,19.3,0.17,18.39,0.16,19.3,0.21,6.0,0.31,22.2,0.04,0.04,614.946,1776193658000
1776193660.228,160.228,0.79,6.0,0.69,22.2,0.83,18.39,0.84,19.3,0.17,18.39,0.16,19.3,0.21,6.0,0.31,22.2,0.04,0.04,614.946,1776193659000
1776193661.561,161.561,0.79,6.0,0.69,22.2,0.83,18.39,0.84,19.3,0.17,18.39,0.16,19.3,0.21,6.0,0.31,22.2,0.04,0.04,614.963,1776193660000
1776193662.067,162.067,0.79,6.0,0.69,22.2,0.83,18.39,0.84,19.3,0.17,18.39,0.16,19.3,0.21,6.0,0.31,22.2,0.04,0.04,614.963,1776193661000
1776193663.027,163.027,0.79,6.0,0.69,22.2,0.83,18.39,0.84,19.3,0.17,18.39,0.16,19.3,0.21,6.0,0.31,22.2,0.04,0.04,615.007,1776193662000
1776193664.16,164.16,0.79,6.0,0.69,22.2,0.83,18.39,0.84,19.3,0.17,18.39,0.16,19.3,0.21,6.0,0.31,22.2,0.04,0.04,615.068,1776193663000
1776193665.264,165.264,0.79,6.0,0.69,22.2,0.83,18.39,0.84,19.3,0.17,18.39,0.16,19.3,0.21,6.0,0.31,22.2,0.04,0.04,615.066,1776193664000
1776193666.391,166.391,0.79,6.0,0.69,22.2,0.83,18.39,0.84,19.3,0.17,18.39,0.16,19.3,0.21,6.0,0.31,22.2,0.04,0.04,615.0296,1776193665000
1776193666.919,166.919,0.79,6.0,0.69,22.2,0.83,18.39,0.84,19.3,0.17,18.39,0.16,19.3,0.21,6.0,0.31,22.2,0.04,0.04,615.029629,1776193666000
1776193668.007,168.007,0.79,6.0,0.69,22.2,0.83,18.39,0.84,19.3,0.17,18.39,0.16,19.3,0.21,6.0,0.31,22.2,0.04,0.04,615.027957,1776193667000
1776193669.151,169.151,0.79,6.0,0.69,22.2,0.83,18.39,0.84,19.3,0.17,18.39,0.16,19.3,0.21,6.0,0.31,22.2,0.04,0.04,615.028037,1776193668000
1776193670.217,170.217,0.79,6.0,0.69,22.2,0.83,18.39,0.84,19.3,0.17,18.39,0.16,19.3,0.21,6.0,0.31,22.2,0.04,0.04,615.028037,1776193669000
1776193671.395,171.395,0.79,6.0,0.69,22.2,0.83,18.39,0.84,19.3,0.17,18.39,0.16,19.3,0.21,6.0,0.31,22.2,0.04,0.04,615.027157,1776193670000
1776193671.98,171.98,0.79,6.0,0.69,22.2,0.83,18.39,0.84,19.3,0.17,18.39,0.16,19.3,0.21,6.0,0.31,22.2,0.04,0.04,615.027157,1776193671000
1776193673.138,173.138,0.79,6.0,0.69,22.2,0.83,18.39,0.84,19.3,0.17,18.39,0.16,19.3,0.21,6.0,0.31,22.2,0.04,0.04,615.032,1776193672000
1776193674.251,174.251,0.79,6.0,0.69,22.2,0.83,18.39,0.84,19.3,0.17,18.39,0.16,19.3,0.21,6.0,0.31,22.2,0.04,0.04,615.025515,1776193673000
1776193675.324,175.324,0.79,6.0,0.69,22.2,0.83,18.39,0.84,19.3,0.17,18.39,0.16,19.3,0.21,6.0,0.31,22.2,0.04,0.04,615.024888,1776193674000
1776193676.4,176.4,0.79,6.0,0.69,22.2,0.83,18.39,0.84,19.3,0.17,18.39,0.16,19.3,0.21,6.0,0.31,22.2,0.04,0.04,615.019575,1776193675000
1776193677.965,177.965,0.79,6.0,0.69,22.2,0.83,18.39,0.84,19.3,0.17,18.39,0.16,19.3,0.21,6.0,0.31,22.2,0.04,0.04,615.02322,1776193676000
1776193678.839,178.839,0.79,6.0,0.69,22.2,0.83,18.39,0.84,19.3,0.17,18.39,0.16,19.3,0.21,6.0,0.31,22.2,0.04,0.04,615.02322,1776193677000
1776193679.793,179.793,0.79,6.0,0.69,22.2,0.83,18.39,0.84,19.3,0.17,18.39,0.16,19.3,0.21,6.0,0.31,22.2,0.04,0.04,615.034809,1776193678000
1776193680.698,180.698,0.79,6.0,0.69,22.2,0.83,18.39,0.84,19.3,0.17,18.39,0.16,19.3,0.21,6.0,0.31,22.2,0.04,0.04,615.035264,1776193679000
1776193681.605,181.605,0.79,6.0,0.69,22.2,0.83,18.39,0.84,19.3,0.17,18.39,0.16,19.3,0.21,6.0,0.31,22.2,0.04,0.04,615.034761,1776193680000
1776193682.314,182.314,0.79,6.0,0.69,22.2,0.83,18.39,0.84,19.3,0.17,18.39,0.16,19.3,0.21,6.0,0.31,22.2,0.04,0.04,615.034894,1776193681000
1776193684.11,184.11,0.79,6.0,0.69,22.2,0.83,18.39,0.84,19.3,0.17,18.39,0.16,19.3,0.21,6.0,0.31,22.2,0.04,0.04,615.030307,1776193682000
1776193685.041,185.041,0.79,6.0,0.69,22.2,0.83,18.39,0.84,19.3,0.17,18.39,0.16,19.3,0.21,6.0,0.31,22.2,0.04,0.04,615.016815,1776193683000
1776193686.355,186.355,0.79,6.0,0.69,22.2,0.83,18.39,0.84,19.3,0.17,18.39,0.16,19.3,0.21,6.0,0.31,22.2,0.04,0.04,615.016815,1776193684000
1776193687.175,187.175,0.79,6.0,0.69,22.2,0.83,18.39,0.84,19.3,0.17,18.39,0.16,19.3,0.21,6.0,0.31,22.2,0.04,0.04,614.934054,1776193686000
1776193688.973,188.973,0.79,6.0,0.69,22.2,0.83,18.39,0.84,19.3,0.17,18.39,0.16,19.3,0.21,6.0,0.31,22.2,0.04,0.04,614.918641,1776193687000
1776193689.689,189.689,0.79,6.0,0.69,22.2,0.83,18.39,0.84,19.3,0.17,18.39,0.16,19.3,0.21,6.0,0.31,22.2,0.04,0.04,614.92,1776193688000
1776193690.275,190.275,0.79,6.0,0.69,22.2,0.83,18.39,0.84,19.3,0.17,18.39,0.16,19.3,0.21,6.0,0.31,22.2,0.04,0.04,614.92,1776193689000
1776193691.975,191.975,0.79,6.0,0.69,22.2,0.83,18.39,0.84,19.3,0.17,18.39,0.16,19.3,0.21,6.0,0.31,22.2,0.04,0.04,614.938,1776193690000
1776193692.729,192.729,0.79,6.0,0.69,22.2,0.83,18.39,0.84,19.3,0.17,18.39,0.16,19.3,0.21,6.0,0.31,22.2,0.04,0.04,614.918139,1776193691000
1776193693.347,193.347,0.79,6.0,0.69,22.2,0.83,18.39,0.84,19.3,0.17,18.39,0.16,19.3,0.21,6.0,0.31,22.2,0.04,0.04,614.922,1776193692000
1776193694.778,194.778,0.79,6.0,0.69,22.2,0.83,18.39,0.84,19.3,0.17,18.39,0.16,19.3,0.21,6.0,0.31,22.2,0.04,0.04,614.928,1776193693000
1776193695.558,195.558,0.79,6.0,0.69,22.2,0.83,18.39,0.84,19.3,0.17,18.39,0.16,19.3,0.21,6.0,0.31,22.2,0.04,0.04,614.929,1776193694000
1776193696.459,196.459,0.79,6.0,0.69,22.2,0.83,18.39,0.84,19.3,0.17,18.39,0.16,19.3,0.21,6.0,0.31,22.2,0.04,0.04,614.929,1776193695000
1776193697.079,197.079,0.79,6.0,0.69,22.2,0.83,18.39,0.84,19.3,0.17,18.39,0.16,19.3,0.21,6.0,0.31,22.2,0.04,0.04,614.992,1776193696000
1776193699.037,199.037,0.79,6.0,0.69,22.2,0.83,18.39,0.84,19.3,0.17,18.39,0.16,19.3,0.21,6.0,0.31,22.2,0.04,0.04,614.988,1776193697000
1776193700.145,200.145,0.79,6.0,0.69,22.2,0.83,18.39,0.84,19.3,0.17,18.39,0.16,19.3,0.21,6.0,0.31,22.2,0.04,0.04,614.984,1776193698000
1776193700.933,200.933,0.79,6.0,0.69,22.2,0.83,18.39,0.84,19.3,0.17,18.39,0.16,19.3,0.21,6.0,0.31,22.2,0.04,0.04,614.985578,1776193699000
1776193701.735,201.735,0.79,6.0,0.69,22.2,0.83,18.39,0.84,19.3,0.17,18.39,0.16,19.3,0.21,6.0,0.31,22.2,0.04,0.04,614.994,1776193700000
1776193702.512,202.512,0.86,21.6,0.85,20.39,0.9,3.88,0.93,39.9,0.1,3.88,0.07,39.9,0.14,21.6,0.15,20.39,0.04,0.04,614.985356,1776193701000
1776193703.247,203.247,0.86,21.6,0.85,20.39,0.9,3.88,0.93,39.9,0.1,3.88,0.07,39.9,0.14,21.6,0.15,20.39,0.04,0.04,614.98527,1776193702000
1776193704.908,204.908,0.86,21.6,0.85,20.39,0.9,3.88,0.93,39.9,0.1,3.88,0.07,39.9,0.14,21.6,0.15,20.39,0.04,0.04,614.983363,1776193703000
1776193705.677,205.677,0.86,21.6,0.85,20.39,0.9,3.88,0.93,39.9,0.1,3.88,0.07,39.9,0.14,21.6,0.15,20.39,0.04,0.04,614.983363,1776193704000
1776193706.45,206.45,0.86,21.6,0.85,20.39,0.9,3.88,0.93,39.9,0.1,3.88,0.07,39.9,0.14,21.6,0.15,20.39,0.04,0.04,614.983574,1776193705000
1776193707.223,207.223,0.86,21.6,0.85,20.39,0.9,3.88,0.93,39.9,0.1,3.88,0.07,39.9,0.14,21.6,0.15,20.39,0.04,0.04,614.983576,1776193706000
1776193708.831,208.831,0.86,21.6,0.85,20.39,0.9,3.88,0.93,39.9,0.1,3.88,0.07,39.9,0.14,21.6,0.15,20.39,0.04,0.04,614.980722,1776193707000
1776193709.63,209.63,0.86,21.6,0.85,20.39,0.9,3.88,0.93,39.9,0.1,3.88,0.07,39.9,0.14,21.6,0.15,20.39,0.04,0.04,614.980722,1776193708000
1776193710.343,210.343,0.86,21.6,0.85,20.39,0.9,3.88,0.93,39.9,0.1,3.88,0.07,39.9,0.14,21.6,0.15,20.39,0.04,0.04,614.980722,1776193709000
1776193711.022,211.022,0.88,24.6,0.87,23.0,0.95,54.7,0.96,67.7,0.05,54.7,0.04,67.7,0.12,24.6,0.13,23.0,0.07,0.07,614.980298,1776193710000
1776193712.516,212.516,0.88,24.6,0.87,23.0,0.95,54.7,0.96,67.7,0.05,54.7,0.04,67.7,0.12,24.6,0.13,23.0,0.07,0.07,615.007003,1776193711000
1776193712.893,212.893,0.89,26.6,0.88,24.6,0.95,52.59,0.96,67.7,0.05,54.7,0.04,67.7,0.12,24.6,0.13,23.0,0.06,0.07,615.007003,1776193711000
1776193713.318,213.318,0.89,26.6,0.88,24.6,0.95,52.59,0.96,67.7,0.05,52.59,0.04,67.7,0.11,26.6,0.12,24.6,0.06,0.06,615.022901,1776193712000
1776193714.121,214.121,0.9,28.9,0.89,26.6,0.96,65.61,0.97,89.3,0.05,52.59,0.04,67.7,0.11,26.6,0.12,24.6,0.06,0.06,615.022901,1776193712000
1776193715.539,215.539,0.9,28.9,0.89,26.6,0.96,65.61,0.97,89.3,0.04,65.61,0.03,89.3,0.1,28.9,0.11,26.6,0.06,0.06,615.023125,1776193714000
1776193716.305,216.305,0.9,28.9,0.89,26.6,0.96,65.61,0.97,89.3,0.04,65.61,0.03,89.3,0.1,28.9,0.11,26.6,0.06,0.06,615.023828,1776193715000
1776193717.824,217.824,0.9,28.9,0.89,26.6,0.96,65.61,0.97,89.3,0.04,65.61,0.03,89.3,0.1,28.9,0.11,26.6,0.06,0.06,615.020364,1776193716000
1776193718.996,218.996,0.9,28.9,0.89,26.6,0.96,65.61,0.97,89.3,0.04,65.61,0.03,89.3,0.1,28.9,0.11,26.6,0.06,0.06,615.026264,1776193718000
1776193720.262,220.262,0.9,28.9,0.89,26.6,0.96,65.61,0.97,89.3,0.04,65.61,0.03,89.3,0.1,28.9,0.11,26.6,0.06,0.06,614.99075,1776193719000
1776193721.549,221.549,0.9,28.9,0.89,26.6,0.96,65.61,0.97,89.3,0.04,65.61,0.03,89.3,0.1,28.9,0.11,26.6,0.06,0.06,614.990681,1776193720000
1776193722.049,222.049,0.9,28.9,0.89,26.6,0.96,65.61,0.97,89.3,0.04,65.61,0.03,89.3,0.1,28.9,0.11,26.6,0.06,0.06,614.994137,1776193721000
1776193723.204,223.204,0.9,28.9,0.89,26.6,0.96,65.61,0.97,89.3,0.04,65.61,0.03,89.3,0.1,28.9,0.11,26.6,0.06,0.06,614.994307,1776193722000
1776193724.354,224.354,0.9,28.9,0.89,26.6,0.96,65.61,0.97,89.3,0.04,65.61,0.03,89.3,0.1,28.9,0.11,26.6,0.06,0.06,614.994307,1776193723000
1776193725.412,225.412,0.9,28.9,0.89,26.6,0.96,65.61,0.97,89.3,0.04,65.61,0.03,89.3,0.1,28.9,0.11,26.6,0.06,0.06,614.994149,1776193724000
1776193725.973,225.973,0.9,28.9,0.89,26.6,0.96,65.61,0.97,89.3,0.04,65.61,0.03,89.3,0.1,28.9,0.11,26.6,0.06,0.06,614.994149,1776193725000
1776193726.512,226.512,0.89,26.6,0.88,24.6,0.95,52.59,0.96,65.61,0.04,65.61,0.03,89.3,0.1,28.9,0.11,26.6,0.06,0.06,614.994149,1776193725000
1776193727.024,227.024,0.89,26.6,0.88,24.6,0.95,52.59,0.96,65.61,0.05,52.59,0.04,65.61,0.11,26.6,0.12,24.6,0.06,0.06,614.994132,1776193726000
1776193728.417,228.417,0.89,26.6,0.88,24.6,0.95,52.59,0.96,65.61,0.05,52.59,0.04,65.61,0.11,26.6,0.12,24.6,0.06,0.06,614.994132,1776193727000
1776193729.097,229.097,0.89,26.6,0.88,24.6,0.95,52.59,0.96,65.61,0.05,52.59,0.04,65.61,0.11,26.6,0.12,24.6,0.06,0.06,614.99399,1776193728000
1776193730.2,230.2,0.89,26.6,0.88,24.6,0.95,52.59,0.96,65.61,0.05,52.59,0.04,65.61,0.11,26.6,0.12,24.6,0.06,0.06,614.992362,1776193729000
1776193730.528,230.528,0.85,5.0,0.84,19.3,0.94,17.29,0.95,52.59,0.05,52.59,0.04,65.61,0.11,26.6,0.12,24.6,0.09,0.06,614.992362,1776193729000
1776193731.286,231.286,0.85,5.0,0.84,19.3,0.94,17.29,0.95,52.59,0.06,17.29,0.05,52.59,0.15,5.0,0.16,19.3,0.09,0.09,614.992362,1776193730000
1776193731.921,231.921,0.85,5.0,0.84,19.3,0.94,17.29,0.95,52.59,0.06,17.29,0.05,52.59,0.15,5.0,0.16,19.3,0.09,0.09,614.968267,1776193731000
1776193733.088,233.088,0.85,5.0,0.84,19.3,0.94,17.29,0.95,52.59,0.06,17.29,0.05,52.59,0.15,5.0,0.16,19.3,0.09,0.09,614.968267,1776193732000
1776193734.059,234.059,0.85,5.0,0.84,19.3,0.94,17.29,0.95,52.59,0.06,17.29,0.05,52.59,0.15,5.0,0.16,19.3,0.09,0.09,614.966567,1776193733000
1776193735.218,235.218,0.85,5.0,0.84,19.3,0.94,17.29,0.95,52.59,0.06,17.29,0.05,52.59,0.15,5.0,0.16,19.3,0.09,0.09,614.963647,1776193734000
1776193736.966,236.966,0.85,5.0,0.84,19.3,0.94,17.29,0.95,52.59,0.06,17.29,0.05,52.59,0.15,5.0,0.16,19.3,0.09,0.09,614.962147,1776193736000
1776193738.187,238.187,0.85,5.0,0.84,19.3,0.94,17.29,0.95,52.59,0.06,17.29,0.05,52.59,0.15,5.0,0.16,19.3,0.09,0.09,614.962119,1776193737000
1776193739.203,239.203,0.85,5.0,0.84,19.3,0.94,17.29,0.95,52.59,0.06,17.29,0.05,52.59,0.15,5.0,0.16,19.3,0.09,0.09,614.963146,1776193738000
1776193740.684,240.684,0.85,5.0,0.84,19.3,0.94,17.29,0.95,52.59,0.06,17.29,0.05,52.59,0.15,5.0,0.16,19.3,0.09,0.09,614.964923,1776193739000
1776193741.387,241.387,0.85,5.0,0.84,19.3,0.94,17.29,0.95,52.59,0.06,17.29,0.05,52.59,0.15,5.0,0.16,19.3,0.09,0.09,614.964809,1776193740000
1776193742.07,242.07,0.85,5.0,0.84,19.3,0.94,17.29,0.95,52.59,0.06,17.29,0.05,52.59,0.15,5.0,0.16,19.3,0.09,0.09,614.964865,1776193741000
1776193742.371,242.371,0.9,28.9,0.89,26.6,0.97,83.3,0.98,137.69,0.06,17.29,0.05,52.59,0.15,5.0,0.16,19.3,0.07,0.09,614.964865,1776193741000
1776193743.543,243.543,0.9,28.9,0.89,26.6,0.97,83.3,0.98,137.69,0.03,83.3,0.02,137.69,0.1,28.9,0.11,26.6,0.07,0.07,614.964813,1776193742000
1776193744.369,244.369,0.9,28.9,0.89,26.6,0.97,83.3,0.98,137.69,0.03,83.3,0.02,137.69,0.1,28.9,0.11,26.6,0.07,0.07,614.967346,1776193743000
1776193745.003,245.003,0.9,28.9,0.89,26.6,0.97,83.3,0.98,137.69,0.03,83.3,0.02,137.69,0.1,28.9,0.11,26.6,0.07,0.07,614.967374,1776193744000
1776193746.422,246.422,0.9,28.9,0.89,26.6,0.97,83.3,0.98,137.69,0.03,83.3,0.02,137.69,0.1,28.9,0.11,26.6,0.07,0.07,614.967426,1776193745000
1776193747.324,247.324,0.9,28.9,0.89,26.6,0.97,83.3,0.98,137.69,0.03,83.3,0.02,137.69,0.1,28.9,0.11,26.6,0.07,0.07,614.967571,1776193746000
1776193748.688,248.688,0.9,28.9,0.89,26.6,0.97,83.3,0.98,137.69,0.03,83.3,0.02,137.69,0.1,28.9,0.11,26.6,0.07,0.07,614.971307,1776193747000
1776193749.408,249.408,0.9,28.9,0.89,26.6,0.97,83.3,0.98,137.69,0.03,83.3,0.02,137.69,0.1,28.9,0.11,26.6,0.07,0.07,614.971307,1776193748000
1776193750.031,250.031,0.93,39.9,0.92,35.29,0.98,117.28,0.99,466.6,0.03,83.3,0.02,137.69,0.1,28.9,0.11,26.6,0.05,0.07,614.971307,1776193748000
1776193751.67,251.67,0.93,39.9,0.92,35.29,0.98,117.28,0.99,466.6,0.02,117.28,0.01,466.6,0.07,39.9,0.08,35.29,0.05,0.05,614.97145,1776193750000
1776193752.783,252.783,0.93,39.9,0.92,35.29,0.98,117.28,0.99,466.6,0.02,117.28,0.01,466.6,0.07,39.9,0.08,35.29,0.05,0.05,614.971628,1776193751000
1776193753.273,253.273,0.93,39.9,0.92,35.29,0.98,117.28,0.99,466.6,0.02,117.28,0.01,466.6,0.07,39.9,0.08,35.29,0.05,0.05,614.971628,1776193752000
1776193754.404,254.404,0.93,39.9,0.92,35.29,0.98,117.28,0.99,466.6,0.02,117.28,0.01,466.6,0.07,39.9,0.08,35.29,0.05,0.05,614.971544,1776193753000
1776193754.941,254.941,0.93,39.9,0.92,35.29,0.98,117.28,0.99,466.6,0.02,117.28,0.01,466.6,0.07,39.9,0.08,35.29,0.05,0.05,614.971544,1776193754000
1776193756.032,256.032,0.93,39.9,0.92,35.29,0.98,117.28,0.99,466.6,0.02,117.28,0.01,466.6,0.07,39.9,0.08,35.29,0.05,0.05,614.96538,1776193755000
1776193757.085,257.085,0.93,39.9,0.92,35.29,0.98,117.28,0.99,466.6,0.02,117.28,0.01,466.6,0.07,39.9,0.08,35.29,0.05,0.05,614.963787,1776193756000
1776193760.937,260.937,0.93,39.9,0.92,35.29,0.98,117.28,0.99,466.6,0.02,117.28,0.01,466.6,0.07,39.9,0.08,35.29,0.05,0.05,614.963787,1776193757000
1776193761.606,261.606,0.93,39.9,0.92,35.29,0.98,117.28,0.99,466.6,0.02,117.28,0.01,466.6,0.07,39.9,0.08,35.29,0.05,0.05,614.963382,1776193759000
1776193762.324,262.324,0.93,39.9,0.92,35.29,0.98,117.28,0.99,466.6,0.02,117.28,0.01,466.6,0.07,39.9,0.08,35.29,0.05,0.05,614.961403,1776193761000
1776193763.344,263.344,0.93,39.9,0.92,35.29,0.98,117.28,0.99,466.6,0.02,117.28,0.01,466.6,0.07,39.9,0.08,35.29,0.05,0.05,614.961407,1776193762000
1776193763.985,263.985,0.93,39.9,0.92,35.29,0.98,117.28,0.99,466.6,0.02,117.28,0.01,466.6,0.07,39.9,0.08,35.29,0.05,0.05,614.961407,1776193763000
1776193764.905,264.905,0.94,46.1,0.93,39.9,0.99,457.6,,,0.01,457.6,,,0.06,46.1,0.07,39.9,0.05,0.05,614.961406,1776193764000
1776193766.278,266.278,0.94,46.1,0.93,39.9,0.99,457.6,,,0.01,457.6,,,0.06,46.1,0.07,39.9,0.05,0.05,614.965592,1776193765000
1776193767.289,267.289,0.94,46.1,0.93,39.9,0.99,457.6,,,0.01,457.6,,,0.06,46.1,0.07,39.9,0.05,0.05,614.965704,1776193766000
1776193767.609,267.609,0.95,54.7,0.94,46.1,0.99,452.6,,,0.01,457.6,,,0.06,46.1,0.07,39.9,0.04,0.05,614.965704,1776193766000
1776193768.339,268.339,0.95,54.7,0.94,46.1,0.99,452.6,,,0.01,452.6,,,0.05,54.7,0.06,46.1,0.04,0.04,614.965704,1776193767000
1776193769.438,269.438,0.95,54.7,0.94,46.1,0.99,452.6,,,0.01,452.6,,,0.05,54.7,0.06,46.1,0.04,0.04,614.965704,1776193768000
1776193769.985,269.985,0.95,54.7,0.94,46.1,0.99,452.6,,,0.01,452.6,,,0.05,54.7,0.06,46.1,0.04,0.04,614.963685,1776193769000
1776193771.089,271.089,0.95,54.7,0.94,46.1,0.99,452.6,,,0.01,452.6,,,0.05,54.7,0.06,46.1,0.04,0.04,614.963911,1776193770000
1776193772.121,272.121,0.95,54.7,0.94,46.1,0.99,452.6,,,0.01,452.6,,,0.05,54.7,0.06,46.1,0.04,0.04,614.964033,1776193771000
1776193773.173,273.173,0.95,54.7,0.94,46.1,0.99,452.6,,,0.01,452.6,,,0.05,54.7,0.06,46.1,0.04,0.04,614.964146,1776193772000
1776193774.238,274.238,0.95,54.7,0.94,46.1,0.99,452.6,,,0.01,452.6,,,0.05,54.7,0.06,46.1,0.04,0.04,614.965295,1776193773000
1776193775.299,275.299,0.95,54.7,0.94,46.1,0.99,452.6,,,0.01,452.6,,,0.05,54.7,0.06,46.1,0.04,0.04,614.965295,1776193774000
1776193776.38,276.38,0.95,54.7,0.94,46.1,0.99,452.6,,,0.01,452.6,,,0.05,54.7,0.06,46.1,0.04,0.04,614.925035,1776193775000
1776193777.434,277.434,0.95,54.7,0.94,46.1,0.99,452.6,,,0.01,452.6,,,0.05,54.7,0.06,46.1,0.04,0.04,614.925035,1776193776000
1776193777.945,277.945,0.95,54.7,0.94,46.1,0.99,452.6,,,0.01,452.6,,,0.05,54.7,0.06,46.1,0.04,0.04,614.920769,1776193777000
1776193779.052,279.052,0.95,54.7,0.94,46.1,0.99,452.6,,,0.01,452.6,,,0.05,54.7,0.06,46.1,0.04,0.04,614.920892,1776193778000
1776193780.413,280.413,0.95,54.7,0.94,46.1,0.99,452.6,,,0.01,452.6,,,0.05,54.7,0.06,46.1,0.04,0.04,614.936,1776193779000
1776193780.979,280.979,0.95,54.7,0.94,46.1,0.99,452.6,,,0.01,452.6,,,0.05,54.7,0.06,46.1,0.04,0.04,614.936,1776193780000
1776193782.2,282.2,0.95,54.7,0.94,46.1,0.99,452.6,,,0.01,452.6,,,0.05,54.7,0.06,46.1,0.04,0.04,614.941,1776193781000
1776193783.629,283.629,0.95,54.7,0.94,46.1,0.99,452.6,,,0.01,452.6,,,0.05,54.7,0.06,46.1,0.04,0.04,614.937,1776193782000
1776193784.158,284.158,0.95,54.7,0.94,46.1,0.99,452.6,,,0.01,452.6,,,0.05,54.7,0.06,46.1,0.04,0.04,614.937,1776193783000
1776193785.242,285.242,0.95,54.7,0.94,46.1,0.99,452.6,,,0.01,452.6,,,0.05,54.7,0.06,46.1,0.04,0.04,614.94,1776193784000
1776193786.359,286.359,0.95,54.7,0.94,46.1,0.99,452.6,,,0.01,452.6,,,0.05,54.7,0.06,46.1,0.04,0.04,614.94,1776193785000
1776193786.965,286.965,0.95,54.7,0.94,46.1,0.99,452.6,,,0.01,452.6,,,0.05,54.7,0.06,46.1,0.04,0.04,614.93,1776193786000
1776193788.269,288.269,0.95,54.7,0.94,46.1,0.99,452.6,,,0.01,452.6,,,0.05,54.7,0.06,46.1,0.04,0.04,614.931,1776193787000
1776193789.366,289.366,0.95,54.7,0.94,46.1,0.99,452.6,,,0.01,452.6,,,0.05,54.7,0.06,46.1,0.04,0.04,614.931,1776193788000
1776193790.17,290.17,0.95,54.7,0.94,46.1,0.99,452.6,,,0.01,452.6,,,0.05,54.7,0.06,46.1,0.04,0.04,614.929,1776193789000
1776193791.086,291.086,0.95,54.7,0.94,46.1,0.99,452.6,,,0.01,452.6,,,0.05,54.7,0.06,46.1,0.04,0.04,614.918013,1776193790000
1776193791.629,291.629,0.85,5.0,0.81,50.0,0.99,109.63,,,0.01,452.6,,,0.05,54.7,0.06,46.1,0.14,0.04,614.918013,1776193790000
1776193792.322,292.322,0.85,5.0,0.81,50.0,0.99,109.63,,,0.01,109.63,,,0.15,5.0,0.19,50.0,0.14,0.14,614.917196,1776193791000
1776193792.917,292.917,0.85,5.0,0.81,50.0,0.99,104.58,,,0.01,109.63,,,0.15,5.0,0.19,50.0,0.14,0.14,614.917196,1776193791000
1776193793.583,293.583,0.85,5.0,0.81,50.0,0.99,104.58,,,0.01,104.58,,,0.15,5.0,0.19,50.0,0.14,0.14,614.923595,1776193792000
1776193793.951,293.951,0.99,895.42,0.85,5.0,,,,,0.01,104.58,,,0.15,5.0,0.19,50.0,,0.14,614.923595,1776193792000
1776193795.809,295.809,0.99,895.42,0.85,5.0,,,,,,,,,0.01,895.42,0.15,5.0,,,614.939,1776193794000
1776193796.511,296.511,0.99,895.42,0.85,5.0,,,,,,,,,0.01,895.42,0.15,5.0,,,614.929,1776193795000
1776193797.1,297.1,0.99,895.42,0.85,5.0,,,,,,,,,0.01,895.42,0.15,5.0,,,614.931,1776193796000
1776193798.176,298.176,0.99,895.42,0.85,5.0,,,,,,,,,0.01,895.42,0.15,5.0,,,614.949686,1776193797000
1776193799.332,299.332,0.99,895.42,0.85,5.0,,,,,,,,,0.01,895.42,0.15,5.0,,,614.982925,1776193798000
1776193799.845,299.845,0.99,895.42,0.85,5.0,,,,,,,,,0.01,895.42,0.15,5.0,,,615.002228,1776193799000
1776193801.124,301.124,0.99,895.42,0.85,5.0,,,,,,,,,0.01,895.42,0.15,5.0,,,615.024977,1776193800000
1776193802.345,302.345,0.99,895.42,0.85,5.0,,,,,,,,,0.01,895.42,0.15,5.0,,,615.025062,1776193801000

# RESULT,winner=Up,slug=bnb-updown-5m-1776193500,ticks=317
