timestamp,elapsed_sec,up_bid_p1,up_bid_s1,up_bid_p2,up_bid_s2,up_ask_p1,up_ask_s1,up_ask_p2,up_ask_s2,down_bid_p1,down_bid_s1,down_bid_p2,down_bid_s2,down_ask_p1,down_ask_s1,down_ask_p2,down_ask_s2,up_spread,down_spread,bnb_price,bnb_oracle_ts
1776213901.48,1.48,0.33,300.0,0.31,375.0,0.5,5.0,0.67,300.0,0.5,5.0,0.33,300.0,0.67,300.0,0.69,375.0,0.17,0.17,616.350513,1776213900000
1776213901.771,1.771,0.33,300.0,0.31,375.0,0.5,5.0,0.67,300.0,0.5,5.0,0.33,300.0,0.67,300.0,0.69,375.0,0.17,0.17,616.350513,1776213900000
1776213902.894,2.894,0.33,300.0,0.31,375.0,0.5,5.0,0.67,300.0,0.5,5.0,0.33,300.0,0.67,300.0,0.69,375.0,0.17,0.17,616.36822,1776213902000
1776213903.889,3.889,0.33,300.0,0.31,375.0,0.5,5.0,0.67,300.0,0.5,5.0,0.33,300.0,0.67,300.0,0.69,375.0,0.17,0.17,616.36822,1776213903000
1776213904.859,4.859,0.33,300.0,0.31,375.0,0.5,5.0,0.67,300.0,0.5,5.0,0.33,300.0,0.67,300.0,0.69,375.0,0.17,0.17,616.397665,1776213904000
1776213905.555,5.555,0.42,10.0,0.41,50.0,0.5,5.0,0.71,50.0,0.5,5.0,0.33,300.0,0.67,300.0,0.69,375.0,0.08,0.17,616.397665,1776213904000
1776213905.854,5.854,0.42,10.0,0.41,50.0,0.5,5.0,0.71,50.0,0.5,5.0,0.29,50.0,0.58,10.0,0.59,50.0,0.08,0.08,616.444023,1776213905000
1776213906.844,6.844,0.42,10.0,0.41,50.0,0.5,5.0,0.71,50.0,0.5,5.0,0.29,50.0,0.58,10.0,0.59,50.0,0.08,0.08,616.46064,1776213906000
1776213907.107,7.107,0.42,41.0,0.41,50.0,0.71,50.0,0.75,600.0,0.5,5.0,0.29,50.0,0.58,10.0,0.59,50.0,0.29,0.08,616.46064,1776213906000
1776213907.793,7.793,0.42,41.0,0.41,50.0,0.71,50.0,0.75,600.0,0.29,50.0,0.25,600.0,0.58,41.0,0.59,50.0,0.29,0.29,616.462659,1776213907000
1776213908.268,8.268,0.42,37.5,0.41,50.0,0.48,5.0,0.71,50.0,0.29,50.0,0.25,600.0,0.58,41.0,0.59,50.0,0.06,0.29,616.462659,1776213907000
1776213909.307,9.307,0.42,37.5,0.41,50.0,0.71,50.0,0.75,600.0,0.29,50.0,0.25,600.0,0.58,37.5,0.59,50.0,0.29,0.29,616.462653,1776213908000
1776213910.914,10.914,0.42,37.5,0.41,50.0,0.71,50.0,0.75,600.0,0.29,50.0,0.25,600.0,0.58,37.5,0.59,50.0,0.29,0.29,616.462681,1776213909000
1776213911.406,11.406,0.42,37.5,0.41,50.0,0.71,50.0,0.75,600.0,0.29,50.0,0.25,600.0,0.58,37.5,0.59,50.0,0.29,0.29,616.461903,1776213910000
1776213911.965,11.965,0.42,37.5,0.41,50.0,0.71,50.0,0.75,600.0,0.29,50.0,0.25,600.0,0.58,37.5,0.59,50.0,0.29,0.29,616.462821,1776213911000
1776213912.944,12.944,0.42,37.5,0.41,50.0,0.71,50.0,0.75,600.0,0.29,50.0,0.25,600.0,0.58,37.5,0.59,50.0,0.29,0.29,616.462821,1776213912000
1776213913.879,13.879,0.42,37.5,0.41,50.0,0.71,50.0,0.75,600.0,0.29,50.0,0.25,600.0,0.58,37.5,0.59,50.0,0.29,0.29,616.462792,1776213913000
1776213914.936,14.936,0.42,37.5,0.41,50.0,0.71,50.0,0.75,600.0,0.29,50.0,0.25,600.0,0.58,37.5,0.59,50.0,0.29,0.29,616.460794,1776213914000
1776213915.942,15.942,0.42,37.5,0.41,50.0,0.71,50.0,0.75,600.0,0.29,50.0,0.25,600.0,0.58,37.5,0.59,50.0,0.29,0.29,616.45903,1776213915000
1776213917.039,17.039,0.42,37.5,0.41,50.0,0.71,50.0,0.75,600.0,0.29,50.0,0.25,600.0,0.58,37.5,0.59,50.0,0.29,0.29,616.460705,1776213916000
1776213918.096,18.096,0.42,37.5,0.41,50.0,0.71,50.0,0.75,600.0,0.29,50.0,0.25,600.0,0.58,37.5,0.59,50.0,0.29,0.29,616.48289,1776213917000
1776213919.101,19.101,0.42,37.5,0.41,50.0,0.71,50.0,0.75,600.0,0.29,50.0,0.25,600.0,0.58,37.5,0.59,50.0,0.29,0.29,616.569,1776213918000
1776213920.004,20.004,0.42,37.5,0.41,50.0,0.71,50.0,0.75,600.0,0.29,50.0,0.25,600.0,0.58,37.5,0.59,50.0,0.29,0.29,616.584,1776213919000
1776213920.236,20.236,0.67,5.0,0.61,50.0,0.89,100.0,0.95,6025.0,0.29,50.0,0.25,600.0,0.58,37.5,0.59,50.0,0.22,0.29,616.584,1776213919000
1776213920.465,20.465,0.71,50.0,0.68,5.0,0.89,79.98,0.95,6031.0,0.11,84.98,0.05,6031.0,0.19,50.0,0.29,50.0,0.18,0.08,616.584,1776213919000
1776213921.049,21.049,0.71,50.0,0.68,5.0,0.89,79.98,0.95,6031.0,0.11,79.98,0.05,6031.0,0.29,50.0,0.32,5.0,0.18,0.18,616.58579,1776213920000
1776213922.124,22.124,0.71,50.0,0.68,5.0,0.89,79.98,0.95,6031.0,0.11,79.98,0.05,6031.0,0.29,50.0,0.32,5.0,0.18,0.18,617.007866,1776213921000
1776213923.159,23.159,0.83,10.0,0.78,10.0,0.89,79.98,0.91,50.0,0.11,79.98,0.09,50.0,0.17,10.0,0.22,10.0,0.06,0.06,617.057304,1776213922000
1776213923.559,23.559,0.84,5.0,0.83,5.0,0.91,50.0,0.92,10.0,0.11,79.98,0.09,50.0,0.17,10.0,0.22,10.0,0.07,0.06,617.057304,1776213922000
1776213923.972,23.972,0.84,5.0,0.83,5.0,0.91,50.0,0.92,10.0,0.09,50.0,0.08,10.0,0.16,5.0,0.17,5.0,0.07,0.07,617.017867,1776213923000
1776213924.921,24.921,0.84,5.0,0.83,5.0,0.91,50.0,0.92,10.0,0.09,50.0,0.08,10.0,0.16,5.0,0.17,5.0,0.07,0.07,617.052,1776213924000
1776213925.316,25.316,0.83,5.0,0.81,10.0,0.9,10.0,0.91,50.0,0.09,50.0,0.08,10.0,0.16,5.0,0.17,5.0,0.07,0.07,617.052,1776213924000
1776213925.954,25.954,0.83,5.0,0.81,10.0,0.9,10.0,0.91,50.0,0.1,10.0,0.09,50.0,0.17,5.0,0.19,10.0,0.07,0.07,617.059291,1776213925000
1776213926.858,26.858,0.83,5.0,0.81,10.0,0.9,10.0,0.91,50.0,0.1,10.0,0.09,50.0,0.17,5.0,0.19,10.0,0.07,0.07,617.065571,1776213926000
1776213927.075,27.075,0.81,10.0,0.73,5.0,0.9,10.0,0.91,50.0,0.1,10.0,0.09,50.0,0.17,5.0,0.19,10.0,0.09,0.07,617.065571,1776213926000
1776213927.851,27.851,0.81,10.0,0.73,5.0,0.9,10.0,0.91,50.0,0.1,10.0,0.09,50.0,0.19,10.0,0.27,5.0,0.09,0.09,617.131,1776213927000
1776213928.84,28.84,0.81,10.0,0.73,5.0,0.9,10.0,0.91,50.0,0.1,10.0,0.09,50.0,0.19,10.0,0.27,5.0,0.09,0.09,617.12885,1776213928000
1776213930.304,30.304,0.81,10.0,0.73,5.0,0.9,10.0,0.91,50.0,0.1,10.0,0.09,50.0,0.19,10.0,0.27,5.0,0.09,0.09,617.092104,1776213929000
1776213930.512,30.512,0.74,5.0,0.73,5.0,0.92,10.0,0.93,10.0,0.1,10.0,0.09,50.0,0.19,10.0,0.27,5.0,0.18,0.09,617.092104,1776213929000
1776213931.294,31.294,0.74,5.0,0.73,5.0,0.92,10.0,0.93,10.0,0.08,10.0,0.07,10.0,0.26,5.0,0.27,5.0,0.18,0.18,617.099998,1776213930000
1776213932.229,32.229,0.74,5.0,0.73,5.0,0.92,10.0,0.93,10.0,0.08,10.0,0.07,10.0,0.26,5.0,0.27,5.0,0.18,0.18,617.121088,1776213931000
1776213933.229,33.229,0.74,5.0,0.73,5.0,0.92,10.0,0.93,10.0,0.08,10.0,0.07,10.0,0.26,5.0,0.27,5.0,0.18,0.18,617.12132,1776213932000
1776213934.147,34.147,0.74,5.0,0.73,5.0,0.92,10.0,0.93,10.0,0.08,10.0,0.07,10.0,0.26,5.0,0.27,5.0,0.18,0.18,617.11858,1776213933000
1776213935.184,35.184,0.74,5.0,0.73,5.0,0.92,10.0,0.93,10.0,0.08,10.0,0.07,10.0,0.26,5.0,0.27,5.0,0.18,0.18,617.12487,1776213934000
1776213936.813,36.813,0.74,5.0,0.73,5.0,0.92,10.0,0.93,10.0,0.08,10.0,0.07,10.0,0.26,5.0,0.27,5.0,0.18,0.18,617.12224,1776213935000
1776213937.447,37.447,0.74,5.0,0.73,5.0,0.92,10.0,0.93,10.0,0.08,10.0,0.07,10.0,0.26,5.0,0.27,5.0,0.18,0.18,617.12061,1776213936000
1776213938.058,38.058,0.74,5.0,0.73,5.0,0.92,10.0,0.93,10.0,0.08,10.0,0.07,10.0,0.26,5.0,0.27,5.0,0.18,0.18,617.11737,1776213937000
1776213939.234,39.234,0.74,5.0,0.73,5.0,0.92,10.0,0.93,10.0,0.08,10.0,0.07,10.0,0.26,5.0,0.27,5.0,0.18,0.18,617.14312,1776213938000
1776213940.471,40.471,0.74,5.0,0.73,5.0,0.92,10.0,0.93,10.0,0.08,10.0,0.07,10.0,0.26,5.0,0.27,5.0,0.18,0.18,617.14153,1776213939000
1776213941.079,41.079,0.74,5.0,0.73,5.0,0.92,10.0,0.93,10.0,0.08,10.0,0.07,10.0,0.26,5.0,0.27,5.0,0.18,0.18,617.13172,1776213940000
1776213942.261,42.261,0.74,5.0,0.73,5.0,0.92,10.0,0.93,10.0,0.08,10.0,0.07,10.0,0.26,5.0,0.27,5.0,0.18,0.18,617.13139,1776213941000
1776213943.648,43.648,0.74,5.0,0.73,5.0,0.92,10.0,0.93,10.0,0.08,10.0,0.07,10.0,0.26,5.0,0.27,5.0,0.18,0.18,617.13048,1776213942000
1776213944.287,44.287,0.74,5.0,0.73,5.0,0.92,10.0,0.93,10.0,0.08,10.0,0.07,10.0,0.26,5.0,0.27,5.0,0.18,0.18,617.14142,1776213943000
1776213945.569,45.569,0.74,5.0,0.73,5.0,0.92,10.0,0.93,10.0,0.08,10.0,0.07,10.0,0.26,5.0,0.27,5.0,0.18,0.18,617.1389,1776213944000
1776213945.836,45.836,0.79,16.0,0.78,20.0,0.9,4.5,0.91,31.7,0.08,10.0,0.07,10.0,0.26,5.0,0.27,5.0,0.11,0.18,617.1389,1776213944000
1776213946.237,46.237,0.79,16.0,0.78,20.0,0.9,4.5,0.91,31.7,0.1,4.5,0.09,31.7,0.21,16.0,0.22,20.0,0.11,0.11,617.13163,1776213945000
1776213947.606,47.606,0.79,16.0,0.78,20.0,0.9,4.5,0.91,31.7,0.1,4.5,0.09,31.7,0.21,16.0,0.22,20.0,0.11,0.11,617.13369,1776213946000
1776213948.304,48.304,0.79,16.0,0.78,20.0,0.9,4.5,0.91,31.7,0.1,4.5,0.09,31.7,0.21,16.0,0.22,20.0,0.11,0.11,617.1337,1776213947000
1776213948.504,48.504,0.8,30.0,0.78,10.0,0.92,34.58,0.93,39.9,0.1,4.5,0.09,31.7,0.21,16.0,0.22,20.0,0.12,0.11,617.1337,1776213947000
1776213949.36,49.36,0.8,30.0,0.78,10.0,0.92,34.58,0.93,39.9,0.08,34.58,0.07,39.9,0.2,30.0,0.22,10.0,0.12,0.12,617.1612,1776213948000
1776213949.965,49.965,0.8,30.0,0.78,10.0,0.92,34.58,0.93,39.9,0.08,34.58,0.07,39.9,0.2,30.0,0.22,10.0,0.12,0.12,617.16086,1776213949000
1776213951.293,51.293,0.8,30.0,0.78,10.0,0.92,34.58,0.93,39.9,0.08,34.58,0.07,39.9,0.2,30.0,0.22,10.0,0.12,0.12,617.17657,1776213950000
1776213952.68,52.68,0.8,30.0,0.78,10.0,0.92,34.58,0.93,39.9,0.08,34.58,0.07,39.9,0.2,30.0,0.22,10.0,0.12,0.12,617.18855,1776213951000
1776213953.306,53.306,0.8,30.0,0.78,10.0,0.92,34.58,0.93,39.9,0.08,34.58,0.07,39.9,0.2,30.0,0.22,10.0,0.12,0.12,617.18344,1776213952000
1776213954.321,54.321,0.8,30.0,0.78,10.0,0.92,34.58,0.93,39.9,0.08,34.58,0.07,39.9,0.2,30.0,0.22,10.0,0.12,0.12,617.15685,1776213953000
1776213955.31,55.31,0.8,30.0,0.78,10.0,0.92,34.58,0.93,39.9,0.08,34.58,0.07,39.9,0.2,30.0,0.22,10.0,0.12,0.12,617.1673,1776213954000
1776213956.188,56.188,0.8,30.0,0.78,10.0,0.92,34.58,0.93,39.9,0.08,34.58,0.07,39.9,0.2,30.0,0.22,10.0,0.12,0.12,617.16446,1776213955000
1776213957.09,57.09,0.81,17.0,0.8,20.0,0.93,29.9,0.94,46.1,0.08,34.58,0.07,39.9,0.2,30.0,0.22,10.0,0.12,0.12,617.16446,1776213955000
1776213958.176,58.176,0.81,17.0,0.8,20.0,0.93,29.9,0.94,46.1,0.07,29.9,0.06,46.1,0.19,17.0,0.2,20.0,0.12,0.12,617.184,1776213957000
1776213959.211,59.211,0.81,17.0,0.8,20.0,0.93,29.9,0.94,46.1,0.07,29.9,0.06,46.1,0.19,17.0,0.2,20.0,0.12,0.12,617.179,1776213958000
1776213960.241,60.241,0.81,17.0,0.8,20.0,0.93,29.9,0.94,46.1,0.07,29.9,0.06,46.1,0.19,17.0,0.2,20.0,0.12,0.12,617.179,1776213959000
1776213961.162,61.162,0.81,17.0,0.8,20.0,0.93,29.9,0.94,46.1,0.07,29.9,0.06,46.1,0.19,17.0,0.2,20.0,0.12,0.12,617.166,1776213960000
1776213962.242,62.242,0.81,17.0,0.8,20.0,0.93,29.9,0.94,46.1,0.07,29.9,0.06,46.1,0.19,17.0,0.2,20.0,0.12,0.12,617.163312,1776213961000
1776213963.281,63.281,0.81,17.0,0.8,20.0,0.93,29.9,0.94,46.1,0.07,29.9,0.06,46.1,0.19,17.0,0.2,20.0,0.12,0.12,617.165,1776213962000
1776213964.381,64.381,0.81,17.0,0.8,20.0,0.93,29.9,0.94,46.1,0.07,29.9,0.06,46.1,0.19,17.0,0.2,20.0,0.12,0.12,617.174,1776213963000
1776213964.885,64.885,0.81,17.0,0.8,20.0,0.93,29.9,0.94,46.1,0.07,29.9,0.06,46.1,0.19,17.0,0.2,20.0,0.12,0.12,617.174,1776213964000
1776213966.301,66.301,0.81,17.0,0.8,20.0,0.93,29.9,0.94,46.1,0.07,29.9,0.06,46.1,0.19,17.0,0.2,20.0,0.12,0.12,617.155,1776213965000
1776213967.339,67.339,0.81,17.0,0.8,20.0,0.93,29.9,0.94,46.1,0.07,29.9,0.06,46.1,0.19,17.0,0.2,20.0,0.12,0.12,617.163,1776213966000
1776213967.885,67.885,0.81,17.0,0.8,20.0,0.93,29.9,0.94,46.1,0.07,29.9,0.06,46.1,0.19,17.0,0.2,20.0,0.12,0.12,617.163,1776213967000
1776213968.924,68.924,0.81,17.0,0.8,20.0,0.93,29.9,0.94,46.1,0.07,29.9,0.06,46.1,0.19,17.0,0.2,20.0,0.12,0.12,617.157,1776213968000
1776213969.293,69.293,0.82,5.0,0.81,17.0,0.86,5.0,0.89,15.0,0.07,29.9,0.06,46.1,0.19,17.0,0.2,20.0,0.04,0.12,617.157,1776213968000
1776213969.965,69.965,0.82,5.0,0.81,17.0,0.86,5.0,0.89,15.0,0.14,5.0,0.11,15.0,0.18,5.0,0.19,17.0,0.04,0.04,617.067925,1776213969000
1776213970.996,70.996,0.82,5.0,0.81,17.0,0.86,5.0,0.89,15.0,0.14,5.0,0.11,15.0,0.18,5.0,0.19,17.0,0.04,0.04,617.00437,1776213970000
1776213972.064,72.064,0.82,5.0,0.81,17.0,0.86,5.0,0.89,15.0,0.14,5.0,0.11,15.0,0.18,5.0,0.19,17.0,0.04,0.04,617.007,1776213971000
1776213973.096,73.096,0.82,5.0,0.81,17.0,0.86,5.0,0.89,15.0,0.14,5.0,0.11,15.0,0.18,5.0,0.19,17.0,0.04,0.04,616.98817,1776213972000
1776213974.277,74.277,0.82,5.0,0.81,17.0,0.86,5.0,0.89,15.0,0.14,5.0,0.11,15.0,0.18,5.0,0.19,17.0,0.04,0.04,616.973,1776213973000
1776213975.276,75.276,0.82,5.0,0.81,17.0,0.86,5.0,0.89,15.0,0.14,5.0,0.11,15.0,0.18,5.0,0.19,17.0,0.04,0.04,616.969,1776213974000
1776213976.309,76.309,0.82,5.0,0.81,17.0,0.86,5.0,0.89,15.0,0.14,5.0,0.11,15.0,0.18,5.0,0.19,17.0,0.04,0.04,616.977,1776213975000
1776213977.435,77.435,0.82,5.0,0.81,17.0,0.86,5.0,0.89,15.0,0.14,5.0,0.11,15.0,0.18,5.0,0.19,17.0,0.04,0.04,616.987,1776213976000
1776213977.969,77.969,0.82,5.0,0.81,17.0,0.86,5.0,0.89,15.0,0.14,5.0,0.11,15.0,0.18,5.0,0.19,17.0,0.04,0.04,616.987,1776213977000
1776213978.762,78.762,0.81,17.0,0.74,13.5,0.86,10.0,0.88,24.6,0.14,5.0,0.11,15.0,0.18,5.0,0.19,17.0,0.05,0.04,616.987,1776213977000
1776213979.464,79.464,0.81,17.0,0.74,13.5,0.86,10.0,0.88,24.6,0.14,10.0,0.12,24.6,0.19,17.0,0.26,13.5,0.05,0.05,616.975081,1776213978000
1776213979.96,79.96,0.81,17.0,0.74,13.5,0.86,10.0,0.88,24.6,0.14,10.0,0.12,24.6,0.19,17.0,0.26,13.5,0.05,0.05,616.927108,1776213979000
1776213981.016,81.016,0.81,17.0,0.74,13.5,0.85,25.39,0.86,41.6,0.15,25.39,0.14,41.6,0.19,17.0,0.26,13.5,0.04,0.04,616.90101,1776213980000
1776213982.007,82.007,0.81,17.0,0.74,13.5,0.85,25.39,0.86,41.6,0.15,25.39,0.14,41.6,0.19,17.0,0.26,13.5,0.04,0.04,616.87691,1776213981000
1776213983.109,83.109,0.81,17.0,0.74,13.5,0.85,25.39,0.86,41.6,0.15,25.39,0.14,41.6,0.19,17.0,0.26,13.5,0.04,0.04,616.874,1776213982000
1776213984.212,84.212,0.81,17.0,0.74,13.5,0.85,25.39,0.86,41.6,0.15,25.39,0.14,41.6,0.19,17.0,0.26,13.5,0.04,0.04,616.81964,1776213983000
1776213985.102,85.102,0.74,10.0,0.73,13.2,0.82,5.0,0.83,10.0,0.18,5.0,0.17,10.0,0.26,10.0,0.27,13.2,0.08,0.08,616.791514,1776213984000
1776213986.084,86.084,0.74,10.0,0.73,13.2,0.82,5.0,0.83,10.0,0.18,5.0,0.17,10.0,0.26,10.0,0.27,13.2,0.08,0.08,616.791515,1776213985000
1776213987.105,87.105,0.74,10.0,0.73,13.2,0.82,5.0,0.83,10.0,0.18,5.0,0.17,10.0,0.26,10.0,0.27,13.2,0.08,0.08,616.78859,1776213986000
1776213987.941,87.941,0.74,10.0,0.73,13.2,0.82,5.0,0.83,10.0,0.18,5.0,0.17,10.0,0.26,10.0,0.27,13.2,0.08,0.08,616.787,1776213987000
1776213988.901,88.901,0.74,10.0,0.73,13.2,0.82,5.0,0.83,10.0,0.18,5.0,0.17,10.0,0.26,10.0,0.27,13.2,0.08,0.08,616.78487,1776213988000
1776213989.947,89.947,0.74,10.0,0.73,13.2,0.82,5.0,0.83,10.0,0.18,5.0,0.17,10.0,0.26,10.0,0.27,13.2,0.08,0.08,616.7612,1776213989000
1776213990.922,90.922,0.74,10.0,0.73,13.2,0.82,5.0,0.83,10.0,0.18,5.0,0.17,10.0,0.26,10.0,0.27,13.2,0.08,0.08,616.74118,1776213990000
1776213992.728,92.728,0.74,10.0,0.73,13.2,0.82,5.0,0.83,10.0,0.18,5.0,0.17,10.0,0.26,10.0,0.27,13.2,0.08,0.08,616.773776,1776213991000
1776213993.327,93.327,0.74,10.0,0.73,13.2,0.82,5.0,0.83,10.0,0.18,5.0,0.17,10.0,0.26,10.0,0.27,13.2,0.08,0.08,616.769384,1776213992000
1776213994.111,94.111,0.74,10.0,0.73,13.2,0.82,5.0,0.83,10.0,0.18,5.0,0.17,10.0,0.26,10.0,0.27,13.2,0.08,0.08,616.76089,1776213993000
1776213995.431,95.431,0.74,10.0,0.73,13.2,0.82,5.0,0.83,10.0,0.18,5.0,0.17,10.0,0.26,10.0,0.27,13.2,0.08,0.08,616.81477,1776213994000
1776213995.974,95.974,0.74,10.0,0.73,13.2,0.82,5.0,0.83,10.0,0.18,5.0,0.17,10.0,0.26,10.0,0.27,13.2,0.08,0.08,616.81763,1776213995000
1776213997.225,97.225,0.74,10.0,0.73,13.2,0.82,5.0,0.83,10.0,0.18,5.0,0.17,10.0,0.26,10.0,0.27,13.2,0.08,0.08,616.80569,1776213996000
1776213997.572,97.572,0.74,21.5,0.73,13.2,0.76,5.0,0.79,5.0,0.18,5.0,0.17,10.0,0.26,10.0,0.27,13.2,0.02,0.08,616.80569,1776213996000
1776213998.348,98.348,0.74,21.5,0.73,13.2,0.76,5.0,0.79,5.0,0.24,5.0,0.21,5.0,0.26,21.5,0.27,13.2,0.02,0.02,616.81439,1776213997000
1776213998.937,98.937,0.74,21.5,0.73,13.2,0.76,5.0,0.79,5.0,0.24,5.0,0.21,5.0,0.26,21.5,0.27,13.2,0.02,0.02,616.79919,1776213998000
1776214000.231,100.231,0.74,21.5,0.73,13.2,0.76,5.0,0.79,5.0,0.24,5.0,0.21,5.0,0.26,21.5,0.27,13.2,0.02,0.02,616.83553,1776213999000
1776214000.837,100.837,0.77,42.7,0.76,14.3,0.78,8.69,0.88,15.0,0.24,5.0,0.21,5.0,0.26,21.5,0.27,13.2,0.01,0.02,616.83553,1776213999000
1776214001.361,101.361,0.77,42.7,0.76,14.3,0.78,8.69,0.88,15.0,0.22,8.69,0.12,15.0,0.23,42.7,0.24,14.3,0.01,0.01,616.8863,1776214000000
1776214001.896,101.896,0.77,42.7,0.76,14.3,0.78,8.69,0.88,15.0,0.22,8.69,0.12,15.0,0.23,42.7,0.24,14.3,0.01,0.01,616.92857,1776214001000
1776214002.885,102.885,0.8,11.3,0.79,15.7,0.85,5.0,0.86,10.0,0.22,8.69,0.12,15.0,0.23,42.7,0.24,14.3,0.05,0.01,616.92857,1776214001000
1776214003.112,103.112,0.8,11.3,0.79,15.7,0.85,5.0,0.86,10.0,0.15,5.0,0.14,10.0,0.2,11.3,0.21,15.7,0.05,0.05,616.921,1776214002000
1776214004.328,104.328,0.8,11.3,0.79,15.7,0.85,5.0,0.86,10.0,0.15,5.0,0.14,10.0,0.2,11.3,0.21,15.7,0.05,0.05,616.890958,1776214003000
1776214005.338,105.338,0.8,11.3,0.79,15.7,0.85,5.0,0.86,10.0,0.15,5.0,0.14,10.0,0.2,11.3,0.21,15.7,0.05,0.05,616.862,1776214004000
1776214005.931,105.931,0.8,11.3,0.79,15.7,0.85,5.0,0.86,10.0,0.15,5.0,0.14,10.0,0.2,11.3,0.21,15.7,0.05,0.05,616.862,1776214005000
1776214007.179,107.179,0.8,11.3,0.79,15.7,0.85,5.0,0.86,10.0,0.15,5.0,0.14,10.0,0.2,11.3,0.21,15.7,0.05,0.05,616.801028,1776214006000
1776214008.224,108.224,0.8,11.3,0.79,15.7,0.85,5.0,0.86,10.0,0.15,5.0,0.14,10.0,0.2,11.3,0.21,15.7,0.05,0.05,616.821,1776214007000
1776214009.203,109.203,0.8,11.3,0.79,15.7,0.85,5.0,0.86,10.0,0.15,5.0,0.14,10.0,0.2,11.3,0.21,15.7,0.05,0.05,616.809,1776214008000
1776214010.286,110.286,0.8,11.3,0.79,15.7,0.85,5.0,0.86,10.0,0.15,5.0,0.14,10.0,0.2,11.3,0.21,15.7,0.05,0.05,616.80408,1776214009000
1776214011.327,111.327,0.8,11.3,0.79,15.7,0.85,5.0,0.86,10.0,0.15,5.0,0.14,10.0,0.2,11.3,0.21,15.7,0.05,0.05,616.749402,1776214010000
1776214011.875,111.875,0.78,5.0,0.77,15.0,0.79,20.0,0.82,15.0,0.21,20.0,0.18,15.0,0.22,5.0,0.23,15.0,0.01,0.01,616.73402,1776214011000
1776214012.651,112.651,0.77,15.0,0.61,10.9,0.79,15.0,0.81,66.89,0.21,20.0,0.18,15.0,0.22,5.0,0.23,15.0,0.02,0.01,616.73402,1776214011000
1776214012.903,112.903,0.77,15.0,0.61,10.9,0.79,15.0,0.81,66.89,0.21,15.0,0.19,66.89,0.23,15.0,0.39,10.9,0.02,0.02,616.72777,1776214012000
1776214013.869,113.869,0.77,15.0,0.61,10.9,0.79,15.0,0.81,66.89,0.21,15.0,0.19,66.89,0.23,15.0,0.39,10.9,0.02,0.02,616.72301,1776214013000
1776214014.374,114.374,0.77,7.5,0.62,5.0,0.78,35.2,0.79,30.7,0.21,15.0,0.19,66.89,0.23,15.0,0.39,10.9,0.01,0.02,616.72301,1776214013000
1776214014.883,114.883,0.62,5.0,0.61,10.9,0.77,7.5,0.78,35.2,0.23,7.5,0.22,35.2,0.38,5.0,0.39,10.9,0.15,0.15,616.64478,1776214014000
1776214016.01,116.01,0.62,5.0,0.61,10.9,0.77,7.5,0.78,35.2,0.23,7.5,0.22,35.2,0.38,5.0,0.39,10.9,0.15,0.15,616.65933,1776214015000
1776214017.024,117.024,0.62,5.0,0.61,10.9,0.77,7.5,0.78,35.2,0.23,7.5,0.22,35.2,0.38,5.0,0.39,10.9,0.15,0.15,616.705712,1776214016000
1776214018.003,118.003,0.62,5.0,0.61,10.9,0.77,7.5,0.78,35.2,0.23,7.5,0.22,35.2,0.38,5.0,0.39,10.9,0.15,0.15,616.72624,1776214017000
1776214019.004,119.004,0.62,5.0,0.61,10.9,0.77,7.5,0.78,35.2,0.23,7.5,0.22,35.2,0.38,5.0,0.39,10.9,0.15,0.15,616.72527,1776214018000
1776214020.035,120.035,0.62,5.0,0.61,10.9,0.77,7.5,0.78,35.2,0.23,7.5,0.22,35.2,0.38,5.0,0.39,10.9,0.15,0.15,616.72523,1776214019000
1776214021.563,121.563,0.62,5.0,0.61,10.9,0.77,7.5,0.78,35.2,0.23,7.5,0.22,35.2,0.38,5.0,0.39,10.9,0.15,0.15,616.72637,1776214020000
1776214022.041,122.041,0.62,5.0,0.61,10.9,0.77,7.5,0.78,35.2,0.23,7.5,0.22,35.2,0.38,5.0,0.39,10.9,0.15,0.15,616.72687,1776214021000
1776214023.322,123.322,0.62,5.0,0.61,10.9,0.77,7.5,0.78,35.2,0.23,7.5,0.22,35.2,0.38,5.0,0.39,10.9,0.15,0.15,616.72523,1776214022000
1776214023.922,123.922,0.62,5.0,0.61,10.9,0.77,7.5,0.78,35.2,0.23,7.5,0.22,35.2,0.38,5.0,0.39,10.9,0.15,0.15,616.7276,1776214023000
1776214024.583,124.583,0.69,22.2,0.68,11.9,0.76,10.0,0.77,7.5,0.23,7.5,0.22,35.2,0.38,5.0,0.39,10.9,0.07,0.15,616.7276,1776214023000
1776214025.054,125.054,0.69,22.2,0.68,11.9,0.76,10.0,0.77,7.5,0.24,10.0,0.23,7.5,0.31,22.2,0.32,11.9,0.07,0.07,616.72793,1776214024000
1776214026.24,126.24,0.69,22.2,0.68,11.9,0.76,10.0,0.77,7.5,0.24,10.0,0.23,7.5,0.31,22.2,0.32,11.9,0.07,0.07,616.7279,1776214025000
1776214027.577,127.577,0.69,22.2,0.68,11.9,0.76,10.0,0.77,7.5,0.24,10.0,0.23,7.5,0.31,22.2,0.32,11.9,0.07,0.07,616.72856,1776214026000
1776214028.146,128.146,0.69,22.2,0.68,11.9,0.76,10.0,0.77,7.5,0.24,10.0,0.23,7.5,0.31,22.2,0.32,11.9,0.07,0.07,616.69925,1776214027000
1776214029.276,129.276,0.69,22.2,0.68,11.9,0.76,10.0,0.77,7.5,0.24,10.0,0.23,7.5,0.31,22.2,0.32,11.9,0.07,0.07,616.70325,1776214028000
1776214030.417,130.417,0.69,22.2,0.68,11.9,0.76,10.0,0.77,7.5,0.24,10.0,0.23,7.5,0.31,22.2,0.32,11.9,0.07,0.07,616.66169,1776214029000
1776214031.016,131.016,0.69,22.2,0.68,11.9,0.76,10.0,0.77,7.5,0.24,10.0,0.23,7.5,0.31,22.2,0.32,11.9,0.07,0.07,616.68135,1776214030000
1776214032.179,132.179,0.69,22.2,0.68,11.9,0.76,10.0,0.77,7.5,0.24,10.0,0.23,7.5,0.31,22.2,0.32,11.9,0.07,0.07,616.66632,1776214031000
1776214033.64,133.64,0.69,22.2,0.68,11.9,0.76,10.0,0.77,7.5,0.24,10.0,0.23,7.5,0.31,22.2,0.32,11.9,0.07,0.07,616.67121,1776214032000
1776214034.107,134.107,0.69,22.2,0.68,11.9,0.76,10.0,0.77,7.5,0.24,10.0,0.23,7.5,0.31,22.2,0.32,11.9,0.07,0.07,616.67227,1776214033000
1776214035.328,135.328,0.69,22.2,0.68,11.9,0.76,10.0,0.77,7.5,0.24,10.0,0.23,7.5,0.31,22.2,0.32,11.9,0.07,0.07,616.6723,1776214034000
1776214036.893,136.893,0.69,22.2,0.68,11.9,0.76,10.0,0.77,7.5,0.24,10.0,0.23,7.5,0.31,22.2,0.32,11.9,0.07,0.07,616.67105,1776214035000
1776214037.592,137.592,0.69,22.2,0.68,11.9,0.76,10.0,0.77,7.5,0.24,10.0,0.23,7.5,0.31,22.2,0.32,11.9,0.07,0.07,616.67079,1776214036000
1776214038.683,138.683,0.69,22.2,0.68,11.9,0.76,10.0,0.77,7.5,0.24,10.0,0.23,7.5,0.31,22.2,0.32,11.9,0.07,0.07,616.663949,1776214037000
1776214039.365,139.365,0.69,22.2,0.68,11.9,0.76,10.0,0.77,7.5,0.24,10.0,0.23,7.5,0.31,22.2,0.32,11.9,0.07,0.07,616.67114,1776214038000
1776214039.962,139.962,0.69,22.2,0.68,11.9,0.76,10.0,0.77,7.5,0.24,10.0,0.23,7.5,0.31,22.2,0.32,11.9,0.07,0.07,616.69896,1776214039000
1776214041.275,141.275,0.69,22.2,0.68,11.9,0.76,10.0,0.77,7.5,0.24,10.0,0.23,7.5,0.31,22.2,0.32,11.9,0.07,0.07,616.70147,1776214040000
1776214041.993,141.993,0.73,5.0,0.68,11.9,0.75,10.0,0.76,5.0,0.24,10.0,0.23,7.5,0.31,22.2,0.32,11.9,0.02,0.07,616.70147,1776214040000
1776214042.479,142.479,0.73,5.0,0.68,11.9,0.75,10.0,0.76,5.0,0.25,10.0,0.24,5.0,0.27,5.0,0.32,11.9,0.02,0.02,616.70194,1776214041000
1776214043.237,143.237,0.73,5.0,0.68,11.9,0.75,10.0,0.76,5.0,0.25,10.0,0.24,5.0,0.27,5.0,0.32,11.9,0.02,0.02,616.70199,1776214042000
1776214044.5,144.5,0.73,5.0,0.68,11.9,0.75,10.0,0.76,5.0,0.25,10.0,0.24,5.0,0.27,5.0,0.32,11.9,0.02,0.02,616.69067,1776214043000
1776214045.211,145.211,0.73,5.0,0.68,11.9,0.75,10.0,0.76,5.0,0.25,10.0,0.24,5.0,0.27,5.0,0.32,11.9,0.02,0.02,616.684,1776214044000
1776214046.414,146.414,0.73,5.0,0.68,11.9,0.75,10.0,0.76,5.0,0.25,10.0,0.24,5.0,0.27,5.0,0.32,11.9,0.02,0.02,616.66128,1776214045000
1776214047.209,147.209,0.73,5.0,0.68,11.9,0.75,10.0,0.76,5.0,0.25,10.0,0.24,5.0,0.27,5.0,0.32,11.9,0.02,0.02,616.65839,1776214046000
1776214048.378,148.378,0.73,5.0,0.68,11.9,0.75,10.0,0.76,5.0,0.25,10.0,0.24,5.0,0.27,5.0,0.32,11.9,0.02,0.02,616.63191,1776214047000
1776214048.942,148.942,0.73,5.0,0.68,11.9,0.75,10.0,0.76,5.0,0.25,10.0,0.24,5.0,0.27,5.0,0.32,11.9,0.02,0.02,616.6129,1776214048000
1776214050.333,150.333,0.73,5.0,0.68,11.9,0.75,10.0,0.76,5.0,0.25,10.0,0.24,5.0,0.27,5.0,0.32,11.9,0.02,0.02,616.5479,1776214049000
1776214051.05,151.05,0.73,5.0,0.68,11.9,0.75,10.0,0.76,5.0,0.25,10.0,0.24,5.0,0.27,5.0,0.32,11.9,0.02,0.02,616.54495,1776214050000
1776214051.535,151.535,0.6,10.0,0.51,80.0,0.68,6.0,0.69,10.0,0.25,10.0,0.24,5.0,0.27,5.0,0.32,11.9,0.08,0.02,616.54495,1776214050000
1776214052.341,152.341,0.6,10.0,0.51,80.0,0.68,6.0,0.69,10.0,0.32,6.0,0.31,10.0,0.4,10.0,0.49,80.0,0.08,0.08,616.52614,1776214051000
1776214054.182,154.182,0.6,10.0,0.51,80.0,0.68,6.0,0.69,10.0,0.32,6.0,0.31,10.0,0.4,10.0,0.49,80.0,0.08,0.08,616.447108,1776214053000
1776214055.35,155.35,0.6,10.0,0.51,80.0,0.68,6.0,0.69,10.0,0.32,6.0,0.31,10.0,0.4,10.0,0.49,80.0,0.08,0.08,616.484781,1776214054000
1776214056.009,156.009,0.6,10.0,0.51,80.0,0.68,6.0,0.69,10.0,0.32,6.0,0.31,10.0,0.4,10.0,0.49,80.0,0.08,0.08,616.48935,1776214055000
1776214057.076,157.076,0.6,10.0,0.51,80.0,0.68,6.0,0.69,10.0,0.32,6.0,0.31,10.0,0.4,10.0,0.49,80.0,0.08,0.08,616.46443,1776214056000
1776214058.265,158.265,0.6,10.0,0.51,80.0,0.68,6.0,0.69,10.0,0.32,6.0,0.31,10.0,0.4,10.0,0.49,80.0,0.08,0.08,616.45375,1776214057000
1776214058.908,158.908,0.6,10.0,0.51,80.0,0.68,6.0,0.69,10.0,0.32,6.0,0.31,10.0,0.4,10.0,0.49,80.0,0.08,0.08,616.45656,1776214058000
1776214060.15,160.15,0.6,10.0,0.51,80.0,0.68,6.0,0.69,10.0,0.32,6.0,0.31,10.0,0.4,10.0,0.49,80.0,0.08,0.08,616.49539,1776214059000
1776214061.318,161.318,0.6,10.0,0.51,80.0,0.68,6.0,0.69,10.0,0.32,6.0,0.31,10.0,0.4,10.0,0.49,80.0,0.08,0.08,616.52296,1776214060000
1776214062.372,162.372,0.6,10.0,0.51,80.0,0.68,6.0,0.69,10.0,0.32,6.0,0.31,10.0,0.4,10.0,0.49,80.0,0.08,0.08,616.52263,1776214061000
1776214063.048,163.048,0.6,10.0,0.51,80.0,0.68,6.0,0.69,10.0,0.32,6.0,0.31,10.0,0.4,10.0,0.49,80.0,0.08,0.08,616.52374,1776214062000
1776214064.457,164.457,0.6,10.0,0.51,80.0,0.68,6.0,0.69,10.0,0.32,6.0,0.31,10.0,0.4,10.0,0.49,80.0,0.08,0.08,616.524903,1776214063000
1776214065.034,165.034,0.6,10.0,0.51,80.0,0.68,6.0,0.69,10.0,0.32,6.0,0.31,10.0,0.4,10.0,0.49,80.0,0.08,0.08,616.577,1776214064000
1776214066.212,166.212,0.6,10.0,0.51,80.0,0.68,6.0,0.69,10.0,0.32,6.0,0.31,10.0,0.4,10.0,0.49,80.0,0.08,0.08,616.56165,1776214065000
1776214067.581,167.581,0.6,10.0,0.51,80.0,0.68,6.0,0.69,10.0,0.32,6.0,0.31,10.0,0.4,10.0,0.49,80.0,0.08,0.08,616.509214,1776214066000
1776214068.015,168.015,0.6,10.0,0.51,80.0,0.68,6.0,0.69,10.0,0.32,6.0,0.31,10.0,0.4,10.0,0.49,80.0,0.08,0.08,616.509214,1776214067000
1776214069.777,169.777,0.6,10.0,0.51,80.0,0.68,6.0,0.69,10.0,0.32,6.0,0.31,10.0,0.4,10.0,0.49,80.0,0.08,0.08,616.519,1776214068000
1776214070.307,170.307,0.6,10.0,0.51,80.0,0.68,6.0,0.69,10.0,0.32,6.0,0.31,10.0,0.4,10.0,0.49,80.0,0.08,0.08,616.522,1776214069000
1776214071.26,171.26,0.6,10.0,0.51,80.0,0.68,6.0,0.69,10.0,0.32,6.0,0.31,10.0,0.4,10.0,0.49,80.0,0.08,0.08,616.524636,1776214070000
1776214072.236,172.236,0.6,10.0,0.51,80.0,0.68,6.0,0.69,10.0,0.32,6.0,0.31,10.0,0.4,10.0,0.49,80.0,0.08,0.08,616.528,1776214071000
1776214073.257,173.257,0.6,10.0,0.51,80.0,0.68,6.0,0.69,10.0,0.32,6.0,0.31,10.0,0.4,10.0,0.49,80.0,0.08,0.08,616.593,1776214072000
1776214074.166,174.166,0.6,10.0,0.51,80.0,0.68,6.0,0.69,10.0,0.32,6.0,0.31,10.0,0.4,10.0,0.49,80.0,0.08,0.08,616.597,1776214073000
1776214075.213,175.213,0.6,10.0,0.51,80.0,0.68,6.0,0.69,10.0,0.32,6.0,0.31,10.0,0.4,10.0,0.49,80.0,0.08,0.08,616.599,1776214074000
1776214076.168,176.168,0.6,10.0,0.51,80.0,0.68,6.0,0.69,10.0,0.32,6.0,0.31,10.0,0.4,10.0,0.49,80.0,0.08,0.08,616.591,1776214075000
1776214077.096,177.096,0.6,10.0,0.51,80.0,0.68,6.0,0.69,10.0,0.32,6.0,0.31,10.0,0.4,10.0,0.49,80.0,0.08,0.08,616.588,1776214076000
1776214078.117,178.117,0.6,10.0,0.51,80.0,0.68,6.0,0.69,10.0,0.32,6.0,0.31,10.0,0.4,10.0,0.49,80.0,0.08,0.08,616.588,1776214077000
1776214079.131,179.131,0.6,10.0,0.51,80.0,0.68,6.0,0.69,10.0,0.32,6.0,0.31,10.0,0.4,10.0,0.49,80.0,0.08,0.08,616.589,1776214078000
1776214080.135,180.135,0.6,10.0,0.51,80.0,0.68,6.0,0.69,10.0,0.32,6.0,0.31,10.0,0.4,10.0,0.49,80.0,0.08,0.08,616.589,1776214079000
1776214081.116,181.116,0.6,10.0,0.51,80.0,0.68,6.0,0.69,10.0,0.32,6.0,0.31,10.0,0.4,10.0,0.49,80.0,0.08,0.08,616.60366,1776214080000
1776214082.667,182.667,0.6,10.0,0.51,80.0,0.68,6.0,0.69,10.0,0.32,6.0,0.31,10.0,0.4,10.0,0.49,80.0,0.08,0.08,616.614,1776214081000
1776214083.244,183.244,0.6,10.0,0.51,80.0,0.68,6.0,0.69,10.0,0.32,6.0,0.31,10.0,0.4,10.0,0.49,80.0,0.08,0.08,616.64,1776214082000
1776214085.27,185.27,0.74,13.5,0.73,13.2,0.75,5.0,0.77,7.5,0.25,5.0,0.23,7.5,0.26,13.5,0.27,13.2,0.01,0.01,616.668,1776214084000
1776214086.725,186.725,0.7,4.61,0.69,12.2,0.76,8.69,0.77,7.5,0.24,8.69,0.23,7.5,0.3,4.61,0.31,12.2,0.06,0.06,616.661,1776214085000
1776214087.315,187.315,0.7,4.61,0.69,12.2,0.76,8.69,0.77,7.5,0.24,8.69,0.23,7.5,0.3,4.61,0.31,12.2,0.06,0.06,616.661,1776214086000
1776214087.544,187.544,0.71,10.0,0.69,12.2,0.77,7.5,0.82,5.0,0.24,8.69,0.23,7.5,0.3,4.61,0.31,12.2,0.06,0.06,616.661,1776214086000
1776214088.161,188.161,0.71,10.0,0.69,12.2,0.77,7.5,0.82,5.0,0.23,7.5,0.18,5.0,0.29,10.0,0.31,12.2,0.06,0.06,616.661,1776214087000
1776214089.55,189.55,0.71,10.0,0.69,12.2,0.77,7.5,0.82,5.0,0.23,7.5,0.18,5.0,0.29,10.0,0.31,12.2,0.06,0.06,616.653,1776214088000
1776214090.286,190.286,0.71,10.0,0.69,12.2,0.77,7.5,0.82,5.0,0.23,7.5,0.18,5.0,0.29,10.0,0.31,12.2,0.06,0.06,616.656,1776214089000
1776214091.734,191.734,0.71,10.0,0.69,12.2,0.77,7.5,0.82,5.0,0.23,7.5,0.18,5.0,0.29,10.0,0.31,12.2,0.06,0.06,616.646,1776214090000
1776214092.628,192.628,0.71,10.0,0.69,12.2,0.77,7.5,0.82,5.0,0.23,7.5,0.18,5.0,0.29,10.0,0.31,12.2,0.06,0.06,616.642,1776214091000
1776214093.363,193.363,0.71,10.0,0.69,12.2,0.77,7.5,0.82,5.0,0.23,7.5,0.18,5.0,0.29,10.0,0.31,12.2,0.06,0.06,616.64,1776214092000
1776214094.192,194.192,0.71,10.0,0.69,12.2,0.77,7.5,0.82,5.0,0.23,7.5,0.18,5.0,0.29,10.0,0.31,12.2,0.06,0.06,616.64,1776214093000
1776214095.541,195.541,0.71,10.0,0.69,12.2,0.77,7.5,0.82,5.0,0.23,7.5,0.18,5.0,0.29,10.0,0.31,12.2,0.06,0.06,616.64,1776214094000
1776214096.266,196.266,0.71,10.0,0.69,12.2,0.77,7.5,0.82,5.0,0.23,7.5,0.18,5.0,0.29,10.0,0.31,12.2,0.06,0.06,616.639,1776214095000
1776214097.721,197.721,0.71,10.0,0.69,12.2,0.77,7.5,0.82,5.0,0.23,7.5,0.18,5.0,0.29,10.0,0.31,12.2,0.06,0.06,616.638,1776214096000
1776214098.382,198.382,0.71,10.0,0.69,12.2,0.77,7.5,0.82,5.0,0.23,7.5,0.18,5.0,0.29,10.0,0.31,12.2,0.06,0.06,616.655,1776214097000
1776214099.136,199.136,0.71,10.0,0.69,12.2,0.77,7.5,0.82,5.0,0.23,7.5,0.18,5.0,0.29,10.0,0.31,12.2,0.06,0.06,616.655,1776214098000
1776214100.632,200.632,0.71,10.0,0.69,12.2,0.77,7.5,0.82,5.0,0.23,7.5,0.18,5.0,0.29,10.0,0.31,12.2,0.06,0.06,616.667,1776214099000
1776214101.704,201.704,0.71,10.0,0.69,12.2,0.77,7.5,0.82,5.0,0.23,7.5,0.18,5.0,0.29,10.0,0.31,12.2,0.06,0.06,616.661,1776214100000
1776214102.331,202.331,0.71,10.0,0.69,12.2,0.77,7.5,0.82,5.0,0.23,7.5,0.18,5.0,0.29,10.0,0.31,12.2,0.06,0.06,616.661,1776214101000
1776214103.394,203.394,0.71,10.0,0.69,12.2,0.77,7.5,0.82,5.0,0.23,7.5,0.18,5.0,0.29,10.0,0.31,12.2,0.06,0.06,616.661,1776214102000
1776214104.153,204.153,0.71,10.0,0.69,12.2,0.77,7.5,0.82,5.0,0.23,7.5,0.18,5.0,0.29,10.0,0.31,12.2,0.06,0.06,616.664,1776214103000
1776214105.608,205.608,0.71,10.0,0.69,12.2,0.77,7.5,0.82,5.0,0.23,7.5,0.18,5.0,0.29,10.0,0.31,12.2,0.06,0.06,616.661,1776214104000
1776214106.301,206.301,0.71,10.0,0.69,12.2,0.77,7.5,0.82,5.0,0.23,7.5,0.18,5.0,0.29,10.0,0.31,12.2,0.06,0.06,616.661,1776214105000
1776214107.024,207.024,0.71,10.0,0.69,12.2,0.77,7.5,0.82,5.0,0.23,7.5,0.18,5.0,0.29,10.0,0.31,12.2,0.06,0.06,616.66,1776214106000
1776214108.452,208.452,0.71,10.0,0.69,12.2,0.77,7.5,0.82,5.0,0.23,7.5,0.18,5.0,0.29,10.0,0.31,12.2,0.06,0.06,616.66,1776214107000
1776214109.146,209.146,0.71,10.0,0.69,12.2,0.77,7.5,0.82,5.0,0.23,7.5,0.18,5.0,0.29,10.0,0.31,12.2,0.06,0.06,616.66,1776214108000
1776214110.531,210.531,0.71,10.0,0.69,12.2,0.77,7.5,0.82,5.0,0.23,7.5,0.18,5.0,0.29,10.0,0.31,12.2,0.06,0.06,616.654,1776214109000
1776214111.224,211.224,0.71,5.0,0.67,11.8,0.77,7.5,0.83,6.0,0.23,7.5,0.17,6.0,0.29,5.0,0.33,11.8,0.06,0.06,616.653,1776214110000
1776214112.542,212.542,0.71,5.0,0.67,11.8,0.77,7.5,0.83,6.0,0.23,7.5,0.17,6.0,0.29,5.0,0.33,11.8,0.06,0.06,616.648,1776214111000
1776214113.216,213.216,0.71,5.0,0.67,11.8,0.77,7.5,0.83,6.0,0.23,7.5,0.17,6.0,0.29,5.0,0.33,11.8,0.06,0.06,616.648,1776214112000
1776214114.528,214.528,0.71,5.0,0.67,11.8,0.77,7.5,0.83,6.0,0.23,7.5,0.17,6.0,0.29,5.0,0.33,11.8,0.06,0.06,616.591289,1776214113000
1776214115.137,215.137,0.71,5.0,0.67,11.8,0.77,7.5,0.83,6.0,0.23,7.5,0.17,6.0,0.29,5.0,0.33,11.8,0.06,0.06,616.59125,1776214114000
1776214116.508,216.508,0.71,5.0,0.67,11.8,0.77,7.5,0.83,6.0,0.23,7.5,0.17,6.0,0.29,5.0,0.33,11.8,0.06,0.06,616.591241,1776214115000
1776214117.228,217.228,0.71,5.0,0.67,11.8,0.77,7.5,0.83,6.0,0.23,7.5,0.17,6.0,0.29,5.0,0.33,11.8,0.06,0.06,616.591241,1776214116000
1776214118.676,218.676,0.71,5.0,0.67,11.8,0.77,7.5,0.83,6.0,0.23,7.5,0.17,6.0,0.29,5.0,0.33,11.8,0.06,0.06,616.590324,1776214117000
1776214119.975,219.975,0.71,5.0,0.67,11.8,0.77,7.5,0.83,6.0,0.23,7.5,0.17,6.0,0.29,5.0,0.33,11.8,0.06,0.06,616.591066,1776214118000
1776214120.771,220.771,0.71,5.0,0.67,11.8,0.77,7.5,0.83,6.0,0.23,7.5,0.17,6.0,0.29,5.0,0.33,11.8,0.06,0.06,616.591957,1776214119000
1776214121.659,221.659,0.71,5.0,0.67,11.8,0.77,7.5,0.83,6.0,0.23,7.5,0.17,6.0,0.29,5.0,0.33,11.8,0.06,0.06,616.591911,1776214120000
1776214122.616,222.616,0.71,5.0,0.67,11.8,0.77,7.5,0.83,6.0,0.23,7.5,0.17,6.0,0.29,5.0,0.33,11.8,0.06,0.06,616.590139,1776214121000
1776214123.285,223.285,0.71,5.0,0.67,11.8,0.77,7.5,0.83,6.0,0.23,7.5,0.17,6.0,0.29,5.0,0.33,11.8,0.06,0.06,616.583566,1776214122000
1776214124.693,224.693,0.71,5.0,0.67,11.8,0.77,7.5,0.83,6.0,0.23,7.5,0.17,6.0,0.29,5.0,0.33,11.8,0.06,0.06,616.581182,1776214123000
1776214125.282,225.282,0.71,5.0,0.67,11.8,0.77,7.5,0.83,6.0,0.23,7.5,0.17,6.0,0.29,5.0,0.33,11.8,0.06,0.06,616.581732,1776214124000
1776214125.983,225.983,0.71,5.0,0.67,11.8,0.77,7.5,0.83,6.0,0.23,7.5,0.17,6.0,0.29,5.0,0.33,11.8,0.06,0.06,616.544639,1776214125000
1776214127.259,227.259,0.71,5.0,0.67,11.8,0.77,7.5,0.83,6.0,0.23,7.5,0.17,6.0,0.29,5.0,0.33,11.8,0.06,0.06,616.626,1776214126000
1776214128.754,228.754,0.71,5.0,0.67,11.8,0.77,7.5,0.83,6.0,0.23,7.5,0.17,6.0,0.29,5.0,0.33,11.8,0.06,0.06,616.634,1776214127000
1776214129.406,229.406,0.71,5.0,0.67,11.8,0.77,7.5,0.83,6.0,0.23,7.5,0.17,6.0,0.29,5.0,0.33,11.8,0.06,0.06,616.634,1776214128000
1776214130.359,230.359,0.71,5.0,0.67,11.8,0.77,7.5,0.83,6.0,0.23,7.5,0.17,6.0,0.29,5.0,0.33,11.8,0.06,0.06,616.633,1776214129000
1776214131.914,231.914,0.71,5.0,0.67,11.8,0.77,7.5,0.83,6.0,0.23,7.5,0.17,6.0,0.29,5.0,0.33,11.8,0.06,0.06,616.629,1776214130000
1776214132.566,232.566,0.71,5.0,0.67,11.8,0.77,7.5,0.83,6.0,0.23,7.5,0.17,6.0,0.29,5.0,0.33,11.8,0.06,0.06,616.631,1776214131000
1776214133.563,233.563,0.71,5.0,0.67,11.8,0.77,7.5,0.83,6.0,0.23,7.5,0.17,6.0,0.29,5.0,0.33,11.8,0.06,0.06,616.631,1776214132000
1776214134.174,234.174,0.71,5.0,0.67,11.8,0.77,7.5,0.83,6.0,0.23,7.5,0.17,6.0,0.29,5.0,0.33,11.8,0.06,0.06,616.628877,1776214133000
1776214135.616,235.616,0.71,5.0,0.67,11.8,0.77,7.5,0.83,6.0,0.23,7.5,0.17,6.0,0.29,5.0,0.33,11.8,0.06,0.06,616.623,1776214134000
1776214136.196,236.196,0.76,20.3,0.75,13.9,0.91,31.7,0.92,35.29,0.23,7.5,0.17,6.0,0.29,5.0,0.33,11.8,0.15,0.06,616.623,1776214134000
1776214137.68,237.68,0.76,20.3,0.75,13.9,0.91,31.7,0.92,35.29,0.09,31.7,0.08,35.29,0.24,20.3,0.25,13.9,0.15,0.15,616.638,1776214136000
1776214138.768,238.768,0.76,20.3,0.75,13.9,0.91,31.7,0.92,35.29,0.09,31.7,0.08,35.29,0.24,20.3,0.25,13.9,0.15,0.15,616.634,1776214137000
1776214139.243,239.243,0.76,20.3,0.75,13.9,0.91,31.7,0.92,35.29,0.09,31.7,0.08,35.29,0.24,20.3,0.25,13.9,0.15,0.15,616.642,1776214138000
1776214139.881,239.881,0.76,20.3,0.75,13.9,0.91,31.7,0.92,35.29,0.09,31.7,0.08,35.29,0.24,20.3,0.25,13.9,0.15,0.15,616.642,1776214139000
1776214140.868,240.868,0.76,20.3,0.75,13.9,0.91,31.7,0.92,35.29,0.09,31.7,0.08,35.29,0.24,20.3,0.25,13.9,0.15,0.15,616.63,1776214140000
1776214141.856,241.856,0.82,17.6,0.81,16.89,0.95,52.59,0.96,72.7,0.09,31.7,0.08,35.29,0.24,20.3,0.25,13.9,0.13,0.15,616.63,1776214140000
1776214142.162,242.162,0.82,17.6,0.81,16.89,0.95,52.59,0.96,72.7,0.05,52.59,0.04,72.7,0.18,17.6,0.19,16.89,0.13,0.13,616.629,1776214141000
1776214143.377,243.377,0.82,17.6,0.81,16.89,0.95,52.59,0.96,72.7,0.05,52.59,0.04,72.7,0.18,17.6,0.19,16.89,0.13,0.13,616.67345,1776214142000
1776214143.882,243.882,0.82,17.6,0.81,16.89,0.95,52.59,0.96,72.7,0.05,52.59,0.04,72.7,0.18,17.6,0.19,16.89,0.13,0.13,616.67345,1776214143000
1776214144.938,244.938,0.82,17.6,0.81,16.89,0.95,52.59,0.96,72.7,0.05,52.59,0.04,72.7,0.18,17.6,0.19,16.89,0.13,0.13,616.611348,1776214144000
1776214146.057,246.057,0.82,17.6,0.81,16.89,0.95,52.59,0.96,72.7,0.05,52.59,0.04,72.7,0.18,17.6,0.19,16.89,0.13,0.13,616.555,1776214145000
1776214147.108,247.108,0.82,17.6,0.81,16.89,0.95,52.59,0.96,72.7,0.05,52.59,0.04,72.7,0.18,17.6,0.19,16.89,0.13,0.13,616.559,1776214146000
1776214148.078,248.078,0.63,1.97,0.51,19.6,0.65,5.0,0.71,131.0,0.05,52.59,0.04,72.7,0.18,17.6,0.19,16.89,0.02,0.13,616.559,1776214146000
1776214148.299,248.299,0.37,5.4,0.21,50.0,0.51,30.4,0.61,48.03,0.49,30.4,0.39,48.03,0.63,5.4,0.79,50.0,0.14,0.14,616.553,1776214147000
1776214148.601,248.601,0.31,49.45,0.21,50.0,0.51,35.4,0.57,15.0,0.51,6.0,0.49,35.4,0.63,4.12,0.69,50.0,0.2,0.12,616.553,1776214147000
1776214149.182,249.182,0.21,46.24,0.19,16.89,0.49,10.0,0.51,35.4,0.49,35.4,0.43,15.0,0.69,40.83,0.79,50.0,0.28,0.2,616.553,1776214147000
1776214150.35,250.35,0.21,46.24,0.19,16.89,0.49,10.0,0.51,35.4,0.51,10.0,0.49,35.4,0.79,46.24,0.81,16.89,0.28,0.28,616.397571,1776214149000
1776214150.97,250.97,0.21,46.24,0.19,16.89,0.49,10.0,0.51,35.4,0.51,10.0,0.49,35.4,0.79,46.24,0.81,16.89,0.28,0.28,616.32584,1776214150000
1776214151.936,251.936,0.21,46.24,0.19,16.89,0.49,10.0,0.51,35.4,0.51,10.0,0.49,35.4,0.79,46.24,0.81,16.89,0.28,0.28,616.286,1776214151000
1776214152.988,252.988,0.21,46.24,0.19,16.89,0.49,10.0,0.51,35.4,0.51,10.0,0.49,35.4,0.79,46.24,0.81,16.89,0.28,0.28,616.286,1776214152000
1776214154.085,254.085,0.21,46.24,0.19,16.89,0.49,10.0,0.51,35.4,0.51,10.0,0.49,35.4,0.79,46.24,0.81,16.89,0.28,0.28,616.27302,1776214153000
1776214155.141,255.141,0.21,46.24,0.19,16.89,0.49,10.0,0.51,35.4,0.51,10.0,0.49,35.4,0.79,46.24,0.81,16.89,0.28,0.28,616.26305,1776214154000
1776214156.091,256.091,0.21,46.24,0.19,16.89,0.49,10.0,0.51,35.4,0.51,10.0,0.49,35.4,0.79,46.24,0.81,16.89,0.28,0.28,616.269,1776214155000
1776214157.21,257.21,0.21,46.24,0.19,16.89,0.49,10.0,0.51,35.4,0.51,10.0,0.49,35.4,0.79,46.24,0.81,16.89,0.28,0.28,616.26451,1776214156000
1776214158.228,258.228,0.21,46.24,0.19,16.89,0.49,10.0,0.51,35.4,0.51,10.0,0.49,35.4,0.79,46.24,0.81,16.89,0.28,0.28,616.269,1776214157000
1776214159.205,259.205,0.21,46.24,0.19,16.89,0.49,10.0,0.51,35.4,0.51,10.0,0.49,35.4,0.79,46.24,0.81,16.89,0.28,0.28,616.26312,1776214158000
1776214160.21,260.21,0.21,46.24,0.19,16.89,0.49,10.0,0.51,35.4,0.51,10.0,0.49,35.4,0.79,46.24,0.81,16.89,0.28,0.28,616.262,1776214159000
1776214161.304,261.304,0.21,46.24,0.19,16.89,0.49,10.0,0.51,35.4,0.51,10.0,0.49,35.4,0.79,46.24,0.81,16.89,0.28,0.28,616.27254,1776214160000
1776214162.315,262.315,0.21,46.24,0.19,16.89,0.49,10.0,0.51,35.4,0.51,10.0,0.49,35.4,0.79,46.24,0.81,16.89,0.28,0.28,616.265147,1776214161000
1776214163.355,263.355,0.21,46.24,0.19,16.89,0.49,10.0,0.51,35.4,0.51,10.0,0.49,35.4,0.79,46.24,0.81,16.89,0.28,0.28,616.258,1776214162000
1776214163.88,263.88,0.21,46.24,0.19,16.89,0.49,10.0,0.51,35.4,0.51,10.0,0.49,35.4,0.79,46.24,0.81,16.89,0.28,0.28,616.258,1776214163000
1776214164.938,264.938,0.21,46.24,0.19,16.89,0.49,10.0,0.51,35.4,0.51,10.0,0.49,35.4,0.79,46.24,0.81,16.89,0.28,0.28,616.258,1776214164000
1776214166.35,266.35,0.21,46.24,0.19,16.89,0.49,10.0,0.51,35.4,0.51,10.0,0.49,35.4,0.79,46.24,0.81,16.89,0.28,0.28,616.274,1776214165000
1776214167.34,267.34,0.21,46.24,0.19,16.89,0.49,10.0,0.51,35.4,0.51,10.0,0.49,35.4,0.79,46.24,0.81,16.89,0.28,0.28,616.277,1776214166000
1776214168.29,268.29,0.21,46.24,0.19,16.89,0.49,10.0,0.51,35.4,0.51,10.0,0.49,35.4,0.79,46.24,0.81,16.89,0.28,0.28,616.307,1776214167000
1776214168.842,268.842,0.21,46.24,0.19,16.89,0.49,10.0,0.51,35.4,0.51,10.0,0.49,35.4,0.79,46.24,0.81,16.89,0.28,0.28,616.307,1776214168000
1776214170.284,270.284,0.41,62.0,0.31,50.0,0.49,3.93,0.51,5.0,0.51,3.93,0.49,5.0,0.59,62.0,0.69,50.0,0.08,0.08,616.32142,1776214169000
1776214171.212,271.212,0.41,62.0,0.31,50.0,0.49,3.93,0.51,5.0,0.51,3.93,0.49,5.0,0.59,62.0,0.69,50.0,0.08,0.08,616.326,1776214170000
1776214172.187,272.187,0.41,59.96,0.31,50.0,0.49,3.93,0.51,5.0,0.51,3.93,0.49,5.0,0.59,59.96,0.69,50.0,0.08,0.08,616.30968,1776214171000
1776214173.201,273.201,0.41,59.96,0.31,50.0,0.49,3.93,0.51,5.0,0.51,3.93,0.49,5.0,0.59,59.96,0.69,50.0,0.08,0.08,616.30055,1776214172000
1776214173.463,273.463,0.31,50.0,0.26,13.5,0.49,3.93,0.51,5.0,0.51,3.93,0.49,5.0,0.59,59.96,0.69,50.0,0.18,0.08,616.30055,1776214172000
1776214174.09,274.09,0.31,50.0,0.26,13.5,0.49,3.93,0.51,5.0,0.51,3.93,0.49,5.0,0.69,50.0,0.74,13.5,0.18,0.18,616.3075,1776214173000
1776214175.023,275.023,0.31,50.0,0.26,13.5,0.49,3.93,0.51,5.0,0.51,3.93,0.49,5.0,0.69,50.0,0.74,13.5,0.18,0.18,616.29028,1776214174000
1776214176.01,276.01,0.31,50.0,0.26,13.5,0.49,3.93,0.51,5.0,0.51,3.93,0.49,5.0,0.69,50.0,0.74,13.5,0.18,0.18,616.31639,1776214175000
1776214177.097,277.097,0.31,50.0,0.26,13.5,0.49,3.93,0.51,5.0,0.51,3.93,0.49,5.0,0.69,50.0,0.74,13.5,0.18,0.18,616.32729,1776214176000
1776214178.016,278.016,0.31,50.0,0.26,13.5,0.49,3.93,0.51,5.0,0.51,3.93,0.49,5.0,0.69,50.0,0.74,13.5,0.18,0.18,616.31691,1776214177000
1776214179.109,279.109,0.31,50.0,0.26,13.5,0.49,3.93,0.51,5.0,0.51,3.93,0.49,5.0,0.69,50.0,0.74,13.5,0.18,0.18,616.31541,1776214178000
1776214180.191,280.191,0.31,50.0,0.26,13.5,0.49,3.93,0.51,5.0,0.51,3.93,0.49,5.0,0.69,50.0,0.74,13.5,0.18,0.18,616.31352,1776214179000
1776214181.345,281.345,0.31,50.0,0.26,13.5,0.49,3.93,0.51,5.0,0.51,3.93,0.49,5.0,0.69,50.0,0.74,13.5,0.18,0.18,616.31208,1776214180000
1776214182.296,282.296,0.31,50.0,0.26,13.5,0.49,3.93,0.51,5.0,0.51,3.93,0.49,5.0,0.69,50.0,0.74,13.5,0.18,0.18,616.31143,1776214181000
1776214183.385,283.385,0.31,50.0,0.26,13.5,0.49,3.93,0.51,5.0,0.51,3.93,0.49,5.0,0.69,50.0,0.74,13.5,0.18,0.18,616.31624,1776214182000
1776214183.935,283.935,0.31,50.0,0.26,13.5,0.49,3.93,0.51,5.0,0.51,3.93,0.49,5.0,0.69,50.0,0.74,13.5,0.18,0.18,616.32411,1776214183000
1776214184.833,284.833,0.11,46.66,0.04,205.0,0.41,50.0,0.51,55.0,0.59,50.0,0.49,55.0,0.89,46.66,0.96,205.0,0.3,0.3,616.32874,1776214184000
1776214185.881,285.881,0.11,46.66,0.04,205.0,0.41,50.0,0.51,55.0,0.59,50.0,0.49,55.0,0.89,46.66,0.96,205.0,0.3,0.3,616.32874,1776214185000
1776214186.831,286.831,0.11,41.66,0.04,205.0,0.41,50.0,0.51,55.0,0.59,50.0,0.49,55.0,0.89,41.66,0.96,205.0,0.3,0.3,616.284081,1776214186000
1776214187.908,287.908,0.11,41.66,0.04,205.0,0.41,50.0,0.51,55.0,0.59,50.0,0.49,55.0,0.89,41.66,0.96,205.0,0.3,0.3,616.282459,1776214187000
1776214188.391,288.391,0.11,36.04,0.04,105.0,0.41,50.0,0.51,55.0,0.59,50.0,0.49,55.0,0.89,41.66,0.96,205.0,0.3,0.3,616.282459,1776214187000
1776214188.863,288.863,0.11,36.04,0.04,105.0,0.41,50.0,0.51,55.0,0.59,50.0,0.49,55.0,0.89,36.04,0.96,105.0,0.3,0.3,616.278871,1776214188000
1776214189.88,289.88,0.11,36.04,0.04,105.0,0.41,50.0,0.51,55.0,0.59,50.0,0.49,55.0,0.89,36.04,0.96,105.0,0.3,0.3,616.268116,1776214189000
1776214191.043,291.043,0.11,36.04,0.04,105.0,0.41,50.0,0.51,55.0,0.59,50.0,0.49,55.0,0.89,36.04,0.96,105.0,0.3,0.3,616.267502,1776214190000
1776214192.665,292.665,0.11,36.04,0.04,105.0,0.41,50.0,0.51,55.0,0.59,50.0,0.49,55.0,0.89,36.04,0.96,105.0,0.3,0.3,616.267739,1776214191000
1776214193.807,293.807,0.11,36.04,0.04,105.0,0.41,50.0,0.51,55.0,0.59,50.0,0.49,55.0,0.89,36.04,0.96,105.0,0.3,0.3,616.252311,1776214192000
1776214194.51,294.51,0.11,36.04,0.04,105.0,0.41,50.0,0.51,55.0,0.59,50.0,0.49,55.0,0.89,36.04,0.96,105.0,0.3,0.3,616.260018,1776214193000
1776214195.09,295.09,0.11,36.04,0.04,105.0,0.41,50.0,0.51,55.0,0.59,50.0,0.49,55.0,0.89,36.04,0.96,105.0,0.3,0.3,616.259319,1776214194000
1776214195.478,295.478,0.03,100.0,0.02,10.0,0.21,50.0,0.31,79.0,0.59,50.0,0.49,55.0,0.89,36.04,0.96,105.0,0.18,0.3,616.259319,1776214194000
1776214195.765,295.765,0.03,94.89,0.02,10.0,0.21,50.0,0.31,79.0,0.79,50.0,0.69,79.0,0.97,100.0,0.98,10.0,0.18,0.18,616.259319,1776214194000
1776214196.163,296.163,0.03,86.89,0.02,10.0,0.21,50.0,0.31,79.0,0.79,50.0,0.69,79.0,0.97,94.89,0.98,10.0,0.18,0.18,616.259319,1776214194000
1776214196.416,296.416,0.03,85.76,0.02,10.0,0.21,50.0,0.31,50.0,0.79,50.0,0.69,79.0,0.97,86.89,0.98,10.0,0.18,0.18,616.259319,1776214194000
1776214196.996,296.996,0.03,79.76,0.02,10.0,0.21,29.0,0.31,50.0,0.79,50.0,0.69,50.0,0.97,85.76,0.98,10.0,0.18,0.18,616.259319,1776214195000
1776214197.307,297.307,0.03,68.41,0.02,10.0,0.21,29.0,0.31,50.0,0.79,29.0,0.69,50.0,0.97,79.76,0.98,10.0,0.18,0.18,616.259319,1776214195000
1776214197.805,297.805,0.03,65.23,0.02,10.0,0.21,29.0,0.31,50.0,0.79,29.0,0.69,50.0,0.97,67.3,0.98,10.0,0.18,0.18,616.258804,1776214196000
1776214198.058,298.058,0.03,65.23,0.02,10.0,0.21,29.0,0.31,50.0,0.79,29.0,0.69,50.0,0.97,65.23,0.98,10.0,0.18,0.18,616.258974,1776214197000
1776214198.418,298.418,0.03,59.1,0.02,10.0,0.21,29.0,0.31,50.0,0.79,29.0,0.69,50.0,0.97,60.23,0.98,10.0,0.18,0.18,616.258974,1776214197000
1776214198.723,298.723,0.03,32.28,0.02,10.0,0.21,29.0,0.31,50.0,0.79,29.0,0.69,50.0,0.97,52.9,0.98,10.0,0.18,0.18,616.258974,1776214197000
1776214199.006,299.006,0.03,11.85,0.02,10.0,0.21,29.0,0.31,50.0,0.79,29.0,0.69,50.0,0.97,32.28,0.98,10.0,0.18,0.18,616.258974,1776214197000
1776214199.386,299.386,0.01,176.95,,,0.21,29.0,0.23,5.0,0.79,29.0,0.69,50.0,0.99,181.85,,,0.2,0.2,616.258974,1776214197000
1776214199.994,299.994,0.01,174.92,,,0.21,29.0,0.23,5.0,0.79,29.0,0.77,5.0,0.99,174.92,,,0.2,0.2,616.276635,1776214199000
1776214200.434,300.434,,,,,0.01,570.05,0.2,5.0,0.99,90.18,0.8,5.0,,,,,,,616.276635,1776214199000
1776214200.771,300.771,,,,,0.01,485.05,0.2,5.0,0.99,570.05,0.8,5.0,,,,,,,616.276635,1776214199000

# RESULT,winner=Down,slug=bnb-updown-5m-1776213900,ticks=335
