timestamp,elapsed_sec,up_bid_p1,up_bid_s1,up_bid_p2,up_bid_s2,up_ask_p1,up_ask_s1,up_ask_p2,up_ask_s2,down_bid_p1,down_bid_s1,down_bid_p2,down_bid_s2,down_ask_p1,down_ask_s1,down_ask_p2,down_ask_s2,up_spread,down_spread,bnb_price,bnb_oracle_ts
1776215701.306,1.306,,,,,,,,,,,,,,,,,,,617.691331,1776215700000
1776215701.518,1.518,0.49,5.0,0.33,300.0,0.5,6.0,0.67,300.0,0.5,6.0,0.33,300.0,0.51,5.0,0.67,300.0,0.01,0.01,617.691331,1776215700000
1776215701.866,1.866,0.49,5.0,0.33,300.0,0.5,6.0,0.67,300.0,0.5,6.0,0.33,300.0,0.51,5.0,0.67,300.0,0.01,0.01,617.691331,1776215700000
1776215702.347,2.347,0.49,5.0,0.33,300.0,0.5,6.0,0.67,300.0,0.5,6.0,0.33,300.0,0.51,5.0,0.67,300.0,0.01,0.01,617.692941,1776215701000
1776215703.432,3.432,0.31,425.0,0.27,450.0,0.5,6.0,0.61,50.0,0.5,6.0,0.33,300.0,0.51,5.0,0.67,300.0,0.19,0.01,617.692941,1776215701000
1776215703.962,3.962,0.31,425.0,0.27,450.0,0.5,6.0,0.61,50.0,0.5,6.0,0.39,50.0,0.69,425.0,0.73,450.0,0.19,0.19,617.780601,1776215702000
1776215704.525,4.525,0.31,425.0,0.27,450.0,0.5,6.0,0.61,50.0,0.5,6.0,0.39,50.0,0.69,425.0,0.73,450.0,0.19,0.19,617.801834,1776215703000
1776215706.051,6.051,0.31,425.0,0.27,450.0,0.5,6.0,0.61,50.0,0.5,6.0,0.39,50.0,0.69,425.0,0.73,450.0,0.19,0.19,617.72839,1776215704000
1776215706.913,6.913,0.31,425.0,0.27,450.0,0.5,6.0,0.61,50.0,0.5,6.0,0.39,50.0,0.69,425.0,0.73,450.0,0.19,0.19,617.714,1776215705000
1776215707.596,7.596,0.31,425.0,0.27,450.0,0.5,6.0,0.61,50.0,0.5,6.0,0.39,50.0,0.69,425.0,0.73,450.0,0.19,0.19,617.707,1776215706000
1776215708.269,8.269,0.31,425.0,0.27,450.0,0.5,6.0,0.61,50.0,0.5,6.0,0.39,50.0,0.69,425.0,0.73,450.0,0.19,0.19,617.707,1776215707000
1776215709.03,9.03,0.31,425.0,0.27,450.0,0.5,6.0,0.61,50.0,0.5,6.0,0.39,50.0,0.69,425.0,0.73,450.0,0.19,0.19,617.687,1776215708000
1776215709.583,9.583,0.43,4.4,0.37,5.0,0.46,5.0,0.47,10.0,0.5,6.0,0.39,50.0,0.69,425.0,0.73,450.0,0.03,0.19,617.687,1776215708000
1776215710.637,10.637,0.43,4.4,0.37,5.0,0.46,5.0,0.47,10.0,0.54,5.0,0.53,10.0,0.57,4.4,0.63,5.0,0.03,0.03,617.66351,1776215709000
1776215711.375,11.375,0.43,4.4,0.37,5.0,0.46,5.0,0.47,10.0,0.54,5.0,0.53,10.0,0.57,4.4,0.63,5.0,0.03,0.03,617.630241,1776215710000
1776215712.051,12.051,0.43,4.4,0.37,5.0,0.46,5.0,0.47,10.0,0.54,5.0,0.53,10.0,0.57,4.4,0.63,5.0,0.03,0.03,617.585226,1776215711000
1776215713.624,13.624,0.43,4.4,0.37,5.0,0.46,5.0,0.47,10.0,0.54,5.0,0.53,10.0,0.57,4.4,0.63,5.0,0.03,0.03,617.588,1776215712000
1776215714.316,14.316,0.43,4.4,0.37,5.0,0.46,5.0,0.47,10.0,0.54,5.0,0.53,10.0,0.57,4.4,0.63,5.0,0.03,0.03,617.561796,1776215713000
1776215715.079,15.079,0.31,5.0,0.3,5.0,0.44,5.0,0.45,8.0,0.54,5.0,0.53,10.0,0.57,4.4,0.63,5.0,0.13,0.03,617.561796,1776215713000
1776215716.745,16.745,0.31,5.0,0.3,5.0,0.44,5.0,0.45,8.0,0.56,5.0,0.55,8.0,0.69,5.0,0.7,5.0,0.13,0.13,617.560629,1776215715000
1776215717.504,17.504,0.31,5.0,0.3,5.0,0.44,5.0,0.45,8.0,0.56,5.0,0.55,8.0,0.69,5.0,0.7,5.0,0.13,0.13,617.545,1776215716000
1776215718.286,18.286,0.31,5.0,0.3,5.0,0.44,5.0,0.45,8.0,0.56,5.0,0.55,8.0,0.69,5.0,0.7,5.0,0.13,0.13,617.58,1776215717000
1776215719.865,19.865,0.25,5.0,0.21,50.0,0.35,22.0,0.36,5.0,0.65,22.0,0.64,5.0,0.75,5.0,0.79,50.0,0.1,0.1,617.51492,1776215718000
1776215720.587,20.587,0.25,5.0,0.21,50.0,0.35,22.0,0.36,5.0,0.65,22.0,0.64,5.0,0.75,5.0,0.79,50.0,0.1,0.1,617.502,1776215719000
1776215721.281,21.281,0.25,5.0,0.21,50.0,0.35,22.0,0.36,5.0,0.65,22.0,0.64,5.0,0.75,5.0,0.79,50.0,0.1,0.1,617.502,1776215720000
1776215722.123,22.123,0.25,5.0,0.21,50.0,0.35,22.0,0.36,5.0,0.65,22.0,0.64,5.0,0.75,5.0,0.79,50.0,0.1,0.1,617.50732,1776215721000
1776215723.757,23.757,0.25,5.0,0.21,50.0,0.35,22.0,0.36,5.0,0.65,22.0,0.64,5.0,0.75,5.0,0.79,50.0,0.1,0.1,617.50292,1776215722000
1776215724.241,24.241,0.25,5.0,0.21,50.0,0.35,22.0,0.36,5.0,0.65,22.0,0.64,5.0,0.75,5.0,0.79,50.0,0.1,0.1,617.554,1776215723000
1776215725.141,25.141,0.25,5.0,0.21,50.0,0.35,22.0,0.36,5.0,0.65,22.0,0.64,5.0,0.75,5.0,0.79,50.0,0.1,0.1,617.555,1776215724000
1776215726.155,26.155,0.25,5.0,0.21,50.0,0.35,22.0,0.36,5.0,0.65,22.0,0.64,5.0,0.75,5.0,0.79,50.0,0.1,0.1,617.555,1776215725000
1776215727.025,27.025,0.25,5.0,0.21,50.0,0.35,22.0,0.36,5.0,0.65,22.0,0.64,5.0,0.75,5.0,0.79,50.0,0.1,0.1,617.58,1776215726000
1776215728.0,28.0,0.25,5.0,0.21,50.0,0.35,22.0,0.36,5.0,0.65,22.0,0.64,5.0,0.75,5.0,0.79,50.0,0.1,0.1,617.58,1776215727000
1776215728.999,28.999,0.25,5.0,0.21,50.0,0.35,22.0,0.36,5.0,0.65,22.0,0.64,5.0,0.75,5.0,0.79,50.0,0.1,0.1,617.586,1776215728000
1776215730.059,30.059,0.25,5.0,0.21,50.0,0.35,22.0,0.36,5.0,0.65,22.0,0.64,5.0,0.75,5.0,0.79,50.0,0.1,0.1,617.58,1776215729000
1776215731.015,31.015,0.25,5.0,0.21,50.0,0.35,22.0,0.36,5.0,0.65,22.0,0.64,5.0,0.75,5.0,0.79,50.0,0.1,0.1,617.58,1776215730000
1776215731.904,31.904,0.25,5.0,0.21,50.0,0.35,22.0,0.36,5.0,0.65,22.0,0.64,5.0,0.75,5.0,0.79,50.0,0.1,0.1,617.58,1776215731000
1776215732.914,32.914,0.25,5.0,0.21,50.0,0.35,22.0,0.36,5.0,0.65,22.0,0.64,5.0,0.75,5.0,0.79,50.0,0.1,0.1,617.561,1776215732000
1776215733.913,33.913,0.25,5.0,0.21,50.0,0.35,22.0,0.36,5.0,0.65,22.0,0.64,5.0,0.75,5.0,0.79,50.0,0.1,0.1,617.54812,1776215733000
1776215734.972,34.972,0.25,5.0,0.21,50.0,0.35,22.0,0.36,5.0,0.65,22.0,0.64,5.0,0.75,5.0,0.79,50.0,0.1,0.1,617.54671,1776215734000
1776215736.801,36.801,0.25,5.0,0.21,50.0,0.35,22.0,0.36,5.0,0.65,22.0,0.64,5.0,0.75,5.0,0.79,50.0,0.1,0.1,617.53644,1776215735000
1776215737.326,37.326,0.25,5.0,0.21,50.0,0.35,22.0,0.36,5.0,0.65,22.0,0.64,5.0,0.75,5.0,0.79,50.0,0.1,0.1,617.53855,1776215736000
1776215737.947,37.947,0.25,5.0,0.21,50.0,0.35,22.0,0.36,5.0,0.65,22.0,0.64,5.0,0.75,5.0,0.79,50.0,0.1,0.1,617.53098,1776215737000
1776215739.216,39.216,0.25,5.0,0.21,50.0,0.35,22.0,0.36,5.0,0.65,22.0,0.64,5.0,0.75,5.0,0.79,50.0,0.1,0.1,617.533554,1776215738000
1776215740.455,40.455,0.25,5.0,0.21,50.0,0.35,22.0,0.36,5.0,0.65,22.0,0.64,5.0,0.75,5.0,0.79,50.0,0.1,0.1,617.529,1776215739000
1776215741.036,41.036,0.25,5.0,0.21,50.0,0.35,22.0,0.36,5.0,0.65,22.0,0.64,5.0,0.75,5.0,0.79,50.0,0.1,0.1,617.529,1776215740000
1776215742.197,42.197,0.25,5.0,0.21,50.0,0.35,22.0,0.36,5.0,0.65,22.0,0.64,5.0,0.75,5.0,0.79,50.0,0.1,0.1,617.529,1776215741000
1776215743.289,43.289,0.25,5.0,0.21,50.0,0.35,22.0,0.36,5.0,0.65,22.0,0.64,5.0,0.75,5.0,0.79,50.0,0.1,0.1,617.512,1776215742000
1776215744.506,44.506,0.25,5.0,0.21,50.0,0.35,22.0,0.36,5.0,0.65,22.0,0.64,5.0,0.75,5.0,0.79,50.0,0.1,0.1,617.485315,1776215743000
1776215745.142,45.142,0.25,5.0,0.21,50.0,0.35,22.0,0.36,5.0,0.65,22.0,0.64,5.0,0.75,5.0,0.79,50.0,0.1,0.1,617.47,1776215744000
1776215746.205,46.205,0.25,5.0,0.21,50.0,0.35,22.0,0.36,5.0,0.65,22.0,0.64,5.0,0.75,5.0,0.79,50.0,0.1,0.1,617.48852,1776215745000
1776215747.442,47.442,0.25,5.0,0.21,50.0,0.35,22.0,0.36,5.0,0.65,22.0,0.64,5.0,0.75,5.0,0.79,50.0,0.1,0.1,617.507,1776215746000
1776215747.996,47.996,0.25,5.0,0.21,50.0,0.35,22.0,0.36,5.0,0.65,22.0,0.64,5.0,0.75,5.0,0.79,50.0,0.1,0.1,617.507,1776215747000
1776215749.233,49.233,0.25,5.0,0.21,50.0,0.35,22.0,0.36,5.0,0.65,22.0,0.64,5.0,0.75,5.0,0.79,50.0,0.1,0.1,617.522,1776215748000
1776215750.172,50.172,0.25,5.0,0.21,50.0,0.35,22.0,0.36,5.0,0.65,22.0,0.64,5.0,0.75,5.0,0.79,50.0,0.1,0.1,617.501966,1776215749000
1776215751.761,51.761,0.25,5.0,0.21,50.0,0.35,22.0,0.36,5.0,0.65,22.0,0.64,5.0,0.75,5.0,0.79,50.0,0.1,0.1,617.456878,1776215750000
1776215752.324,52.324,0.25,5.0,0.21,50.0,0.35,22.0,0.36,5.0,0.65,22.0,0.64,5.0,0.75,5.0,0.79,50.0,0.1,0.1,617.45424,1776215751000
1776215752.98,52.98,0.25,5.0,0.21,50.0,0.35,22.0,0.36,5.0,0.65,22.0,0.64,5.0,0.75,5.0,0.79,50.0,0.1,0.1,617.463289,1776215752000
1776215753.938,53.938,0.25,5.0,0.21,50.0,0.35,22.0,0.36,5.0,0.65,22.0,0.64,5.0,0.75,5.0,0.79,50.0,0.1,0.1,617.48257,1776215753000
1776215754.943,54.943,0.25,5.0,0.21,50.0,0.35,22.0,0.36,5.0,0.65,22.0,0.64,5.0,0.75,5.0,0.79,50.0,0.1,0.1,617.484507,1776215754000
1776215755.89,55.89,0.25,5.0,0.21,50.0,0.35,22.0,0.36,5.0,0.65,22.0,0.64,5.0,0.75,5.0,0.79,50.0,0.1,0.1,617.484505,1776215755000
1776215756.98,56.98,0.25,5.0,0.21,50.0,0.35,22.0,0.36,5.0,0.65,22.0,0.64,5.0,0.75,5.0,0.79,50.0,0.1,0.1,617.45934,1776215756000
1776215757.966,57.966,0.25,5.0,0.21,50.0,0.35,22.0,0.36,5.0,0.65,22.0,0.64,5.0,0.75,5.0,0.79,50.0,0.1,0.1,617.441937,1776215757000
1776215759.438,59.438,0.25,5.0,0.21,50.0,0.35,22.0,0.36,5.0,0.65,22.0,0.64,5.0,0.75,5.0,0.79,50.0,0.1,0.1,617.421,1776215758000
1776215760.049,60.049,0.25,5.0,0.21,50.0,0.35,22.0,0.36,5.0,0.65,22.0,0.64,5.0,0.75,5.0,0.79,50.0,0.1,0.1,617.421,1776215759000
1776215761.199,61.199,0.25,5.0,0.21,50.0,0.35,22.0,0.36,5.0,0.65,22.0,0.64,5.0,0.75,5.0,0.79,50.0,0.1,0.1,617.433,1776215760000
1776215762.504,62.504,0.25,5.0,0.21,50.0,0.35,22.0,0.36,5.0,0.65,22.0,0.64,5.0,0.75,5.0,0.79,50.0,0.1,0.1,617.428,1776215761000
1776215763.044,63.044,0.25,5.0,0.21,50.0,0.35,22.0,0.36,5.0,0.65,22.0,0.64,5.0,0.75,5.0,0.79,50.0,0.1,0.1,617.427,1776215762000
1776215764.069,64.069,0.25,5.0,0.21,50.0,0.35,22.0,0.36,5.0,0.65,22.0,0.64,5.0,0.75,5.0,0.79,50.0,0.1,0.1,617.429,1776215763000
1776215765.223,65.223,0.25,5.0,0.21,50.0,0.35,22.0,0.36,5.0,0.65,22.0,0.64,5.0,0.75,5.0,0.79,50.0,0.1,0.1,617.429,1776215764000
1776215766.293,66.293,0.25,5.0,0.21,50.0,0.35,22.0,0.36,5.0,0.65,22.0,0.64,5.0,0.75,5.0,0.79,50.0,0.1,0.1,617.427,1776215765000
1776215767.346,67.346,0.25,5.0,0.21,50.0,0.35,22.0,0.36,5.0,0.65,22.0,0.64,5.0,0.75,5.0,0.79,50.0,0.1,0.1,617.436,1776215766000
1776215767.861,67.861,0.25,5.0,0.21,50.0,0.35,22.0,0.36,5.0,0.65,22.0,0.64,5.0,0.75,5.0,0.79,50.0,0.1,0.1,617.436,1776215767000
1776215768.842,68.842,0.25,5.0,0.21,50.0,0.35,22.0,0.36,5.0,0.65,22.0,0.64,5.0,0.75,5.0,0.79,50.0,0.1,0.1,617.436,1776215768000
1776215769.083,69.083,0.3,5.0,0.24,8.0,0.47,2.0,0.48,19.41,0.65,22.0,0.64,5.0,0.75,5.0,0.79,50.0,0.17,0.1,617.436,1776215768000
1776215769.823,69.823,0.37,5.0,0.32,5.0,0.48,24.41,0.49,5.0,0.52,19.41,0.51,10.0,0.53,5.0,0.72,10.0,0.11,0.01,617.436,1776215768000
1776215770.387,70.387,0.32,5.0,0.25,13.9,0.43,14.0,0.44,5.0,0.52,24.41,0.51,5.0,0.63,5.0,0.68,5.0,0.11,0.11,617.433,1776215769000
1776215770.944,70.944,0.32,5.0,0.25,13.9,0.43,14.0,0.44,5.0,0.57,14.0,0.56,5.0,0.68,5.0,0.75,13.9,0.11,0.11,617.522686,1776215770000
1776215771.89,71.89,0.32,5.0,0.25,13.9,0.43,14.0,0.44,5.0,0.57,14.0,0.56,5.0,0.68,5.0,0.75,13.9,0.11,0.11,617.61282,1776215771000
1776215772.878,72.878,0.32,5.0,0.25,13.9,0.43,14.0,0.44,5.0,0.57,14.0,0.56,5.0,0.68,5.0,0.75,13.9,0.11,0.11,617.60419,1776215772000
1776215773.96,73.96,0.32,5.0,0.25,13.9,0.43,14.0,0.44,5.0,0.57,14.0,0.56,5.0,0.68,5.0,0.75,13.9,0.11,0.11,617.61657,1776215773000
1776215774.933,74.933,0.32,5.0,0.25,13.9,0.43,14.0,0.44,5.0,0.57,14.0,0.56,5.0,0.68,5.0,0.75,13.9,0.11,0.11,617.55973,1776215774000
1776215776.071,76.071,0.32,5.0,0.25,13.9,0.43,14.0,0.44,5.0,0.57,14.0,0.56,5.0,0.68,5.0,0.75,13.9,0.11,0.11,617.52855,1776215775000
1776215777.149,77.149,0.32,5.0,0.25,13.9,0.43,14.0,0.44,5.0,0.57,14.0,0.56,5.0,0.68,5.0,0.75,13.9,0.11,0.11,617.51959,1776215776000
1776215778.16,78.16,0.32,5.0,0.25,13.9,0.43,14.0,0.44,5.0,0.57,14.0,0.56,5.0,0.68,5.0,0.75,13.9,0.11,0.11,617.524,1776215777000
1776215779.944,79.944,0.32,5.0,0.25,13.9,0.43,14.0,0.44,5.0,0.57,14.0,0.56,5.0,0.68,5.0,0.75,13.9,0.11,0.11,617.621,1776215778000
1776215780.501,80.501,0.32,5.0,0.25,13.9,0.43,14.0,0.44,5.0,0.57,14.0,0.56,5.0,0.68,5.0,0.75,13.9,0.11,0.11,617.62883,1776215779000
1776215781.272,81.272,0.32,5.0,0.25,13.9,0.43,14.0,0.44,5.0,0.57,14.0,0.56,5.0,0.68,5.0,0.75,13.9,0.11,0.11,617.62883,1776215780000
1776215782.143,82.143,0.32,5.0,0.25,13.9,0.43,14.0,0.44,5.0,0.57,14.0,0.56,5.0,0.68,5.0,0.75,13.9,0.11,0.11,617.628506,1776215781000
1776215783.237,83.237,0.32,5.0,0.25,13.9,0.43,14.0,0.44,5.0,0.57,14.0,0.56,5.0,0.68,5.0,0.75,13.9,0.11,0.11,617.637,1776215782000
1776215784.307,84.307,0.32,5.0,0.25,13.9,0.43,14.0,0.44,5.0,0.57,14.0,0.56,5.0,0.68,5.0,0.75,13.9,0.11,0.11,617.628,1776215783000
1776215785.4,85.4,0.32,5.0,0.25,13.9,0.43,14.0,0.44,5.0,0.57,14.0,0.56,5.0,0.68,5.0,0.75,13.9,0.11,0.11,617.64525,1776215784000
1776215786.018,86.018,0.32,5.0,0.25,13.9,0.43,14.0,0.44,5.0,0.57,14.0,0.56,5.0,0.68,5.0,0.75,13.9,0.11,0.11,617.6376,1776215785000
1776215787.047,87.047,0.32,5.0,0.25,13.9,0.43,14.0,0.44,5.0,0.57,14.0,0.56,5.0,0.68,5.0,0.75,13.9,0.11,0.11,617.624062,1776215786000
1776215788.116,88.116,0.32,5.0,0.25,13.9,0.43,14.0,0.44,5.0,0.57,14.0,0.56,5.0,0.68,5.0,0.75,13.9,0.11,0.11,617.619,1776215787000
1776215789.277,89.277,0.32,5.0,0.25,13.9,0.43,14.0,0.44,5.0,0.57,14.0,0.56,5.0,0.68,5.0,0.75,13.9,0.11,0.11,617.603,1776215788000
1776215790.387,90.387,0.32,5.0,0.25,13.9,0.43,14.0,0.44,5.0,0.57,14.0,0.56,5.0,0.68,5.0,0.75,13.9,0.11,0.11,617.604,1776215789000
1776215790.877,90.877,0.32,5.0,0.25,13.9,0.43,14.0,0.44,5.0,0.57,14.0,0.56,5.0,0.68,5.0,0.75,13.9,0.11,0.11,617.604,1776215790000
1776215791.949,91.949,0.32,5.0,0.25,13.9,0.43,14.0,0.44,5.0,0.57,14.0,0.56,5.0,0.68,5.0,0.75,13.9,0.11,0.11,617.61,1776215791000
1776215793.069,93.069,0.32,5.0,0.25,13.9,0.43,14.0,0.44,5.0,0.57,14.0,0.56,5.0,0.68,5.0,0.75,13.9,0.11,0.11,617.602,1776215792000
1776215794.135,94.135,0.32,5.0,0.25,13.9,0.43,14.0,0.44,5.0,0.57,14.0,0.56,5.0,0.68,5.0,0.75,13.9,0.11,0.11,617.587,1776215793000
1776215794.945,94.945,0.32,5.0,0.25,13.9,0.43,14.0,0.44,5.0,0.57,14.0,0.56,5.0,0.68,5.0,0.75,13.9,0.11,0.11,617.586,1776215794000
1776215796.126,96.126,0.32,5.0,0.25,13.9,0.43,14.0,0.44,5.0,0.57,14.0,0.56,5.0,0.68,5.0,0.75,13.9,0.11,0.11,617.589,1776215795000
1776215797.284,97.284,0.32,5.0,0.25,13.9,0.43,14.0,0.44,5.0,0.57,14.0,0.56,5.0,0.68,5.0,0.75,13.9,0.11,0.11,617.609955,1776215796000
1776215798.343,98.343,0.32,5.0,0.25,13.9,0.43,14.0,0.44,5.0,0.57,14.0,0.56,5.0,0.68,5.0,0.75,13.9,0.11,0.11,617.656,1776215797000
1776215798.967,98.967,0.32,5.0,0.25,13.9,0.43,14.0,0.44,5.0,0.57,14.0,0.56,5.0,0.68,5.0,0.75,13.9,0.11,0.11,617.656,1776215798000
1776215800.568,100.568,0.32,5.0,0.25,13.9,0.43,14.0,0.44,5.0,0.57,14.0,0.56,5.0,0.68,5.0,0.75,13.9,0.11,0.11,617.668,1776215799000
1776215801.116,101.116,0.32,5.0,0.25,13.9,0.43,14.0,0.44,5.0,0.57,14.0,0.56,5.0,0.68,5.0,0.75,13.9,0.11,0.11,617.668,1776215800000
1776215802.303,102.303,0.32,5.0,0.25,13.9,0.43,14.0,0.44,5.0,0.57,14.0,0.56,5.0,0.68,5.0,0.75,13.9,0.11,0.11,617.63323,1776215801000
1776215803.457,103.457,0.32,5.0,0.25,13.9,0.43,14.0,0.44,5.0,0.57,14.0,0.56,5.0,0.68,5.0,0.75,13.9,0.11,0.11,617.634,1776215802000
1776215804.153,104.153,0.32,5.0,0.25,13.9,0.43,14.0,0.44,5.0,0.57,14.0,0.56,5.0,0.68,5.0,0.75,13.9,0.11,0.11,617.634,1776215803000
1776215805.517,105.517,0.32,5.0,0.25,13.9,0.43,14.0,0.44,5.0,0.57,14.0,0.56,5.0,0.68,5.0,0.75,13.9,0.11,0.11,617.648,1776215804000
1776215806.108,106.108,0.32,5.0,0.25,13.9,0.43,14.0,0.44,5.0,0.57,14.0,0.56,5.0,0.68,5.0,0.75,13.9,0.11,0.11,617.648,1776215805000
1776215807.405,107.405,0.32,5.0,0.25,13.9,0.43,14.0,0.44,5.0,0.57,14.0,0.56,5.0,0.68,5.0,0.75,13.9,0.11,0.11,617.66871,1776215806000
1776215807.957,107.957,0.4,20.8,0.39,10.9,0.48,12.88,0.49,5.0,0.52,12.88,0.51,5.0,0.6,20.8,0.61,10.9,0.08,0.08,617.66871,1776215807000
1776215809.242,109.242,0.4,20.8,0.39,10.9,0.48,12.88,0.49,5.0,0.52,12.88,0.51,5.0,0.6,20.8,0.61,10.9,0.08,0.08,617.668,1776215808000
1776215812.35,112.35,0.4,20.8,0.39,10.9,0.48,12.88,0.49,5.0,0.52,12.88,0.51,5.0,0.6,20.8,0.61,10.9,0.08,0.08,617.701,1776215811000
1776215812.96,112.96,0.4,20.8,0.39,10.9,0.48,12.88,0.49,5.0,0.52,12.88,0.51,5.0,0.6,20.8,0.61,10.9,0.08,0.08,617.693,1776215812000
1776215814.142,114.142,0.4,20.8,0.39,10.9,0.48,12.88,0.49,5.0,0.52,12.88,0.51,5.0,0.6,20.8,0.61,10.9,0.08,0.08,617.695,1776215813000
1776215815.271,115.271,0.4,20.8,0.39,10.9,0.48,12.88,0.49,5.0,0.52,12.88,0.51,5.0,0.6,20.8,0.61,10.9,0.08,0.08,617.691,1776215814000
1776215816.427,116.427,0.4,20.8,0.39,10.9,0.48,12.88,0.49,5.0,0.52,12.88,0.51,5.0,0.6,20.8,0.61,10.9,0.08,0.08,617.69,1776215815000
1776215817.109,117.109,0.4,20.8,0.39,10.9,0.48,12.88,0.49,5.0,0.52,12.88,0.51,5.0,0.6,20.8,0.61,10.9,0.08,0.08,617.69,1776215816000
1776215818.16,118.16,0.4,20.8,0.39,10.9,0.48,12.88,0.49,5.0,0.52,12.88,0.51,5.0,0.6,20.8,0.61,10.9,0.08,0.08,617.658,1776215817000
1776215819.337,119.337,0.4,20.8,0.39,10.9,0.48,12.88,0.49,5.0,0.52,12.88,0.51,5.0,0.6,20.8,0.61,10.9,0.08,0.08,617.58,1776215818000
1776215820.449,120.449,0.4,20.8,0.39,10.9,0.48,12.88,0.49,5.0,0.52,12.88,0.51,5.0,0.6,20.8,0.61,10.9,0.08,0.08,617.59,1776215819000
1776215821.088,121.088,0.4,20.8,0.39,10.9,0.48,12.88,0.49,5.0,0.52,12.88,0.51,5.0,0.6,20.8,0.61,10.9,0.08,0.08,617.59,1776215820000
1776215822.168,122.168,0.4,20.8,0.39,10.9,0.48,12.88,0.49,5.0,0.52,12.88,0.51,5.0,0.6,20.8,0.61,10.9,0.08,0.08,617.582097,1776215821000
1776215823.191,123.191,0.4,20.8,0.39,10.9,0.48,12.88,0.49,5.0,0.52,12.88,0.51,5.0,0.6,20.8,0.61,10.9,0.08,0.08,617.585,1776215822000
1776215824.208,124.208,0.4,20.8,0.39,10.9,0.48,12.88,0.49,5.0,0.52,12.88,0.51,5.0,0.6,20.8,0.61,10.9,0.08,0.08,617.615,1776215823000
1776215825.402,125.402,0.4,20.8,0.39,10.9,0.48,12.88,0.49,5.0,0.52,12.88,0.51,5.0,0.6,20.8,0.61,10.9,0.08,0.08,617.618,1776215824000
1776215825.961,125.961,0.4,20.8,0.39,10.9,0.48,12.88,0.49,5.0,0.52,12.88,0.51,5.0,0.6,20.8,0.61,10.9,0.08,0.08,617.618,1776215825000
1776215827.13,127.13,0.4,20.8,0.39,10.9,0.48,12.88,0.49,5.0,0.52,12.88,0.51,5.0,0.6,20.8,0.61,10.9,0.08,0.08,617.623,1776215826000
1776215828.081,128.081,0.4,20.8,0.39,10.9,0.48,12.88,0.49,5.0,0.52,12.88,0.51,5.0,0.6,20.8,0.61,10.9,0.08,0.08,617.623,1776215827000
1776215829.056,129.056,0.4,20.8,0.39,10.9,0.48,12.88,0.49,5.0,0.52,12.88,0.51,5.0,0.6,20.8,0.61,10.9,0.08,0.08,617.571,1776215828000
1776215830.076,130.076,0.4,20.8,0.39,10.9,0.48,12.88,0.49,5.0,0.52,12.88,0.51,5.0,0.6,20.8,0.61,10.9,0.08,0.08,617.571,1776215829000
1776215831.0,131.0,0.4,20.8,0.39,10.9,0.48,12.88,0.49,5.0,0.52,12.88,0.51,5.0,0.6,20.8,0.61,10.9,0.08,0.08,617.56,1776215830000
1776215831.941,131.941,0.4,20.8,0.39,10.9,0.48,12.88,0.49,5.0,0.52,12.88,0.51,5.0,0.6,20.8,0.61,10.9,0.08,0.08,617.554,1776215831000
1776215832.901,132.901,0.4,20.8,0.39,10.9,0.48,12.88,0.49,5.0,0.52,12.88,0.51,5.0,0.6,20.8,0.61,10.9,0.08,0.08,617.554,1776215832000
1776215833.863,133.863,0.4,20.8,0.39,10.9,0.48,12.88,0.49,5.0,0.52,12.88,0.51,5.0,0.6,20.8,0.61,10.9,0.08,0.08,617.568,1776215833000
1776215834.833,134.833,0.4,20.8,0.39,10.9,0.48,12.88,0.49,5.0,0.52,12.88,0.51,5.0,0.6,20.8,0.61,10.9,0.08,0.08,617.636,1776215834000
1776215836.266,136.266,0.4,20.8,0.39,10.9,0.48,12.88,0.49,5.0,0.52,12.88,0.51,5.0,0.6,20.8,0.61,10.9,0.08,0.08,617.635,1776215835000
1776215837.323,137.323,0.4,20.8,0.39,10.9,0.48,12.88,0.49,5.0,0.52,12.88,0.51,5.0,0.6,20.8,0.61,10.9,0.08,0.08,617.631,1776215836000
1776215838.224,138.224,0.4,20.8,0.39,10.9,0.48,12.88,0.49,5.0,0.52,12.88,0.51,5.0,0.6,20.8,0.61,10.9,0.08,0.08,617.634,1776215837000
1776215839.753,139.753,0.4,20.8,0.39,10.9,0.48,12.88,0.49,5.0,0.52,12.88,0.51,5.0,0.6,20.8,0.61,10.9,0.08,0.08,617.63005,1776215838000
1776215840.271,140.271,0.4,20.8,0.39,10.9,0.48,12.88,0.49,5.0,0.52,12.88,0.51,5.0,0.6,20.8,0.61,10.9,0.08,0.08,617.63513,1776215839000
1776215841.55,141.55,0.4,20.8,0.39,10.9,0.48,12.88,0.49,5.0,0.52,12.88,0.51,5.0,0.6,20.8,0.61,10.9,0.08,0.08,617.637,1776215840000
1776215842.112,142.112,0.4,20.8,0.39,10.9,0.48,12.88,0.49,5.0,0.52,12.88,0.51,5.0,0.6,20.8,0.61,10.9,0.08,0.08,617.63423,1776215841000
1776215843.25,143.25,0.4,20.8,0.39,10.9,0.48,12.88,0.49,5.0,0.52,12.88,0.51,5.0,0.6,20.8,0.61,10.9,0.08,0.08,617.59356,1776215842000
1776215844.197,144.197,0.4,20.8,0.39,10.9,0.48,12.88,0.49,5.0,0.52,12.88,0.51,5.0,0.6,20.8,0.61,10.9,0.08,0.08,617.59464,1776215843000
1776215845.272,145.272,0.4,20.8,0.39,10.9,0.48,12.88,0.49,5.0,0.52,12.88,0.51,5.0,0.6,20.8,0.61,10.9,0.08,0.08,617.58683,1776215844000
1776215846.324,146.324,0.4,20.8,0.39,10.9,0.48,12.88,0.49,5.0,0.52,12.88,0.51,5.0,0.6,20.8,0.61,10.9,0.08,0.08,617.58234,1776215845000
1776215847.396,147.396,0.4,20.8,0.39,10.9,0.48,12.88,0.49,5.0,0.52,12.88,0.51,5.0,0.6,20.8,0.61,10.9,0.08,0.08,617.57477,1776215846000
1776215847.907,147.907,0.4,20.8,0.39,10.9,0.48,12.88,0.49,5.0,0.52,12.88,0.51,5.0,0.6,20.8,0.61,10.9,0.08,0.08,617.58883,1776215847000
1776215848.956,148.956,0.4,20.8,0.39,10.9,0.48,12.88,0.49,5.0,0.52,12.88,0.51,5.0,0.6,20.8,0.61,10.9,0.08,0.08,617.58384,1776215848000
1776215850.123,150.123,0.4,20.8,0.39,10.9,0.48,12.88,0.49,5.0,0.52,12.88,0.51,5.0,0.6,20.8,0.61,10.9,0.08,0.08,617.59771,1776215849000
1776215851.126,151.126,0.4,20.8,0.39,10.9,0.48,12.88,0.49,5.0,0.52,12.88,0.51,5.0,0.6,20.8,0.61,10.9,0.08,0.08,617.588204,1776215850000
1776215852.24,152.24,0.4,20.8,0.39,10.9,0.48,12.88,0.49,5.0,0.52,12.88,0.51,5.0,0.6,20.8,0.61,10.9,0.08,0.08,617.59444,1776215851000
1776215853.89,153.89,0.4,20.8,0.39,10.9,0.48,12.88,0.49,5.0,0.52,12.88,0.51,5.0,0.6,20.8,0.61,10.9,0.08,0.08,617.59357,1776215852000
1776215854.779,154.779,0.4,20.8,0.39,10.9,0.48,12.88,0.49,5.0,0.52,12.88,0.51,5.0,0.6,20.8,0.61,10.9,0.08,0.08,617.589,1776215853000
1776215855.521,155.521,0.4,20.8,0.39,10.9,0.48,12.88,0.49,5.0,0.52,12.88,0.51,5.0,0.6,20.8,0.61,10.9,0.08,0.08,617.59957,1776215854000
1776215856.184,156.184,0.4,20.8,0.39,10.9,0.48,12.88,0.49,5.0,0.52,12.88,0.51,5.0,0.6,20.8,0.61,10.9,0.08,0.08,617.60931,1776215855000
1776215857.599,157.599,0.4,20.8,0.39,10.9,0.48,12.88,0.49,5.0,0.52,12.88,0.51,5.0,0.6,20.8,0.61,10.9,0.08,0.08,617.605,1776215856000
1776215858.16,158.16,0.4,20.8,0.39,10.9,0.48,12.88,0.49,5.0,0.52,12.88,0.51,5.0,0.6,20.8,0.61,10.9,0.08,0.08,617.603,1776215857000
1776215859.368,159.368,0.4,20.8,0.39,10.9,0.48,12.88,0.49,5.0,0.52,12.88,0.51,5.0,0.6,20.8,0.61,10.9,0.08,0.08,617.613,1776215858000
1776215859.995,159.995,0.4,20.8,0.39,10.9,0.48,12.88,0.49,5.0,0.52,12.88,0.51,5.0,0.6,20.8,0.61,10.9,0.08,0.08,617.613,1776215859000
1776215861.047,161.047,0.4,20.8,0.39,10.9,0.48,12.88,0.49,5.0,0.52,12.88,0.51,5.0,0.6,20.8,0.61,10.9,0.08,0.08,617.573125,1776215860000
1776215862.213,162.213,0.4,20.8,0.39,10.9,0.48,12.88,0.49,5.0,0.52,12.88,0.51,5.0,0.6,20.8,0.61,10.9,0.08,0.08,617.544,1776215861000
1776215863.298,163.298,0.4,20.8,0.39,10.9,0.48,12.88,0.49,5.0,0.52,12.88,0.51,5.0,0.6,20.8,0.61,10.9,0.08,0.08,617.556,1776215862000
1776215864.467,164.467,0.4,20.8,0.39,10.9,0.48,12.88,0.49,5.0,0.52,12.88,0.51,5.0,0.6,20.8,0.61,10.9,0.08,0.08,617.554,1776215863000
1776215865.085,165.085,0.4,20.8,0.39,10.9,0.48,12.88,0.49,5.0,0.52,12.88,0.51,5.0,0.6,20.8,0.61,10.9,0.08,0.08,617.554,1776215864000
1776215866.34,166.34,0.4,20.8,0.39,10.9,0.48,12.88,0.49,5.0,0.52,12.88,0.51,5.0,0.6,20.8,0.61,10.9,0.08,0.08,617.556,1776215865000
1776215867.405,167.405,0.4,20.8,0.39,10.9,0.48,12.88,0.49,5.0,0.52,12.88,0.51,5.0,0.6,20.8,0.61,10.9,0.08,0.08,617.556,1776215866000
1776215867.951,167.951,0.4,20.8,0.39,10.9,0.48,12.88,0.49,5.0,0.52,12.88,0.51,5.0,0.6,20.8,0.61,10.9,0.08,0.08,617.556,1776215867000
1776215869.6,169.6,0.4,20.8,0.39,10.9,0.48,12.88,0.49,5.0,0.52,12.88,0.51,5.0,0.6,20.8,0.61,10.9,0.08,0.08,617.569,1776215868000
1776215870.069,170.069,0.4,20.8,0.39,10.9,0.48,12.88,0.49,5.0,0.52,12.88,0.51,5.0,0.6,20.8,0.61,10.9,0.08,0.08,617.575603,1776215869000
1776215871.182,171.182,0.4,20.8,0.39,10.9,0.48,12.88,0.49,5.0,0.52,12.88,0.51,5.0,0.6,20.8,0.61,10.9,0.08,0.08,617.593,1776215870000
1776215872.324,172.324,0.4,20.8,0.39,10.9,0.48,12.88,0.49,5.0,0.52,12.88,0.51,5.0,0.6,20.8,0.61,10.9,0.08,0.08,617.593,1776215871000
1776215873.363,173.363,0.4,20.8,0.39,10.9,0.48,12.88,0.49,5.0,0.52,12.88,0.51,5.0,0.6,20.8,0.61,10.9,0.08,0.08,617.607,1776215872000
1776215873.864,173.864,0.4,20.8,0.39,10.9,0.48,12.88,0.49,5.0,0.52,12.88,0.51,5.0,0.6,20.8,0.61,10.9,0.08,0.08,617.607,1776215873000
1776215875.026,175.026,0.4,20.8,0.39,10.9,0.48,12.88,0.49,5.0,0.52,12.88,0.51,5.0,0.6,20.8,0.61,10.9,0.08,0.08,617.604,1776215874000
1776215876.057,176.057,0.4,20.8,0.39,10.9,0.48,12.88,0.49,5.0,0.52,12.88,0.51,5.0,0.6,20.8,0.61,10.9,0.08,0.08,617.605,1776215875000
1776215877.158,177.158,0.4,20.8,0.39,10.9,0.48,12.88,0.49,5.0,0.52,12.88,0.51,5.0,0.6,20.8,0.61,10.9,0.08,0.08,617.604,1776215876000
1776215878.315,178.315,0.4,20.8,0.39,10.9,0.48,12.88,0.49,5.0,0.52,12.88,0.51,5.0,0.6,20.8,0.61,10.9,0.08,0.08,617.604,1776215877000
1776215879.295,179.295,0.4,20.8,0.39,10.9,0.48,12.88,0.49,5.0,0.52,12.88,0.51,5.0,0.6,20.8,0.61,10.9,0.08,0.08,617.606,1776215878000
1776215879.861,179.861,0.4,20.8,0.39,10.9,0.48,12.88,0.49,5.0,0.52,12.88,0.51,5.0,0.6,20.8,0.61,10.9,0.08,0.08,617.523292,1776215879000
1776215880.955,180.955,0.4,20.8,0.39,10.9,0.48,12.88,0.49,5.0,0.52,12.88,0.51,5.0,0.6,20.8,0.61,10.9,0.08,0.08,617.478,1776215880000
1776215881.206,181.206,0.13,20.69,0.12,24.6,0.2,5.0,0.23,5.0,0.52,12.88,0.51,5.0,0.6,20.8,0.61,10.9,0.07,0.08,617.478,1776215880000
1776215882.123,182.123,0.13,20.69,0.12,24.6,0.2,5.0,0.23,5.0,0.8,5.0,0.77,5.0,0.87,20.69,0.88,24.6,0.07,0.07,617.429,1776215881000
1776215882.803,182.803,0.13,18.56,0.12,24.6,0.2,5.0,0.22,5.0,0.8,5.0,0.77,5.0,0.87,20.69,0.88,24.6,0.07,0.07,617.429,1776215881000
1776215883.799,183.799,0.13,18.56,0.12,24.6,0.2,5.0,0.22,5.0,0.8,5.0,0.78,5.0,0.87,18.56,0.88,24.6,0.07,0.07,617.408,1776215882000
1776215884.304,184.304,0.13,18.56,0.12,24.6,0.2,5.0,0.22,5.0,0.8,5.0,0.78,5.0,0.87,18.56,0.88,24.6,0.07,0.07,617.41789,1776215883000
1776215885.093,185.093,0.13,18.56,0.12,24.6,0.2,5.0,0.22,5.0,0.8,5.0,0.78,5.0,0.87,18.56,0.88,24.6,0.07,0.07,617.41783,1776215884000
1776215886.332,186.332,0.13,18.56,0.12,24.6,0.2,5.0,0.22,5.0,0.8,5.0,0.78,5.0,0.87,18.56,0.88,24.6,0.07,0.07,617.405,1776215885000
1776215886.854,186.854,0.13,18.56,0.12,24.6,0.2,5.0,0.22,5.0,0.8,5.0,0.78,5.0,0.87,18.56,0.88,24.6,0.07,0.07,617.405,1776215886000
1776215888.206,188.206,0.13,18.56,0.12,24.6,0.2,5.0,0.22,5.0,0.8,5.0,0.78,5.0,0.87,18.56,0.88,24.6,0.07,0.07,617.407,1776215887000
1776215889.45,189.45,0.13,18.56,0.12,24.6,0.2,5.0,0.22,5.0,0.8,5.0,0.78,5.0,0.87,18.56,0.88,24.6,0.07,0.07,617.407,1776215888000
1776215889.985,189.985,0.13,18.56,0.12,24.6,0.2,5.0,0.22,5.0,0.8,5.0,0.78,5.0,0.87,18.56,0.88,24.6,0.07,0.07,617.407,1776215889000
1776215891.232,191.232,0.13,18.56,0.12,24.6,0.2,5.0,0.22,5.0,0.8,5.0,0.78,5.0,0.87,18.56,0.88,24.6,0.07,0.07,617.401,1776215890000
1776215892.051,192.051,0.12,24.6,0.11,26.6,0.22,12.7,0.23,14.7,0.8,5.0,0.78,5.0,0.87,18.56,0.88,24.6,0.1,0.07,617.401,1776215890000
1776215892.396,192.396,0.12,24.6,0.11,26.6,0.22,12.7,0.23,14.7,0.78,12.7,0.77,14.7,0.88,24.6,0.89,26.6,0.1,0.1,617.407,1776215891000
1776215892.943,192.943,0.12,24.6,0.11,26.6,0.22,12.7,0.23,14.7,0.78,12.7,0.77,14.7,0.88,24.6,0.89,26.6,0.1,0.1,617.407,1776215892000
1776215894.187,194.187,0.12,24.6,0.11,26.6,0.22,12.7,0.23,14.7,0.78,12.7,0.77,14.7,0.88,24.6,0.89,26.6,0.1,0.1,617.404,1776215893000
1776215895.531,195.531,0.12,24.6,0.11,26.6,0.22,12.7,0.23,14.7,0.78,12.7,0.77,14.7,0.88,24.6,0.89,26.6,0.1,0.1,617.403,1776215894000
1776215896.097,196.097,0.12,24.6,0.11,26.6,0.22,12.7,0.23,14.7,0.78,12.7,0.77,14.7,0.88,24.6,0.89,26.6,0.1,0.1,617.399,1776215895000
1776215897.14,197.14,0.12,24.6,0.11,26.6,0.22,12.7,0.23,14.7,0.78,12.7,0.77,14.7,0.88,24.6,0.89,26.6,0.1,0.1,617.390597,1776215896000
1776215898.52,198.52,0.12,24.6,0.11,26.6,0.22,12.7,0.23,14.7,0.78,12.7,0.77,14.7,0.88,24.6,0.89,26.6,0.1,0.1,617.384,1776215897000
1776215899.505,199.505,0.12,24.6,0.11,26.6,0.22,12.7,0.23,14.7,0.78,12.7,0.77,14.7,0.88,24.6,0.89,26.6,0.1,0.1,617.384,1776215898000
1776215900.117,200.117,0.12,24.6,0.11,26.6,0.22,12.7,0.23,14.7,0.78,12.7,0.77,14.7,0.88,24.6,0.89,26.6,0.1,0.1,617.378,1776215899000
1776215901.164,201.164,0.12,24.6,0.11,26.6,0.22,12.7,0.23,14.7,0.78,12.7,0.77,14.7,0.88,24.6,0.89,26.6,0.1,0.1,617.42699,1776215900000
1776215902.267,202.267,0.12,24.6,0.11,26.6,0.22,12.7,0.23,14.7,0.78,12.7,0.77,14.7,0.88,24.6,0.89,26.6,0.1,0.1,617.42968,1776215901000
1776215904.226,204.226,0.12,24.6,0.11,26.6,0.22,12.7,0.23,14.7,0.78,12.7,0.77,14.7,0.88,24.6,0.89,26.6,0.1,0.1,617.42633,1776215902000
1776215904.862,204.862,0.12,24.6,0.11,26.6,0.22,12.7,0.23,14.7,0.78,12.7,0.77,14.7,0.88,24.6,0.89,26.6,0.1,0.1,617.42701,1776215903000
1776215905.458,205.458,0.12,24.6,0.11,26.6,0.22,12.7,0.23,14.7,0.78,12.7,0.77,14.7,0.88,24.6,0.89,26.6,0.1,0.1,617.42695,1776215904000
1776215906.077,206.077,0.12,24.6,0.11,26.6,0.22,12.7,0.23,14.7,0.78,12.7,0.77,14.7,0.88,24.6,0.89,26.6,0.1,0.1,617.42701,1776215905000
1776215907.167,207.167,0.12,24.6,0.11,26.6,0.22,12.7,0.23,14.7,0.78,12.7,0.77,14.7,0.88,24.6,0.89,26.6,0.1,0.1,617.42727,1776215906000
1776215908.234,208.234,0.12,24.6,0.11,26.6,0.22,12.7,0.23,14.7,0.78,12.7,0.77,14.7,0.88,24.6,0.89,26.6,0.1,0.1,617.443,1776215907000
1776215909.411,209.411,0.12,24.6,0.11,26.6,0.22,12.7,0.23,14.7,0.78,12.7,0.77,14.7,0.88,24.6,0.89,26.6,0.1,0.1,617.443,1776215908000
1776215910.14,210.14,0.12,24.6,0.11,26.6,0.22,12.7,0.23,14.7,0.78,12.7,0.77,14.7,0.88,24.6,0.89,26.6,0.1,0.1,617.429,1776215909000
1776215911.334,211.334,0.12,24.6,0.11,26.6,0.22,12.7,0.23,14.7,0.78,12.7,0.77,14.7,0.88,24.6,0.89,26.6,0.1,0.1,617.427,1776215910000
1776215911.891,211.891,0.12,24.6,0.11,26.6,0.22,12.7,0.23,14.7,0.78,12.7,0.77,14.7,0.88,24.6,0.89,26.6,0.1,0.1,617.427,1776215911000
1776215913.016,213.016,0.12,24.6,0.11,26.6,0.22,12.7,0.23,14.7,0.78,12.7,0.77,14.7,0.88,24.6,0.89,26.6,0.1,0.1,617.428,1776215912000
1776215914.835,214.835,0.12,24.6,0.11,26.6,0.22,12.7,0.23,14.7,0.78,12.7,0.77,14.7,0.88,24.6,0.89,26.6,0.1,0.1,617.434,1776215913000
1776215916.327,216.327,0.12,24.6,0.11,26.6,0.22,12.7,0.23,14.7,0.78,12.7,0.77,14.7,0.88,24.6,0.89,26.6,0.1,0.1,617.426,1776215914000
1776215917.035,217.035,0.12,24.6,0.11,26.6,0.22,12.7,0.23,14.7,0.78,12.7,0.77,14.7,0.88,24.6,0.89,26.6,0.1,0.1,617.429,1776215916000
1776215918.465,218.465,0.12,24.6,0.11,26.6,0.22,12.7,0.23,14.7,0.78,12.7,0.77,14.7,0.88,24.6,0.89,26.6,0.1,0.1,617.402,1776215917000
1776215919.201,219.201,0.12,24.6,0.11,26.6,0.22,12.7,0.23,14.7,0.78,12.7,0.77,14.7,0.88,24.6,0.89,26.6,0.1,0.1,617.402,1776215918000
1776215920.45,220.45,0.12,24.6,0.11,26.6,0.22,12.7,0.23,14.7,0.78,12.7,0.77,14.7,0.88,24.6,0.89,26.6,0.1,0.1,617.402,1776215919000
1776215921.231,221.231,0.12,24.6,0.11,26.6,0.22,12.7,0.23,14.7,0.78,12.7,0.77,14.7,0.88,24.6,0.89,26.6,0.1,0.1,617.402,1776215920000
1776215922.453,222.453,0.12,24.6,0.11,26.6,0.22,12.7,0.23,14.7,0.78,12.7,0.77,14.7,0.88,24.6,0.89,26.6,0.1,0.1,617.401,1776215921000
1776215923.08,223.08,0.12,24.6,0.11,26.6,0.22,12.7,0.23,14.7,0.78,12.7,0.77,14.7,0.88,24.6,0.89,26.6,0.1,0.1,617.401,1776215922000
1776215924.351,224.351,0.12,24.6,0.11,26.6,0.22,12.7,0.23,14.7,0.78,12.7,0.77,14.7,0.88,24.6,0.89,26.6,0.1,0.1,617.401,1776215923000
1776215924.923,224.923,0.12,24.6,0.11,26.6,0.22,12.7,0.23,14.7,0.78,12.7,0.77,14.7,0.88,24.6,0.89,26.6,0.1,0.1,617.401,1776215924000
1776215926.214,226.214,0.12,24.6,0.11,26.6,0.22,12.7,0.23,14.7,0.78,12.7,0.77,14.7,0.88,24.6,0.89,26.6,0.1,0.1,617.397,1776215925000
1776215927.45,227.45,0.12,24.6,0.11,26.6,0.22,12.7,0.23,14.7,0.78,12.7,0.77,14.7,0.88,24.6,0.89,26.6,0.1,0.1,617.405,1776215926000
1776215928.126,228.126,0.12,24.6,0.11,26.6,0.22,12.7,0.23,14.7,0.78,12.7,0.77,14.7,0.88,24.6,0.89,26.6,0.1,0.1,617.398,1776215927000
1776215929.368,229.368,0.12,24.6,0.11,26.6,0.22,12.7,0.23,14.7,0.78,12.7,0.77,14.7,0.88,24.6,0.89,26.6,0.1,0.1,617.405,1776215928000
1776215929.99,229.99,0.12,24.6,0.11,26.6,0.22,12.7,0.23,14.7,0.78,12.7,0.77,14.7,0.88,24.6,0.89,26.6,0.1,0.1,617.405,1776215929000
1776215931.15,231.15,0.12,24.6,0.11,26.6,0.22,12.7,0.23,14.7,0.78,12.7,0.77,14.7,0.88,24.6,0.89,26.6,0.1,0.1,617.405,1776215930000
1776215932.566,232.566,0.12,24.6,0.11,26.6,0.22,12.7,0.23,14.7,0.78,12.7,0.77,14.7,0.88,24.6,0.89,26.6,0.1,0.1,617.405,1776215931000
1776215933.51,233.51,0.12,24.6,0.11,26.6,0.22,12.7,0.23,14.7,0.78,12.7,0.77,14.7,0.88,24.6,0.89,26.6,0.1,0.1,617.406,1776215932000
1776215933.874,233.874,0.07,37.74,0.06,46.1,0.13,23.0,0.14,21.6,0.78,12.7,0.77,14.7,0.88,24.6,0.89,26.6,0.06,0.1,617.406,1776215932000
1776215934.142,234.142,0.07,35.58,0.06,46.1,0.13,23.0,0.14,21.6,0.87,23.0,0.86,21.6,0.93,37.74,0.94,46.1,0.06,0.06,617.394,1776215933000
1776215934.346,234.346,0.06,46.1,0.05,54.7,0.14,21.6,0.15,20.39,0.87,23.0,0.86,21.6,0.93,35.58,0.94,46.1,0.08,0.06,617.394,1776215933000
1776215935.127,235.127,0.06,46.1,0.05,54.7,0.14,21.6,0.15,20.39,0.86,21.6,0.85,20.39,0.94,46.1,0.95,54.7,0.08,0.08,617.394,1776215934000
1776215936.228,236.228,0.06,46.1,0.05,54.7,0.14,21.6,0.15,20.39,0.86,21.6,0.85,20.39,0.94,46.1,0.95,54.7,0.08,0.08,617.393,1776215935000
1776215937.227,237.227,0.06,46.1,0.05,54.7,0.14,21.6,0.15,20.39,0.86,21.6,0.85,20.39,0.94,46.1,0.95,54.7,0.08,0.08,617.391,1776215936000
1776215938.358,238.358,0.06,46.1,0.05,54.7,0.14,21.6,0.15,20.39,0.86,21.6,0.85,20.39,0.94,46.1,0.95,54.7,0.08,0.08,617.39,1776215937000
1776215938.901,238.901,0.06,35.46,0.05,54.7,0.13,23.0,0.14,21.6,0.86,21.6,0.85,20.39,0.94,46.1,0.95,54.7,0.07,0.08,617.39,1776215937000
1776215939.948,239.948,0.06,35.46,0.05,54.7,0.13,23.0,0.14,21.6,0.87,23.0,0.86,21.6,0.94,35.46,0.95,54.7,0.07,0.07,617.408,1776215939000
1776215940.552,240.552,0.08,35.29,0.07,39.9,0.25,9.0,0.38,11.0,0.87,23.0,0.86,21.6,0.94,35.46,0.95,54.7,0.17,0.07,617.408,1776215939000
1776215941.098,241.098,0.08,35.29,0.07,39.9,0.25,9.0,0.38,11.0,0.75,9.0,0.62,11.0,0.92,35.29,0.93,39.9,0.17,0.17,617.407,1776215940000
1776215942.132,242.132,0.08,35.29,0.07,39.9,0.25,9.0,0.38,11.0,0.75,9.0,0.62,11.0,0.92,35.29,0.93,39.9,0.17,0.17,617.502895,1776215941000
1776215942.486,242.486,0.11,26.6,0.1,28.9,0.24,5.0,0.31,50.0,0.75,9.0,0.62,11.0,0.92,35.29,0.93,39.9,0.13,0.17,617.502895,1776215941000
1776215943.163,243.163,0.11,26.6,0.1,28.9,0.24,5.0,0.31,50.0,0.76,5.0,0.69,50.0,0.89,26.6,0.9,28.9,0.13,0.13,617.550361,1776215942000
1776215944.219,244.219,0.11,26.6,0.1,28.9,0.24,5.0,0.31,50.0,0.76,5.0,0.69,50.0,0.89,26.6,0.9,28.9,0.13,0.13,617.566599,1776215943000
1776215945.257,245.257,0.11,26.6,0.1,28.9,0.24,5.0,0.31,50.0,0.76,5.0,0.69,50.0,0.89,26.6,0.9,28.9,0.13,0.13,617.510255,1776215944000
1776215946.21,246.21,0.11,26.6,0.1,28.9,0.24,5.0,0.31,50.0,0.76,5.0,0.69,50.0,0.89,26.6,0.9,28.9,0.13,0.13,617.459,1776215945000
1776215947.486,247.486,0.11,26.6,0.1,28.9,0.24,5.0,0.31,50.0,0.76,5.0,0.69,50.0,0.89,26.6,0.9,28.9,0.13,0.13,617.49,1776215946000
1776215947.916,247.916,0.11,26.6,0.1,28.9,0.24,5.0,0.31,50.0,0.76,5.0,0.69,50.0,0.89,26.6,0.9,28.9,0.13,0.13,617.495682,1776215947000
1776215949.071,249.071,0.11,26.6,0.1,28.9,0.24,5.0,0.31,50.0,0.76,5.0,0.69,50.0,0.89,26.6,0.9,28.9,0.13,0.13,617.544,1776215948000
1776215950.196,250.196,0.11,26.6,0.1,28.9,0.24,5.0,0.31,50.0,0.76,5.0,0.69,50.0,0.89,26.6,0.9,28.9,0.13,0.13,617.519,1776215949000
1776215950.843,250.843,0.11,26.6,0.1,28.9,0.24,5.0,0.31,50.0,0.76,5.0,0.69,50.0,0.89,26.6,0.9,28.9,0.13,0.13,617.519,1776215950000
1776215952.578,252.578,0.11,26.6,0.1,28.9,0.24,5.0,0.31,50.0,0.76,5.0,0.69,50.0,0.89,26.6,0.9,28.9,0.13,0.13,617.514,1776215951000
1776215953.226,253.226,0.11,26.6,0.1,28.9,0.24,5.0,0.31,50.0,0.76,5.0,0.69,50.0,0.89,26.6,0.9,28.9,0.13,0.13,617.513,1776215952000
1776215954.701,254.701,0.11,26.6,0.1,28.9,0.24,5.0,0.31,50.0,0.76,5.0,0.69,50.0,0.89,26.6,0.9,28.9,0.13,0.13,617.519,1776215953000
1776215955.193,255.193,0.11,26.6,0.1,28.9,0.24,5.0,0.31,50.0,0.76,5.0,0.69,50.0,0.89,26.6,0.9,28.9,0.13,0.13,617.548,1776215954000
1776215956.457,256.457,0.11,26.6,0.1,28.9,0.24,5.0,0.31,50.0,0.76,5.0,0.69,50.0,0.89,26.6,0.9,28.9,0.13,0.13,617.555,1776215955000
1776215957.183,257.183,0.11,26.6,0.1,28.9,0.24,5.0,0.31,50.0,0.76,5.0,0.69,50.0,0.89,26.6,0.9,28.9,0.13,0.13,617.581,1776215956000
1776215958.633,258.633,0.11,26.6,0.1,28.9,0.24,5.0,0.31,50.0,0.76,5.0,0.69,50.0,0.89,26.6,0.9,28.9,0.13,0.13,617.602,1776215957000
1776215959.244,259.244,0.11,26.6,0.1,28.9,0.24,5.0,0.31,50.0,0.76,5.0,0.69,50.0,0.89,26.6,0.9,28.9,0.13,0.13,617.612,1776215958000
1776215959.924,259.924,0.11,26.6,0.1,28.9,0.24,5.0,0.31,50.0,0.76,5.0,0.69,50.0,0.89,26.6,0.9,28.9,0.13,0.13,617.612,1776215959000
1776215961.079,261.079,0.11,26.6,0.1,28.9,0.24,5.0,0.31,50.0,0.76,5.0,0.69,50.0,0.89,26.6,0.9,28.9,0.13,0.13,617.603,1776215960000
1776215962.324,262.324,0.11,26.6,0.1,28.9,0.24,5.0,0.31,50.0,0.76,5.0,0.69,50.0,0.89,26.6,0.9,28.9,0.13,0.13,617.534,1776215961000
1776215962.951,262.951,0.11,26.6,0.1,28.9,0.24,5.0,0.31,50.0,0.76,5.0,0.69,50.0,0.89,26.6,0.9,28.9,0.13,0.13,617.534,1776215962000
1776215964.308,264.308,0.05,54.7,0.04,67.7,0.11,33.34,0.21,86.0,0.76,5.0,0.69,50.0,0.89,26.6,0.9,28.9,0.06,0.13,617.534,1776215962000
1776215964.997,264.997,0.05,54.7,0.04,67.7,0.11,33.34,0.21,86.0,0.89,33.34,0.79,86.0,0.95,54.7,0.96,67.7,0.06,0.06,617.541,1776215964000
1776215966.26,266.26,0.05,54.7,0.04,67.7,0.11,33.34,0.21,86.0,0.89,33.34,0.79,86.0,0.95,54.7,0.96,67.7,0.06,0.06,617.510145,1776215965000
1776215967.423,267.423,0.05,54.7,0.04,67.7,0.11,33.34,0.21,86.0,0.89,33.34,0.79,86.0,0.95,54.7,0.96,67.7,0.06,0.06,617.509385,1776215966000
1776215967.939,267.939,0.05,54.7,0.04,67.7,0.11,33.34,0.21,86.0,0.89,33.34,0.79,86.0,0.95,54.7,0.96,67.7,0.06,0.06,617.509385,1776215967000
1776215969.153,269.153,0.05,54.7,0.04,67.7,0.11,33.34,0.21,86.0,0.89,33.34,0.79,86.0,0.95,54.7,0.96,67.7,0.06,0.06,617.505205,1776215968000
1776215970.322,270.322,0.05,54.7,0.04,67.7,0.11,33.34,0.21,86.0,0.89,33.34,0.79,86.0,0.95,54.7,0.96,67.7,0.06,0.06,617.50665,1776215969000
1776215970.894,270.894,0.05,54.7,0.04,67.7,0.11,33.34,0.21,86.0,0.89,33.34,0.79,86.0,0.95,54.7,0.96,67.7,0.06,0.06,617.50665,1776215970000
1776215972.055,272.055,0.05,54.7,0.04,67.7,0.11,33.34,0.21,86.0,0.89,33.34,0.79,86.0,0.95,54.7,0.96,67.7,0.06,0.06,617.505383,1776215971000
1776215973.186,273.186,0.05,54.7,0.04,67.7,0.11,33.34,0.21,86.0,0.89,33.34,0.79,86.0,0.95,54.7,0.96,67.7,0.06,0.06,617.484,1776215972000
1776215974.271,274.271,0.05,54.7,0.04,67.7,0.11,33.34,0.21,86.0,0.89,33.34,0.79,86.0,0.95,54.7,0.96,67.7,0.06,0.06,617.489,1776215973000
1776215974.633,274.633,0.03,163.3,0.02,192.69,0.08,35.29,0.09,31.7,0.92,35.29,0.91,31.7,0.97,169.3,0.98,192.69,0.05,0.05,617.489,1776215973000
1776215974.9,274.9,0.03,163.3,0.02,192.69,0.08,35.29,0.09,31.7,0.92,35.29,0.91,31.7,0.97,163.3,0.98,192.69,0.05,0.05,617.489,1776215974000
1776215975.251,275.251,0.03,92.0,0.02,60.0,0.11,50.0,0.16,11.9,0.92,35.29,0.91,31.7,0.97,163.3,0.98,192.69,0.08,0.05,617.489,1776215974000
1776215975.989,275.989,0.03,92.0,0.02,60.0,0.11,50.0,0.16,11.9,0.89,50.0,0.84,11.9,0.97,92.0,0.98,60.0,0.08,0.08,617.491,1776215975000
1776215977.059,277.059,0.03,92.0,0.02,60.0,0.11,50.0,0.16,11.9,0.89,50.0,0.84,11.9,0.97,92.0,0.98,60.0,0.08,0.08,617.491,1776215976000
1776215978.253,278.253,0.03,92.0,0.02,60.0,0.11,50.0,0.16,11.9,0.89,50.0,0.84,11.9,0.97,92.0,0.98,60.0,0.08,0.08,617.493,1776215977000
1776215979.362,279.362,0.03,92.0,0.02,60.0,0.11,50.0,0.16,11.9,0.89,50.0,0.84,11.9,0.97,92.0,0.98,60.0,0.08,0.08,617.472,1776215978000
1776215980.703,280.703,0.03,92.0,0.02,60.0,0.11,50.0,0.16,11.9,0.89,50.0,0.84,11.9,0.97,92.0,0.98,60.0,0.08,0.08,617.45475,1776215979000
1776215980.912,280.912,0.03,90.96,0.02,60.0,0.04,5.0,0.11,73.0,0.89,50.0,0.84,11.9,0.97,92.0,0.98,60.0,0.01,0.08,617.45475,1776215979000
1776215981.469,281.469,0.03,90.96,0.02,60.0,0.04,5.0,0.11,73.0,0.96,5.0,0.89,73.0,0.97,90.96,0.98,60.0,0.01,0.01,617.452,1776215980000
1776215982.185,282.185,0.03,40.96,0.02,60.0,0.04,5.0,0.11,83.0,0.96,5.0,0.89,83.0,0.97,40.96,0.98,60.0,0.01,0.01,617.429,1776215981000
1776215982.414,282.414,0.02,60.0,0.01,280.0,0.04,5.0,0.11,83.0,0.96,5.0,0.89,83.0,0.97,40.96,0.98,60.0,0.02,0.01,617.429,1776215981000
1776215983.685,283.685,0.02,60.0,0.01,280.0,0.04,5.0,0.11,83.0,0.96,5.0,0.89,83.0,0.98,60.0,0.99,280.0,0.02,0.02,617.41297,1776215982000
1776215984.418,284.418,0.02,60.0,0.01,280.0,0.04,5.0,0.11,83.0,0.96,5.0,0.89,83.0,0.98,60.0,0.99,280.0,0.02,0.02,617.417,1776215983000
1776215985.046,285.046,0.01,280.0,,,0.04,5.0,0.11,73.0,0.96,5.0,0.89,73.0,0.99,280.0,,,0.03,0.03,617.42606,1776215984000
1776215986.55,286.55,0.01,280.0,,,0.04,5.0,0.11,73.0,0.96,5.0,0.89,73.0,0.99,280.0,,,0.03,0.03,617.417,1776215985000
1776215987.34,287.34,0.01,280.0,,,0.04,5.0,0.11,73.0,0.96,5.0,0.89,73.0,0.99,280.0,,,0.03,0.03,617.417,1776215986000
1776215988.152,288.152,0.01,280.0,,,0.04,5.0,0.11,73.0,0.96,5.0,0.89,73.0,0.99,280.0,,,0.03,0.03,617.431,1776215987000
1776215989.617,289.617,0.01,280.0,,,0.04,5.0,0.11,73.0,0.96,5.0,0.89,73.0,0.99,280.0,,,0.03,0.03,617.451,1776215988000
1776215990.369,290.369,0.01,280.0,,,0.04,5.0,0.11,73.0,0.96,5.0,0.89,73.0,0.99,280.0,,,0.03,0.03,617.455,1776215989000
1776215990.972,290.972,0.01,280.0,,,0.04,5.0,0.11,73.0,0.96,5.0,0.89,73.0,0.99,280.0,,,0.03,0.03,617.447,1776215990000
1776215991.816,291.816,0.01,277.57,,,0.04,15.0,0.11,50.0,0.96,5.0,0.89,73.0,0.99,280.0,,,0.03,0.03,617.447,1776215990000
1776215992.324,292.324,0.01,277.57,,,0.04,15.0,0.11,50.0,0.96,15.0,0.89,50.0,0.99,277.57,,,0.03,0.03,617.43677,1776215991000
1776215992.928,292.928,0.01,256.41,,,0.04,15.0,0.11,50.0,0.96,15.0,0.89,50.0,0.99,261.46,,,0.03,0.03,617.43677,1776215991000
1776215993.539,293.539,0.01,236.2,,,0.04,15.0,0.11,50.0,0.96,15.0,0.89,50.0,0.99,256.41,,,0.03,0.03,617.42784,1776215992000
1776215994.319,294.319,0.01,139.06,,,0.04,15.0,0.11,50.0,0.96,15.0,0.89,50.0,0.99,236.2,,,0.03,0.03,617.42784,1776215992000
1776215994.522,294.522,0.01,134.06,,,0.04,15.0,0.11,50.0,0.96,15.0,0.89,50.0,0.99,134.06,,,0.03,0.03,617.42316,1776215993000
1776215995.167,295.167,0.01,134.06,,,0.04,15.0,0.11,50.0,0.96,15.0,0.89,50.0,0.99,134.06,,,0.03,0.03,617.42997,1776215994000
1776215995.563,295.563,0.01,130.06,,,0.04,15.0,0.11,50.0,0.96,15.0,0.89,50.0,0.99,134.06,,,0.03,0.03,617.42997,1776215994000
1776215996.326,296.326,,,,,0.01,869.94,0.04,15.0,0.96,15.0,0.89,50.0,0.99,130.06,,,,0.03,617.42997,1776215994000
1776215997.232,297.232,,,,,0.01,869.94,0.04,15.0,0.99,869.94,0.96,15.0,,,,,,,617.446,1776215996000
1776215998.2,298.2,,,,,0.01,869.94,0.04,15.0,0.99,869.94,0.96,15.0,,,,,,,617.446,1776215997000
1776215999.149,299.149,,,,,0.01,869.94,0.04,15.0,0.99,869.94,0.96,15.0,,,,,,,617.412,1776215998000
1776216000.134,300.134,,,,,0.01,869.94,0.04,15.0,0.99,869.94,0.96,15.0,,,,,,,617.404,1776215999000
1776216001.169,301.169,,,,,0.01,869.94,0.04,15.0,0.99,869.94,0.96,15.0,,,,,,,617.408,1776216000000

# RESULT,winner=Down,slug=bnb-updown-5m-1776215700,ticks=319
