timestamp,elapsed_sec,up_bid_p1,up_bid_s1,up_bid_p2,up_bid_s2,up_ask_p1,up_ask_s1,up_ask_p2,up_ask_s2,down_bid_p1,down_bid_s1,down_bid_p2,down_bid_s2,down_ask_p1,down_ask_s1,down_ask_p2,down_ask_s2,up_spread,down_spread,bnb_price,bnb_oracle_ts
1776345001.087,1.087,0.48,11.66,0.41,37.0,0.49,6.0,0.59,37.0,0.51,6.0,0.41,37.0,0.52,11.66,0.59,37.0,0.01,0.01,622.535149,1776345000000
1776345002.002,2.002,0.48,11.66,0.41,37.0,0.49,6.0,0.59,37.0,0.51,6.0,0.41,37.0,0.52,11.66,0.59,37.0,0.01,0.01,622.543051,1776345001000
1776345003.126,3.126,0.48,11.66,0.41,37.0,0.49,6.0,0.59,37.0,0.51,6.0,0.41,37.0,0.52,11.66,0.59,37.0,0.01,0.01,622.544131,1776345002000
1776345003.888,3.888,0.48,11.66,0.41,37.0,0.49,6.0,0.59,37.0,0.51,6.0,0.41,37.0,0.52,11.66,0.59,37.0,0.01,0.01,622.543664,1776345003000
1776345004.992,4.992,0.48,11.66,0.41,37.0,0.49,6.0,0.59,37.0,0.51,6.0,0.41,37.0,0.52,11.66,0.59,37.0,0.01,0.01,622.53614,1776345004000
1776345005.866,5.866,0.48,11.66,0.41,37.0,0.49,6.0,0.59,37.0,0.51,6.0,0.41,37.0,0.52,11.66,0.59,37.0,0.01,0.01,622.54136,1776345005000
1776345006.891,6.891,0.48,11.66,0.41,37.0,0.49,6.0,0.59,37.0,0.51,6.0,0.41,37.0,0.52,11.66,0.59,37.0,0.01,0.01,622.518876,1776345006000
1776345007.393,7.393,0.46,11.83,0.45,5.0,0.48,5.0,0.49,11.0,0.51,11.0,0.5,5.0,0.54,5.0,0.55,5.0,0.02,0.03,622.518876,1776345006000
1776345008.283,8.283,0.46,11.83,0.45,5.0,0.48,5.0,0.49,11.0,0.52,5.0,0.51,11.0,0.54,11.83,0.55,5.0,0.02,0.02,622.526157,1776345007000
1776345008.897,8.897,0.46,11.83,0.45,5.0,0.48,5.0,0.49,11.0,0.52,5.0,0.51,11.0,0.54,11.83,0.55,5.0,0.02,0.02,622.524142,1776345008000
1776345009.567,9.567,0.46,3.69,0.37,5.0,0.47,53.0,0.48,5.0,0.52,5.0,0.51,11.0,0.54,11.83,0.55,5.0,0.01,0.02,622.524142,1776345008000
1776345009.958,9.958,0.37,5.0,0.34,5.0,0.47,53.0,0.48,5.0,0.53,53.0,0.52,5.0,0.63,5.0,0.66,5.0,0.1,0.1,622.509,1776345009000
1776345010.476,10.476,0.32,10.0,0.31,5.0,0.33,47.24,0.35,5.0,0.65,5.0,0.64,5.0,0.66,6.76,0.67,5.0,0.01,0.01,622.509,1776345009000
1776345012.67,12.67,0.27,5.0,0.26,5.0,0.29,5.0,0.3,5.0,0.67,47.24,0.65,5.0,0.68,10.0,0.69,5.0,0.02,0.01,622.423412,1776345011000
1776345015.516,15.516,0.25,5.0,0.24,5.0,0.28,5.0,0.29,5.0,0.71,5.0,0.7,5.0,0.73,5.0,0.74,5.0,0.03,0.02,622.341706,1776345014000
1776345018.604,18.604,0.26,5.0,0.25,5.0,0.28,29.0,0.29,5.0,0.72,5.0,0.71,5.0,0.75,5.0,0.76,5.0,0.02,0.03,622.332738,1776345017000
1776345021.022,21.022,0.26,4.51,0.25,5.0,0.28,29.0,0.3,5.0,0.72,29.0,0.71,5.0,0.74,5.0,0.75,5.0,0.02,0.02,622.233,1776345019000
1776345024.292,24.292,0.21,55.0,0.2,5.0,0.24,36.0,0.27,5.0,0.72,29.0,0.7,5.0,0.74,4.51,0.75,5.0,0.03,0.02,622.257263,1776345022000
1776345027.851,27.851,0.2,4.0,0.19,5.0,0.21,5.0,0.22,5.0,0.76,36.0,0.73,5.0,0.79,55.0,0.8,5.0,0.01,0.03,622.208667,1776345026000
1776345032.787,32.787,0.26,5.0,0.25,16.0,0.29,4.13,0.3,5.0,0.79,5.0,0.78,5.0,0.8,4.0,0.81,5.0,0.03,0.01,622.21211,1776345031000
1776345048.338,48.338,0.28,5.0,0.27,5.0,0.3,5.0,0.31,5.0,0.71,4.13,0.7,5.0,0.74,5.0,0.75,16.0,0.02,0.03,622.289596,1776345046000
1776345060.777,60.777,0.26,8.93,0.25,5.0,0.29,5.0,0.3,5.0,0.7,5.0,0.69,5.0,0.72,5.0,0.73,5.0,0.03,0.02,622.30619,1776345059000
1776345080.068,80.068,0.31,55.0,0.3,5.0,0.33,47.24,0.38,5.0,0.71,5.0,0.7,5.0,0.74,8.93,0.75,5.0,0.02,0.03,622.334,1776345078000
1776345081.342,81.342,0.31,54.71,0.3,5.0,0.33,47.24,0.34,5.0,0.67,47.24,0.62,5.0,0.69,55.0,0.7,5.0,0.02,0.02,622.331,1776345080000
1776345108.706,108.706,0.26,5.0,0.24,14.3,0.31,5.0,0.32,5.0,0.67,47.24,0.66,5.0,0.69,54.71,0.7,5.0,0.05,0.02,622.400759,1776345107000
1776345109.092,109.092,0.24,14.3,0.23,19.7,0.26,5.0,0.27,5.0,0.69,5.0,0.68,5.0,0.74,5.0,0.76,14.3,0.02,0.05,622.400759,1776345107000
1776345131.46,131.46,0.25,1.48,0.24,10.0,0.28,5.0,0.29,5.0,0.74,5.0,0.73,5.0,0.76,14.3,0.77,19.7,0.03,0.02,622.37,1776345130000
1776345139.746,139.746,0.32,5.0,0.31,55.0,0.33,42.24,0.37,5.0,0.72,5.0,0.71,5.0,0.75,1.48,0.76,10.0,0.01,0.03,622.425825,1776345138000
1776345142.586,142.586,0.32,23.15,0.31,67.2,0.33,37.24,0.4,5.0,0.67,42.24,0.63,5.0,0.68,5.0,0.69,55.0,0.01,0.01,622.478744,1776345141000
1776345151.326,151.326,0.32,16.9,0.31,67.2,0.33,32.24,0.35,5.0,0.67,37.24,0.6,5.0,0.68,23.15,0.69,67.2,0.01,0.01,622.476,1776345150000
1776345211.976,211.976,0.31,43.59,0.21,70.7,0.33,32.24,0.44,5.0,0.67,32.24,0.65,5.0,0.68,16.9,0.69,67.2,0.02,0.01,622.472,1776345210000
1776345212.403,212.403,0.41,12.76,0.32,5.0,0.46,11.76,0.49,6.0,0.67,32.24,0.54,11.76,0.69,40.59,0.79,70.7,0.05,0.02,622.472,1776345210000
1776345212.632,212.632,0.41,12.76,0.33,6.06,0.58,13.69,0.59,5.0,0.51,2.89,0.42,13.69,0.59,12.76,0.68,5.0,0.17,0.08,622.492,1776345211000
1776345212.853,212.853,0.52,5.0,0.44,5.0,0.58,3.56,0.61,55.0,0.42,13.69,0.4,5.0,0.59,12.76,0.67,6.06,0.06,0.17,622.492,1776345211000
1776345214.399,214.399,0.56,5.0,0.53,5.0,0.58,1.56,0.59,5.0,0.42,3.56,0.39,55.0,0.48,5.0,0.56,5.0,0.02,0.06,622.492,1776345212000
1776345216.447,216.447,0.47,42.0,0.44,5.0,0.49,5.0,0.5,5.0,0.42,1.56,0.41,5.0,0.44,5.0,0.47,5.0,0.02,0.02,622.571641,1776345215000
1776345216.907,216.907,0.47,42.0,0.44,5.0,0.48,2.91,0.49,5.0,0.51,5.0,0.5,5.0,0.53,42.0,0.56,5.0,0.01,0.02,622.571641,1776345215000
1776345241.44,241.44,0.77,5.0,0.76,5.0,0.79,0.44,0.8,5.0,0.52,2.91,0.51,5.0,0.53,42.0,0.56,5.0,0.02,0.01,622.656,1776345240000
1776345242.328,242.328,0.8,5.0,0.79,5.0,0.81,37.66,0.87,5.0,0.21,0.44,0.2,5.0,0.23,5.0,0.24,5.0,0.01,0.02,622.656,1776345241000
1776345242.947,242.947,0.8,5.0,0.79,5.0,0.81,32.46,0.89,5.0,0.19,37.66,0.13,5.0,0.2,5.0,0.21,5.0,0.01,0.01,622.656,1776345241000
1776345243.438,243.438,0.8,10.0,0.79,5.0,0.81,27.46,0.89,5.0,0.19,32.46,0.11,5.0,0.2,5.0,0.21,5.0,0.01,0.01,622.67,1776345242000
1776345244.481,244.481,0.8,63.0,0.79,5.0,0.81,11.43,0.88,5.0,0.19,27.46,0.11,5.0,0.2,10.0,0.21,5.0,0.01,0.01,622.734345,1776345243000
1776345244.856,244.856,0.8,63.0,0.79,5.0,0.81,6.36,0.89,5.0,0.19,11.43,0.12,5.0,0.2,63.0,0.21,5.0,0.01,0.01,622.734345,1776345243000
1776345246.393,246.393,0.8,79.3,0.79,20.7,0.9,10.0,0.91,11.0,0.19,1.05,0.11,5.0,0.2,63.0,0.21,5.0,0.1,0.01,622.7553,1776345245000
1776345249.937,249.937,0.89,37.0,0.88,5.0,0.9,5.0,0.91,11.0,0.1,10.0,0.09,11.0,0.2,79.3,0.21,20.7,0.01,0.1,622.764,1776345249000
1776345251.194,251.194,0.89,63.6,0.88,34.6,0.9,3.66,0.91,11.0,0.1,5.0,0.09,11.0,0.11,37.0,0.12,5.0,0.01,0.01,622.769305,1776345250000
1776345258.033,258.033,0.89,63.6,0.88,34.6,0.91,11.0,0.92,12.0,0.1,3.66,0.09,11.0,0.11,63.6,0.12,34.6,0.02,0.01,622.834944,1776345257000
1776345258.303,258.303,0.9,133.9,0.89,36.6,0.91,4.99,0.92,12.0,0.09,11.0,0.08,12.0,0.11,63.6,0.12,34.6,0.01,0.02,622.834944,1776345257000
1776345258.702,258.702,0.91,105.0,0.9,33.9,0.92,4.75,0.93,14.0,0.08,6.93,0.07,14.0,0.1,133.9,0.11,36.6,0.01,0.02,622.834944,1776345257000
1776345261.633,261.633,0.91,142.19,0.9,33.9,0.92,3.66,0.93,14.0,0.08,4.75,0.07,14.0,0.09,105.0,0.1,33.9,0.01,0.01,622.946727,1776345259000
1776345261.957,261.957,0.91,142.19,0.9,33.9,0.93,9.66,0.94,16.0,0.08,3.66,0.07,14.0,0.09,142.19,0.1,33.9,0.02,0.01,622.946727,1776345259000
1776345262.247,262.247,0.92,45.72,0.91,36.7,0.94,16.0,0.95,32.33,0.07,9.66,0.06,16.0,0.09,142.19,0.1,33.9,0.02,0.02,622.968,1776345261000
1776345262.637,262.637,0.93,146.27,0.92,40.29,0.94,4.0,0.95,32.33,0.06,16.0,0.05,32.33,0.08,45.72,0.09,36.7,0.01,0.02,622.968,1776345261000
1776345264.999,264.999,0.93,146.27,0.92,40.29,0.95,5.48,0.96,25.0,0.06,4.0,0.05,32.33,0.07,146.27,0.08,40.29,0.02,0.01,622.990437,1776345263000
1776345265.344,265.344,0.94,150.41,0.93,44.9,0.96,25.0,0.97,33.0,0.05,5.48,0.04,25.0,0.07,146.27,0.08,40.29,0.02,0.02,622.990437,1776345264000
1776345271.479,271.479,0.95,64.96,0.94,145.1,0.96,15.0,0.97,33.0,0.04,25.0,0.03,33.0,0.06,150.41,0.07,44.9,0.01,0.02,622.969058,1776345270000
1776345273.389,273.389,0.95,64.96,0.94,145.1,0.96,6.08,0.97,33.0,0.04,15.0,0.03,33.0,0.05,64.96,0.06,145.1,0.01,0.01,622.976,1776345272000
1776345275.495,275.495,0.95,10.26,0.94,99.0,0.97,33.0,0.98,110.0,0.04,6.08,0.03,33.0,0.05,64.96,0.06,145.1,0.02,0.01,623.000307,1776345274000
1776345275.801,275.801,0.96,10.2,0.95,5.0,0.97,5.68,0.98,110.0,0.03,7.75,0.02,110.0,0.04,5.0,0.05,10.26,0.01,0.01,623.000307,1776345274000
1776345276.332,276.332,0.96,15.2,0.95,5.0,0.97,3.61,0.98,110.0,0.03,5.68,0.02,110.0,0.04,10.2,0.05,5.0,0.01,0.01,622.986833,1776345275000
1776345276.922,276.922,0.97,5.0,0.96,15.1,0.98,107.95,0.99,445.73,0.02,110.0,0.01,445.73,0.04,20.3,0.05,5.0,0.01,0.02,622.986833,1776345275000
1776345277.533,277.533,0.97,5.0,0.96,15.1,0.98,105.9,0.99,445.73,0.02,107.95,0.01,445.73,0.03,5.0,0.04,15.1,0.01,0.01,622.982095,1776345276000
1776345278.122,278.122,0.97,5.0,0.96,15.1,0.98,102.82,0.99,445.73,0.02,104.87,0.01,445.73,0.03,5.0,0.04,15.1,0.01,0.01,622.982095,1776345276000
1776345278.659,278.659,0.97,2.95,0.96,15.1,0.98,100.77,0.99,445.73,0.02,102.82,0.01,445.73,0.03,2.95,0.04,15.1,0.01,0.01,622.982095,1776345276000
1776345279.177,279.177,0.97,2.95,0.96,15.1,0.98,98.72,0.99,445.73,0.02,100.77,0.01,445.73,0.03,2.95,0.04,15.1,0.01,0.01,622.982095,1776345276000
1776345279.657,279.657,0.97,0.9,0.96,15.1,0.98,98.72,0.99,445.73,0.02,98.72,0.01,445.73,0.03,2.95,0.04,15.1,0.01,0.01,622.985902,1776345278000
1776345280.263,280.263,0.96,13.95,0.95,5.0,0.98,96.67,0.99,445.73,0.02,96.67,0.01,445.73,0.03,0.9,0.04,15.1,0.02,0.01,622.985902,1776345279000
1776345280.991,280.991,0.96,13.95,0.95,5.0,0.98,92.57,0.99,445.73,0.02,94.62,0.01,445.73,0.04,13.95,0.05,5.0,0.02,0.02,622.985902,1776345279000
1776345281.56,281.56,0.96,11.9,0.95,5.0,0.98,95.52,0.99,445.73,0.02,92.57,0.01,445.73,0.04,11.9,0.05,5.0,0.02,0.02,622.9721,1776345280000
1776345282.174,282.174,0.96,11.9,0.95,5.0,0.98,92.44,0.99,445.73,0.02,94.49,0.01,445.73,0.04,11.9,0.05,5.0,0.02,0.02,622.964091,1776345281000
1776345282.746,282.746,0.96,11.9,0.95,5.0,0.98,90.39,0.99,445.73,0.02,92.44,0.01,445.73,0.04,11.9,0.05,5.0,0.02,0.02,622.964091,1776345281000
1776345283.275,283.275,0.96,11.9,0.95,5.0,0.98,88.34,0.99,445.73,0.02,90.39,0.01,445.73,0.04,11.9,0.05,5.0,0.02,0.02,622.964648,1776345282000
1776345283.69,283.69,0.95,4.66,0.94,99.0,0.98,88.34,0.99,445.73,0.02,88.34,0.01,445.73,0.04,11.9,0.05,5.0,0.03,0.02,622.964648,1776345282000
1776345283.928,283.928,0.96,5.0,0.95,4.66,0.98,86.29,0.99,445.73,0.02,88.34,0.01,445.73,0.05,4.66,0.06,99.0,0.02,0.03,622.964648,1776345282000
1776345284.464,284.464,0.96,5.0,0.95,4.66,0.98,84.24,0.99,445.73,0.02,86.29,0.01,445.73,0.04,5.0,0.05,4.66,0.02,0.02,622.965031,1776345283000
1776345285.071,285.071,0.97,5.0,0.96,5.0,0.98,82.03,0.99,445.73,0.02,84.08,0.01,445.73,0.04,5.0,0.05,4.66,0.01,0.02,622.965031,1776345283000
1776345285.347,285.347,0.97,5.0,0.96,5.0,0.99,445.73,,,0.02,82.03,0.01,445.73,0.03,5.0,0.04,5.0,0.02,0.01,622.966,1776345284000
1776345285.59,285.59,0.98,5.0,0.97,5.0,0.99,443.7,,,0.01,445.73,,,0.03,5.0,0.04,5.0,0.01,0.02,622.966,1776345284000
1776345286.102,286.102,0.98,5.0,0.97,5.0,0.99,441.67,,,0.01,443.7,,,0.02,5.0,0.03,5.0,0.01,0.01,622.966,1776345284000
1776345286.483,286.483,0.98,5.0,0.97,5.0,0.99,440.65,,,0.01,441.67,,,0.02,5.0,0.03,5.0,0.01,0.01,622.970833,1776345285000
1776345287.162,287.162,0.98,5.0,0.97,5.0,0.99,316.59,,,0.01,438.62,,,0.02,5.0,0.03,5.0,0.01,0.01,622.970833,1776345285000
1776345287.698,287.698,0.98,5.0,0.97,5.0,0.99,314.56,,,0.01,316.59,,,0.02,5.0,0.03,5.0,0.01,0.01,622.968995,1776345286000
1776345288.2,288.2,0.98,5.0,0.97,5.0,0.99,312.53,,,0.01,314.56,,,0.02,5.0,0.03,5.0,0.01,0.01,622.968962,1776345287000
1776345288.407,288.407,0.95,3.4,0.94,99.0,0.99,312.53,,,0.01,312.53,,,0.02,5.0,0.03,5.0,0.04,0.01,622.968962,1776345287000
1776345288.801,288.801,0.95,3.4,0.94,99.0,0.96,2.91,0.97,5.0,0.01,312.53,,,0.05,3.4,0.06,99.0,0.01,0.04,622.968962,1776345287000
1776345289.307,289.307,0.95,3.4,0.94,99.0,0.96,0.82,0.97,5.0,0.04,2.91,0.03,5.0,0.05,3.4,0.06,99.0,0.01,0.01,622.973514,1776345288000
1776345289.826,289.826,0.95,3.4,0.94,99.0,0.97,3.95,0.98,5.0,0.04,0.82,0.03,5.0,0.05,3.4,0.06,99.0,0.02,0.01,622.973514,1776345288000
1776345290.423,290.423,0.97,5.0,0.96,5.0,0.99,312.53,,,0.02,1.55,0.01,312.53,0.05,3.4,0.06,99.0,0.02,0.03,622.974348,1776345289000
1776345290.965,290.965,0.97,5.0,0.96,5.0,0.99,310.5,,,0.01,312.53,,,0.03,5.0,0.04,5.0,0.02,0.02,622.974348,1776345289000
1776345291.474,291.474,0.94,4.64,0.93,5.0,0.97,5.0,0.98,5.0,0.01,310.5,,,0.06,4.64,0.07,5.0,0.03,0.05,622.974178,1776345290000
1776345291.918,291.918,0.96,5.0,0.95,5.0,0.99,301.25,,,0.03,2.93,0.02,5.0,0.05,5.0,0.06,4.64,0.03,0.02,622.974178,1776345290000
1776345292.249,292.249,0.97,5.0,0.96,5.0,0.99,299.22,,,0.01,301.25,,,0.04,5.0,0.05,5.0,0.02,0.03,622.974178,1776345290000
1776345292.782,292.782,0.97,5.0,0.96,45.0,0.99,297.19,,,0.01,299.22,,,0.03,5.0,0.04,5.0,0.02,0.02,622.973425,1776345291000
1776345293.253,293.253,0.96,45.0,0.95,5.0,0.99,289.8,,,0.01,292.14,,,0.03,5.0,0.04,45.0,0.03,0.02,622.973425,1776345291000
1776345293.631,293.631,0.97,5.0,0.96,45.0,0.99,266.54,,,0.01,286.75,,,0.03,5.0,0.04,45.0,0.02,0.02,622.973425,1776345291000
1776345293.842,293.842,0.96,45.0,0.95,5.0,0.98,2.95,0.99,266.54,0.01,266.54,,,0.03,5.0,0.04,45.0,0.02,0.02,622.961706,1776345292000
1776345294.387,294.387,0.98,5.0,0.97,5.0,0.99,259.51,,,0.02,2.95,0.01,266.54,0.04,45.0,0.05,5.0,0.01,0.02,622.961706,1776345292000
1776345294.905,294.905,0.98,5.0,0.97,5.0,0.99,256.46,,,0.01,258.49,,,0.02,5.0,0.03,5.0,0.01,0.01,622.917961,1776345293000
1776345295.457,295.457,0.98,5.0,0.97,2.85,0.99,254.43,,,0.01,256.46,,,0.03,2.85,0.04,45.0,0.01,0.02,622.77172,1776345294000
1776345295.836,295.836,0.99,735.57,0.96,45.0,,,,,0.01,254.43,,,0.03,0.7,0.04,45.0,,0.02,622.77172,1776345294000
1776345297.556,297.556,0.99,737.09,0.97,5.0,,,,,,,,,0.01,735.57,0.04,45.0,,,622.739622,1776345296000

# RESULT,winner=Up,slug=bnb-updown-5m-1776345000,ticks=101
