timestamp,elapsed_sec,up_bid_p1,up_bid_s1,up_bid_p2,up_bid_s2,up_ask_p1,up_ask_s1,up_ask_p2,up_ask_s2,down_bid_p1,down_bid_s1,down_bid_p2,down_bid_s2,down_ask_p1,down_ask_s1,down_ask_p2,down_ask_s2,up_spread,down_spread,bnb_price,bnb_oracle_ts
1776302401.016,1.016,0.41,37.0,0.4,33.0,0.53,6.38,0.59,37.0,0.47,6.38,0.41,37.0,0.59,37.0,0.6,33.0,0.12,0.12,621.986,1776302400000
1776302401.98,1.98,0.41,37.0,0.4,33.0,0.53,6.38,0.59,37.0,0.47,6.38,0.41,37.0,0.59,37.0,0.6,33.0,0.12,0.12,621.987,1776302401000
1776302403.03,3.03,0.41,37.0,0.4,33.0,0.53,6.38,0.59,37.0,0.47,6.38,0.41,37.0,0.59,37.0,0.6,33.0,0.12,0.12,621.978,1776302402000
1776302403.975,3.975,0.41,37.0,0.4,33.0,0.53,6.38,0.59,37.0,0.47,6.38,0.41,37.0,0.59,37.0,0.6,33.0,0.12,0.12,621.98,1776302403000
1776302404.991,4.991,0.41,37.0,0.4,33.0,0.53,6.38,0.59,37.0,0.47,6.38,0.41,37.0,0.59,37.0,0.6,33.0,0.12,0.12,621.979657,1776302404000
1776302405.843,5.843,0.41,37.0,0.4,33.0,0.53,6.38,0.59,37.0,0.47,6.38,0.41,37.0,0.59,37.0,0.6,33.0,0.12,0.12,621.979657,1776302405000
1776302406.82,6.82,0.41,37.0,0.4,33.0,0.53,6.38,0.59,37.0,0.47,6.38,0.41,37.0,0.59,37.0,0.6,33.0,0.12,0.12,621.982,1776302406000
1776302408.588,8.588,0.41,37.0,0.4,33.0,0.53,6.38,0.59,37.0,0.47,6.38,0.41,37.0,0.59,37.0,0.6,33.0,0.12,0.12,621.98,1776302407000
1776302409.137,9.137,0.41,37.0,0.4,33.0,0.53,6.38,0.59,37.0,0.47,6.38,0.41,37.0,0.59,37.0,0.6,33.0,0.12,0.12,621.996,1776302408000
1776302410.399,10.399,0.41,37.0,0.4,33.0,0.53,6.38,0.59,37.0,0.47,6.38,0.41,37.0,0.59,37.0,0.6,33.0,0.12,0.12,622.001,1776302409000
1776302412.397,12.397,0.46,5.0,0.45,5.0,0.48,5.0,0.49,5.0,0.47,6.38,0.41,37.0,0.59,37.0,0.6,33.0,0.02,0.12,622.008,1776302411000
1776302415.237,15.237,0.47,5.0,0.46,10.0,0.5,5.0,0.51,5.0,0.52,5.0,0.51,5.0,0.54,5.0,0.55,5.0,0.03,0.02,621.970281,1776302414000
1776302417.456,17.456,0.52,5.0,0.51,55.0,0.69,5.0,0.7,5.0,0.5,5.0,0.49,5.0,0.53,5.0,0.54,10.0,0.17,0.03,621.970762,1776302416000
1776302417.759,17.759,0.67,5.0,0.66,5.0,0.7,10.0,0.71,10.0,0.31,5.0,0.3,5.0,0.48,5.0,0.49,55.0,0.03,0.17,621.970762,1776302416000
1776302418.713,18.713,0.68,5.0,0.67,5.0,0.7,5.0,0.71,15.0,0.31,5.0,0.3,10.0,0.34,5.0,0.35,5.0,0.02,0.03,621.972627,1776302417000
1776302419.438,19.438,0.64,5.0,0.63,5.0,0.66,5.0,0.67,5.0,0.3,5.0,0.29,15.0,0.32,5.0,0.33,5.0,0.02,0.02,622.086588,1776302418000
1776302420.54,20.54,0.65,5.0,0.64,5.0,0.67,5.0,0.68,5.0,0.34,5.0,0.33,5.0,0.36,5.0,0.37,5.0,0.02,0.02,622.127161,1776302419000
1776302423.362,23.362,0.66,5.0,0.65,5.0,0.68,5.0,0.69,5.0,0.33,5.0,0.32,5.0,0.35,5.0,0.36,5.0,0.02,0.02,622.17,1776302422000
1776302424.899,24.899,0.77,5.0,0.76,5.0,0.78,3.56,0.79,10.0,0.32,5.0,0.31,5.0,0.34,5.0,0.35,5.0,0.01,0.02,622.233,1776302423000
1776302444.113,44.113,0.76,5.0,0.75,5.0,0.79,5.0,0.8,26.2,0.22,3.56,0.21,10.0,0.23,5.0,0.24,5.0,0.03,0.01,622.275459,1776302443000
1776302512.053,112.053,0.84,5.0,0.83,5.0,0.85,10.03,0.86,26.6,0.21,5.0,0.2,26.2,0.24,5.0,0.25,5.0,0.01,0.03,622.403931,1776302510000
1776302564.619,164.619,0.84,5.0,0.83,5.0,0.85,20.33,0.86,26.6,0.15,10.03,0.14,26.6,0.16,5.0,0.17,5.0,0.01,0.01,622.30807,1776302563000
1776302586.71,186.71,0.82,5.0,0.81,5.0,0.84,14.99,0.85,25.39,0.15,20.33,0.14,26.6,0.16,5.0,0.17,5.0,0.02,0.01,622.252642,1776302585000
1776302605.502,205.502,0.86,5.0,0.85,5.0,0.87,16.06,0.88,29.6,0.16,14.99,0.15,25.39,0.18,5.0,0.19,5.0,0.01,0.02,622.246102,1776302604000
1776302607.536,207.536,0.85,5.0,0.84,5.0,0.86,13.53,0.87,21.06,0.13,16.06,0.12,29.6,0.14,5.0,0.15,5.0,0.01,0.01,622.242606,1776302606000
1776302611.465,211.465,0.85,5.0,0.84,5.0,0.87,16.06,0.88,24.6,0.14,13.53,0.13,21.06,0.15,5.0,0.16,5.0,0.02,0.01,622.247956,1776302610000
1776302612.353,212.353,0.86,5.0,0.85,5.0,0.87,19.14,0.88,24.6,0.13,16.06,0.12,24.6,0.15,5.0,0.16,5.0,0.01,0.02,622.248092,1776302611000
1776302632.172,232.172,0.89,5.0,0.88,5.0,0.91,2.8,0.92,40.29,0.13,19.14,0.12,24.6,0.14,5.0,0.15,5.0,0.02,0.01,622.242108,1776302630000
1776302642.378,242.378,0.86,5.0,0.85,5.0,0.9,5.0,0.91,5.0,0.09,2.8,0.08,40.29,0.11,5.0,0.12,5.0,0.04,0.02,622.235599,1776302641000
1776302642.809,242.809,0.86,5.0,0.85,5.0,0.91,30.65,0.92,40.29,0.1,5.0,0.09,5.0,0.14,5.0,0.15,5.0,0.05,0.04,622.235599,1776302641000
1776302646.424,246.424,0.9,5.0,0.89,5.0,0.92,35.29,0.93,44.9,0.09,30.65,0.08,40.29,0.14,5.0,0.15,5.0,0.02,0.05,622.233198,1776302645000
1776302646.743,246.743,0.91,5.0,0.9,5.0,0.92,24.42,0.93,44.9,0.08,35.29,0.07,44.9,0.1,5.0,0.11,5.0,0.01,0.02,622.233198,1776302645000
1776302647.18,247.18,0.91,5.0,0.9,5.0,0.92,21.13,0.93,44.9,0.08,24.42,0.07,44.9,0.09,5.0,0.1,5.0,0.01,0.01,622.233198,1776302645000
1776302653.094,253.094,0.82,5.0,0.81,5.0,0.84,3.98,0.85,5.0,0.08,21.13,0.07,44.9,0.09,5.0,0.1,5.0,0.02,0.01,622.231797,1776302651000
1776302656.861,256.861,0.76,5.0,0.75,5.0,0.8,5.0,0.81,55.0,0.16,3.98,0.15,5.0,0.18,5.0,0.19,5.0,0.04,0.02,622.138203,1776302655000
1776302660.594,260.594,0.77,5.0,0.76,5.0,0.8,5.0,0.81,55.0,0.2,5.0,0.19,55.0,0.24,5.0,0.25,5.0,0.03,0.04,622.097939,1776302659000
1776302665.683,265.683,0.78,5.0,0.77,5.0,0.79,3.1,0.8,5.0,0.2,5.0,0.19,55.0,0.23,5.0,0.24,5.0,0.01,0.03,622.107006,1776302663000
1776302674.93,274.93,0.66,5.0,0.65,5.0,0.68,2.37,0.69,5.0,0.21,3.1,0.2,5.0,0.22,5.0,0.23,5.0,0.02,0.01,622.08452,1776302673000
1776302675.623,275.623,0.5,13.96,0.49,5.0,0.53,5.0,0.54,5.0,0.3,4.37,0.29,55.0,0.34,5.0,0.35,5.0,0.03,0.04,622.08362,1776302674000
1776302676.03,276.03,0.5,10.0,0.48,10.42,0.52,5.0,0.53,5.0,0.46,5.0,0.45,5.0,0.5,12.82,0.51,5.0,0.02,0.04,622.08362,1776302674000
1776302676.682,276.682,0.48,10.42,0.44,5.0,0.5,2.9,0.51,5.0,0.49,5.0,0.48,5.0,0.52,10.42,0.54,5.0,0.02,0.03,622.06354,1776302675000
1776302676.929,276.929,0.48,8.38,0.46,5.0,0.49,5.0,0.5,2.9,0.5,2.9,0.49,5.0,0.52,10.42,0.56,5.0,0.01,0.02,622.06354,1776302675000
1776302677.355,277.355,0.48,3.28,0.44,5.0,0.49,5.0,0.5,2.9,0.51,5.0,0.5,2.9,0.52,8.38,0.54,5.0,0.01,0.01,622.012022,1776302676000
1776302677.641,277.641,0.42,3.13,0.41,5.0,0.45,5.0,0.46,5.0,0.51,5.0,0.5,2.9,0.56,5.0,0.57,5.0,0.03,0.05,622.012022,1776302676000
1776302681.139,281.139,0.09,5.0,0.08,5.0,0.21,45.0,0.24,5.0,0.55,5.0,0.54,5.0,0.58,3.13,0.59,5.0,0.12,0.03,621.921627,1776302680000
1776302681.493,281.493,0.08,5.0,0.07,5.0,0.21,45.0,0.24,65.0,0.79,45.0,0.76,5.0,0.91,5.0,0.92,5.0,0.13,0.12,621.921627,1776302680000
1776302684.948,284.948,0.04,6.18,0.03,10.0,0.06,5.0,0.07,5.0,0.79,45.0,0.76,65.0,0.92,5.0,0.93,5.0,0.02,0.13,621.810036,1776302684000
1776302686.514,286.514,0.04,4.61,0.03,10.0,0.05,5.26,0.06,5.0,0.94,5.0,0.93,5.0,0.96,6.18,0.97,10.0,0.01,0.02,621.712097,1776302685000
1776302687.502,287.502,0.04,3.56,0.03,10.0,0.05,5.26,0.06,5.0,0.95,5.26,0.94,5.0,0.96,4.61,0.97,10.0,0.01,0.01,621.674946,1776302686000
1776302690.084,290.084,,,,,0.01,756.44,0.05,10.26,0.95,5.26,0.94,5.0,0.96,3.56,0.97,10.0,,0.01,621.674462,1776302688000

# RESULT,winner=Down,slug=bnb-updown-5m-1776302400,ticks=50
