timestamp,elapsed_sec,up_bid_p1,up_bid_s1,up_bid_p2,up_bid_s2,up_ask_p1,up_ask_s1,up_ask_p2,up_ask_s2,down_bid_p1,down_bid_s1,down_bid_p2,down_bid_s2,down_ask_p1,down_ask_s1,down_ask_p2,down_ask_s2,up_spread,down_spread,bnb_price,bnb_oracle_ts
1776189011.693,11.693,0.43,10.0,0.42,5.0,0.46,4.74,0.51,5.0,0.54,4.74,0.49,5.0,0.57,10.0,0.58,5.0,0.03,0.03,617.24,1776189010000
1776189012.018,12.018,0.43,10.0,0.42,5.0,0.46,4.74,0.51,5.0,0.54,4.74,0.49,5.0,0.57,10.0,0.58,5.0,0.03,0.03,617.197,1776189011000
1776189013.094,13.094,0.43,10.0,0.42,5.0,0.46,4.74,0.51,5.0,0.54,4.74,0.49,5.0,0.57,10.0,0.58,5.0,0.03,0.03,617.184,1776189012000
1776189014.082,14.082,0.43,10.0,0.42,5.0,0.46,4.74,0.51,5.0,0.54,4.74,0.49,5.0,0.57,10.0,0.58,5.0,0.03,0.03,617.169396,1776189013000
1776189015.239,15.239,0.43,10.0,0.42,5.0,0.46,4.74,0.51,5.0,0.54,4.74,0.49,5.0,0.57,10.0,0.58,5.0,0.03,0.03,617.178,1776189014000
1776189016.253,16.253,0.43,10.0,0.42,5.0,0.46,4.74,0.51,5.0,0.54,4.74,0.49,5.0,0.57,10.0,0.58,5.0,0.03,0.03,617.178,1776189015000
1776189017.153,17.153,0.43,10.0,0.42,5.0,0.46,4.74,0.51,5.0,0.54,4.74,0.49,5.0,0.57,10.0,0.58,5.0,0.03,0.03,617.182,1776189016000
1776189018.222,18.222,0.12,2.39,0.11,200.0,0.41,45.22,0.44,5.0,0.59,45.22,0.56,5.0,0.88,2.39,0.89,200.0,0.29,0.29,617.182,1776189017000
1776189019.332,19.332,0.26,3.0,0.25,5.0,0.35,5.0,0.38,13.0,0.65,5.0,0.62,13.0,0.74,3.0,0.75,5.0,0.09,0.09,616.98973,1776189018000
1776189020.453,20.453,0.26,3.0,0.25,5.0,0.35,5.0,0.38,13.0,0.65,5.0,0.62,13.0,0.74,3.0,0.75,5.0,0.09,0.09,616.851,1776189019000
1776189021.055,21.055,0.26,3.0,0.25,5.0,0.35,5.0,0.38,13.0,0.65,5.0,0.62,13.0,0.74,3.0,0.75,5.0,0.09,0.09,616.851,1776189020000
1776189022.135,22.135,0.26,3.0,0.25,5.0,0.35,5.0,0.38,13.0,0.65,5.0,0.62,13.0,0.74,3.0,0.75,5.0,0.09,0.09,616.835,1776189021000
1776189023.164,23.164,0.26,3.0,0.25,5.0,0.35,5.0,0.38,13.0,0.65,5.0,0.62,13.0,0.74,3.0,0.75,5.0,0.09,0.09,616.848,1776189022000
1776189023.888,23.888,0.26,6.51,0.25,10.0,0.35,5.0,0.38,5.0,0.65,5.0,0.62,13.0,0.74,3.0,0.75,5.0,0.09,0.09,616.848,1776189022000
1776189024.251,24.251,0.26,6.51,0.25,10.0,0.35,5.0,0.38,5.0,0.65,5.0,0.62,5.0,0.74,6.51,0.75,10.0,0.09,0.09,616.809581,1776189023000
1776189025.329,25.329,0.26,6.51,0.25,10.0,0.35,5.0,0.38,5.0,0.65,5.0,0.62,5.0,0.74,6.51,0.75,10.0,0.09,0.09,616.809526,1776189024000
1776189025.989,25.989,0.26,6.51,0.25,10.0,0.35,5.0,0.38,5.0,0.65,5.0,0.62,5.0,0.74,6.51,0.75,10.0,0.09,0.09,616.809532,1776189025000
1776189027.105,27.105,0.26,6.51,0.25,10.0,0.35,5.0,0.38,5.0,0.65,5.0,0.62,5.0,0.74,6.51,0.75,10.0,0.09,0.09,616.807588,1776189026000
1776189028.192,28.192,0.26,6.51,0.25,10.0,0.35,5.0,0.38,5.0,0.65,5.0,0.62,5.0,0.74,6.51,0.75,10.0,0.09,0.09,616.807196,1776189027000
1776189029.285,29.285,0.26,6.51,0.25,10.0,0.35,5.0,0.38,5.0,0.65,5.0,0.62,5.0,0.74,6.51,0.75,10.0,0.09,0.09,616.799962,1776189028000
1776189030.327,30.327,0.26,6.51,0.25,10.0,0.35,5.0,0.38,5.0,0.65,5.0,0.62,5.0,0.74,6.51,0.75,10.0,0.09,0.09,616.807491,1776189029000
1776189031.191,31.191,0.26,6.51,0.25,10.0,0.35,5.0,0.38,5.0,0.65,5.0,0.62,5.0,0.74,6.51,0.75,10.0,0.09,0.09,616.807536,1776189030000
1776189032.215,32.215,0.26,6.51,0.25,10.0,0.35,5.0,0.38,5.0,0.65,5.0,0.62,5.0,0.74,6.51,0.75,10.0,0.09,0.09,616.807985,1776189031000
1776189033.281,33.281,0.26,6.51,0.25,10.0,0.35,5.0,0.38,5.0,0.65,5.0,0.62,5.0,0.74,6.51,0.75,10.0,0.09,0.09,616.807938,1776189032000
1776189034.31,34.31,0.26,6.51,0.25,10.0,0.35,5.0,0.38,5.0,0.65,5.0,0.62,5.0,0.74,6.51,0.75,10.0,0.09,0.09,616.807746,1776189033000
1776189035.4,35.4,0.26,6.51,0.25,10.0,0.35,5.0,0.38,5.0,0.65,5.0,0.62,5.0,0.74,6.51,0.75,10.0,0.09,0.09,616.806444,1776189034000
1776189036.106,36.106,0.26,6.51,0.25,10.0,0.35,5.0,0.38,5.0,0.65,5.0,0.62,5.0,0.74,6.51,0.75,10.0,0.09,0.09,616.805954,1776189035000
1776189036.941,36.941,0.26,6.51,0.25,10.0,0.35,5.0,0.38,5.0,0.65,5.0,0.62,5.0,0.74,6.51,0.75,10.0,0.09,0.09,616.805954,1776189036000
1776189037.972,37.972,0.26,6.51,0.25,10.0,0.35,5.0,0.38,5.0,0.65,5.0,0.62,5.0,0.74,6.51,0.75,10.0,0.09,0.09,616.806006,1776189037000
1776189039.027,39.027,0.26,6.51,0.25,10.0,0.35,5.0,0.38,5.0,0.65,5.0,0.62,5.0,0.74,6.51,0.75,10.0,0.09,0.09,616.795703,1776189038000
1776189040.029,40.029,0.26,6.51,0.25,10.0,0.35,5.0,0.38,5.0,0.65,5.0,0.62,5.0,0.74,6.51,0.75,10.0,0.09,0.09,616.794739,1776189039000
1776189041.106,41.106,0.26,6.51,0.25,10.0,0.35,5.0,0.38,5.0,0.65,5.0,0.62,5.0,0.74,6.51,0.75,10.0,0.09,0.09,616.785994,1776189040000
1776189042.101,42.101,0.26,6.51,0.25,10.0,0.35,5.0,0.38,5.0,0.65,5.0,0.62,5.0,0.74,6.51,0.75,10.0,0.09,0.09,616.785994,1776189041000
1776189043.141,43.141,0.26,6.51,0.25,10.0,0.35,5.0,0.38,5.0,0.65,5.0,0.62,5.0,0.74,6.51,0.75,10.0,0.09,0.09,616.783508,1776189042000
1776189044.763,44.763,0.26,6.51,0.25,10.0,0.35,5.0,0.38,5.0,0.65,5.0,0.62,5.0,0.74,6.51,0.75,10.0,0.09,0.09,616.787814,1776189043000
1776189045.356,45.356,0.26,6.51,0.25,10.0,0.35,5.0,0.38,5.0,0.65,5.0,0.62,5.0,0.74,6.51,0.75,10.0,0.09,0.09,616.787814,1776189044000
1776189046.359,46.359,0.26,6.51,0.25,10.0,0.35,5.0,0.38,5.0,0.65,5.0,0.62,5.0,0.74,6.51,0.75,10.0,0.09,0.09,616.786416,1776189045000
1776189046.99,46.99,0.26,6.51,0.25,10.0,0.35,5.0,0.38,5.0,0.65,5.0,0.62,5.0,0.74,6.51,0.75,10.0,0.09,0.09,616.786416,1776189046000
1776189047.837,47.837,0.26,6.51,0.25,10.0,0.35,5.0,0.38,5.0,0.65,5.0,0.62,5.0,0.74,6.51,0.75,10.0,0.09,0.09,616.787237,1776189047000
1776189048.892,48.892,0.26,6.51,0.25,10.0,0.35,5.0,0.38,5.0,0.65,5.0,0.62,5.0,0.74,6.51,0.75,10.0,0.09,0.09,616.792991,1776189048000
1776189049.923,49.923,0.26,6.51,0.25,10.0,0.35,5.0,0.38,5.0,0.65,5.0,0.62,5.0,0.74,6.51,0.75,10.0,0.09,0.09,616.792991,1776189049000
1776189050.994,50.994,0.26,6.51,0.25,10.0,0.35,5.0,0.38,5.0,0.65,5.0,0.62,5.0,0.74,6.51,0.75,10.0,0.09,0.09,616.792838,1776189050000
1776189052.079,52.079,0.26,6.51,0.25,10.0,0.35,5.0,0.38,5.0,0.65,5.0,0.62,5.0,0.74,6.51,0.75,10.0,0.09,0.09,616.792838,1776189051000
1776189053.051,53.051,0.26,6.51,0.25,10.0,0.35,5.0,0.38,5.0,0.65,5.0,0.62,5.0,0.74,6.51,0.75,10.0,0.09,0.09,616.793153,1776189052000
1776189054.119,54.119,0.26,6.51,0.25,10.0,0.35,5.0,0.38,5.0,0.65,5.0,0.62,5.0,0.74,6.51,0.75,10.0,0.09,0.09,616.789609,1776189053000
1776189055.063,55.063,0.26,6.51,0.25,10.0,0.35,5.0,0.38,5.0,0.65,5.0,0.62,5.0,0.74,6.51,0.75,10.0,0.09,0.09,616.790007,1776189054000
1776189056.066,56.066,0.26,6.51,0.25,10.0,0.35,5.0,0.38,5.0,0.65,5.0,0.62,5.0,0.74,6.51,0.75,10.0,0.09,0.09,616.791365,1776189055000
1776189057.088,57.088,0.26,6.51,0.25,10.0,0.35,5.0,0.38,5.0,0.65,5.0,0.62,5.0,0.74,6.51,0.75,10.0,0.09,0.09,616.79209,1776189056000
1776189058.133,58.133,0.26,6.51,0.25,10.0,0.35,5.0,0.38,5.0,0.65,5.0,0.62,5.0,0.74,6.51,0.75,10.0,0.09,0.09,616.79209,1776189057000
1776189059.091,59.091,0.26,6.51,0.25,10.0,0.35,5.0,0.38,5.0,0.65,5.0,0.62,5.0,0.74,6.51,0.75,10.0,0.09,0.09,616.792088,1776189058000
1776189060.093,60.093,0.26,6.51,0.25,10.0,0.35,5.0,0.38,5.0,0.65,5.0,0.62,5.0,0.74,6.51,0.75,10.0,0.09,0.09,616.791176,1776189059000
1776189061.14,61.14,0.26,6.51,0.25,10.0,0.35,5.0,0.38,5.0,0.65,5.0,0.62,5.0,0.74,6.51,0.75,10.0,0.09,0.09,616.79028,1776189060000
1776189062.217,62.217,0.26,6.51,0.25,10.0,0.35,5.0,0.38,5.0,0.65,5.0,0.62,5.0,0.74,6.51,0.75,10.0,0.09,0.09,616.789979,1776189061000
1776189063.156,63.156,0.26,6.51,0.25,10.0,0.35,5.0,0.38,5.0,0.65,5.0,0.62,5.0,0.74,6.51,0.75,10.0,0.09,0.09,616.789979,1776189062000
1776189064.185,64.185,0.26,6.51,0.25,10.0,0.35,5.0,0.38,5.0,0.65,5.0,0.62,5.0,0.74,6.51,0.75,10.0,0.09,0.09,616.799184,1776189063000
1776189065.157,65.157,0.26,6.51,0.25,10.0,0.35,5.0,0.38,5.0,0.65,5.0,0.62,5.0,0.74,6.51,0.75,10.0,0.09,0.09,616.807229,1776189064000
1776189065.724,65.724,0.24,8.15,0.23,10.0,0.32,7.0,0.33,5.0,0.65,5.0,0.62,5.0,0.74,6.51,0.75,10.0,0.08,0.09,616.807229,1776189064000
1776189066.17,66.17,0.24,8.15,0.23,10.0,0.32,7.0,0.33,5.0,0.68,7.0,0.67,5.0,0.76,8.15,0.77,10.0,0.08,0.08,616.808656,1776189065000
1776189067.219,67.219,0.24,8.15,0.23,10.0,0.32,7.0,0.33,5.0,0.68,7.0,0.67,5.0,0.76,8.15,0.77,10.0,0.08,0.08,616.808656,1776189066000
1776189068.212,68.212,0.24,8.15,0.23,10.0,0.32,7.0,0.33,5.0,0.68,7.0,0.67,5.0,0.76,8.15,0.77,10.0,0.08,0.08,616.807557,1776189067000
1776189069.194,69.194,0.24,8.15,0.23,10.0,0.32,7.0,0.33,5.0,0.68,7.0,0.67,5.0,0.76,8.15,0.77,10.0,0.08,0.08,616.803457,1776189068000
1776189070.262,70.262,0.24,8.15,0.23,10.0,0.32,7.0,0.33,5.0,0.68,7.0,0.67,5.0,0.76,8.15,0.77,10.0,0.08,0.08,616.803986,1776189069000
1776189071.251,71.251,0.24,8.15,0.23,10.0,0.32,7.0,0.33,5.0,0.68,7.0,0.67,5.0,0.76,8.15,0.77,10.0,0.08,0.08,616.803986,1776189070000
1776189072.382,72.382,0.24,8.15,0.23,10.0,0.32,7.0,0.33,5.0,0.68,7.0,0.67,5.0,0.76,8.15,0.77,10.0,0.08,0.08,616.802921,1776189071000
1776189073.34,73.34,0.24,8.15,0.23,10.0,0.32,7.0,0.33,5.0,0.68,7.0,0.67,5.0,0.76,8.15,0.77,10.0,0.08,0.08,616.802741,1776189072000
1776189074.326,74.326,0.24,8.15,0.23,10.0,0.32,7.0,0.33,5.0,0.68,7.0,0.67,5.0,0.76,8.15,0.77,10.0,0.08,0.08,616.80163,1776189073000
1776189074.866,74.866,0.24,8.15,0.23,10.0,0.32,7.0,0.33,5.0,0.68,7.0,0.67,5.0,0.76,8.15,0.77,10.0,0.08,0.08,616.801888,1776189074000
1776189075.123,75.123,0.23,5.0,0.19,16.89,0.28,6.0,0.32,11.9,0.68,7.0,0.67,5.0,0.76,8.15,0.77,10.0,0.05,0.08,616.801888,1776189074000
1776189075.931,75.931,0.23,5.0,0.19,16.89,0.28,6.0,0.32,11.9,0.72,6.0,0.68,11.9,0.77,5.0,0.81,16.89,0.05,0.05,616.801888,1776189075000
1776189076.225,76.225,0.19,10.58,0.18,17.6,0.28,6.0,0.32,11.9,0.72,6.0,0.68,11.9,0.77,5.0,0.81,16.89,0.09,0.05,616.801888,1776189075000
1776189076.934,76.934,0.19,9.14,0.18,17.6,0.28,6.0,0.32,11.9,0.72,6.0,0.68,11.9,0.81,9.14,0.82,17.6,0.09,0.09,616.802074,1776189076000
1776189077.983,77.983,0.19,9.14,0.18,17.6,0.28,6.0,0.32,11.9,0.72,6.0,0.68,11.9,0.81,9.14,0.82,17.6,0.09,0.09,616.802101,1776189077000
1776189078.992,78.992,0.19,9.14,0.18,17.6,0.28,6.0,0.32,11.9,0.72,6.0,0.68,11.9,0.81,9.14,0.82,17.6,0.09,0.09,616.802531,1776189078000
1776189079.998,79.998,0.19,9.14,0.18,17.6,0.28,6.0,0.32,11.9,0.72,6.0,0.68,11.9,0.81,9.14,0.82,17.6,0.09,0.09,616.80266,1776189079000
1776189080.96,80.96,0.19,9.14,0.18,17.6,0.28,6.0,0.32,11.9,0.72,6.0,0.68,11.9,0.81,9.14,0.82,17.6,0.09,0.09,616.80266,1776189080000
1776189082.049,82.049,0.19,9.14,0.18,17.6,0.28,6.0,0.32,11.9,0.72,6.0,0.68,11.9,0.81,9.14,0.82,17.6,0.09,0.09,616.802552,1776189081000
1776189083.016,83.016,0.19,9.14,0.18,17.6,0.28,6.0,0.32,11.9,0.72,6.0,0.68,11.9,0.81,9.14,0.82,17.6,0.09,0.09,616.797862,1776189082000
1776189084.474,84.474,0.19,9.14,0.18,17.6,0.28,6.0,0.32,11.9,0.72,6.0,0.68,11.9,0.81,9.14,0.82,17.6,0.09,0.09,616.79917,1776189083000
1776189085.135,85.135,0.19,9.14,0.18,17.6,0.28,6.0,0.32,11.9,0.72,6.0,0.68,11.9,0.81,9.14,0.82,17.6,0.09,0.09,616.799194,1776189084000
1776189086.454,86.454,0.19,9.14,0.18,17.6,0.28,6.0,0.32,11.9,0.72,6.0,0.68,11.9,0.81,9.14,0.82,17.6,0.09,0.09,616.798067,1776189085000
1776189087.123,87.123,0.19,9.14,0.18,17.6,0.28,6.0,0.32,11.9,0.72,6.0,0.68,11.9,0.81,9.14,0.82,17.6,0.09,0.09,616.798067,1776189086000
1776189088.278,88.278,0.19,9.14,0.18,17.6,0.28,6.0,0.32,11.9,0.72,6.0,0.68,11.9,0.81,9.14,0.82,17.6,0.09,0.09,616.91288,1776189087000
1776189089.566,89.566,0.19,9.14,0.18,17.6,0.28,6.0,0.32,11.9,0.72,6.0,0.68,11.9,0.81,9.14,0.82,17.6,0.09,0.09,616.91288,1776189088000
1776189090.305,90.305,0.19,9.14,0.18,17.6,0.28,6.0,0.32,11.9,0.72,6.0,0.68,11.9,0.81,9.14,0.82,17.6,0.09,0.09,616.913885,1776189089000
1776189091.604,91.604,0.19,9.14,0.18,17.6,0.28,6.0,0.32,11.9,0.72,6.0,0.68,11.9,0.81,9.14,0.82,17.6,0.09,0.09,616.914801,1776189090000
1776189092.353,92.353,0.19,9.14,0.18,17.6,0.28,6.0,0.32,11.9,0.72,6.0,0.68,11.9,0.81,9.14,0.82,17.6,0.09,0.09,616.914801,1776189091000
1776189092.998,92.998,0.19,9.14,0.18,17.6,0.28,6.0,0.32,11.9,0.72,6.0,0.68,11.9,0.81,9.14,0.82,17.6,0.09,0.09,616.914265,1776189092000
1776189094.391,94.391,0.19,9.14,0.18,17.6,0.28,6.0,0.32,11.9,0.72,6.0,0.68,11.9,0.81,9.14,0.82,17.6,0.09,0.09,616.911743,1776189093000
1776189094.895,94.895,0.19,9.14,0.18,17.6,0.28,6.0,0.32,11.9,0.72,6.0,0.68,11.9,0.81,9.14,0.82,17.6,0.09,0.09,616.911743,1776189094000
1776189096.193,96.193,0.19,9.14,0.18,17.6,0.28,6.0,0.32,11.9,0.72,6.0,0.68,11.9,0.81,9.14,0.82,17.6,0.09,0.09,616.912683,1776189095000
1776189097.421,97.421,0.19,9.14,0.18,17.6,0.28,6.0,0.32,11.9,0.72,6.0,0.68,11.9,0.81,9.14,0.82,17.6,0.09,0.09,616.912044,1776189096000
1776189098.196,98.196,0.19,9.14,0.18,17.6,0.28,6.0,0.32,11.9,0.72,6.0,0.68,11.9,0.81,9.14,0.82,17.6,0.09,0.09,616.913016,1776189097000
1776189099.415,99.415,0.19,9.14,0.18,17.6,0.28,6.0,0.32,11.9,0.72,6.0,0.68,11.9,0.81,9.14,0.82,17.6,0.09,0.09,616.914307,1776189098000
1776189100.134,100.134,0.19,9.14,0.18,17.6,0.28,6.0,0.32,11.9,0.72,6.0,0.68,11.9,0.81,9.14,0.82,17.6,0.09,0.09,616.914331,1776189099000
1776189101.332,101.332,0.19,9.14,0.18,17.6,0.28,6.0,0.32,11.9,0.72,6.0,0.68,11.9,0.81,9.14,0.82,17.6,0.09,0.09,616.915151,1776189100000
1776189102.241,102.241,0.19,9.14,0.18,17.6,0.28,6.0,0.32,11.9,0.72,6.0,0.68,11.9,0.81,9.14,0.82,17.6,0.09,0.09,616.915151,1776189101000
1776189103.251,103.251,0.19,9.14,0.18,17.6,0.28,6.0,0.32,11.9,0.72,6.0,0.68,11.9,0.81,9.14,0.82,17.6,0.09,0.09,616.915697,1776189102000
1776189104.521,104.521,0.19,9.14,0.18,17.6,0.28,6.0,0.32,11.9,0.72,6.0,0.68,11.9,0.81,9.14,0.82,17.6,0.09,0.09,616.915798,1776189103000
1776189105.103,105.103,0.19,9.14,0.18,17.6,0.28,6.0,0.32,11.9,0.72,6.0,0.68,11.9,0.81,9.14,0.82,17.6,0.09,0.09,616.915661,1776189104000
1776189106.311,106.311,0.19,9.14,0.18,17.6,0.28,6.0,0.32,11.9,0.72,6.0,0.68,11.9,0.81,9.14,0.82,17.6,0.09,0.09,616.915661,1776189105000
1776189107.504,107.504,0.19,9.14,0.18,17.6,0.28,6.0,0.32,11.9,0.72,6.0,0.68,11.9,0.81,9.14,0.82,17.6,0.09,0.09,616.917234,1776189106000
1776189107.994,107.994,0.19,9.14,0.18,17.6,0.28,6.0,0.32,11.9,0.72,6.0,0.68,11.9,0.81,9.14,0.82,17.6,0.09,0.09,616.917234,1776189107000
1776189109.158,109.158,0.19,9.14,0.18,17.6,0.28,6.0,0.32,11.9,0.72,6.0,0.68,11.9,0.81,9.14,0.82,17.6,0.09,0.09,616.921333,1776189108000
1776189110.308,110.308,0.19,9.14,0.18,17.6,0.28,6.0,0.32,11.9,0.72,6.0,0.68,11.9,0.81,9.14,0.82,17.6,0.09,0.09,616.921333,1776189109000
1776189111.716,111.716,0.19,9.14,0.18,17.6,0.28,6.0,0.32,11.9,0.72,6.0,0.68,11.9,0.81,9.14,0.82,17.6,0.09,0.09,616.921725,1776189110000
1776189112.287,112.287,0.19,9.14,0.18,17.6,0.28,6.0,0.32,11.9,0.72,6.0,0.68,11.9,0.81,9.14,0.82,17.6,0.09,0.09,616.921772,1776189111000
1776189113.489,113.489,0.19,9.14,0.18,17.6,0.28,6.0,0.32,11.9,0.72,6.0,0.68,11.9,0.81,9.14,0.82,17.6,0.09,0.09,616.921462,1776189112000
1776189114.054,114.054,0.19,9.14,0.18,17.6,0.28,6.0,0.32,11.9,0.72,6.0,0.68,11.9,0.81,9.14,0.82,17.6,0.09,0.09,616.920946,1776189113000
1776189115.196,115.196,0.19,9.14,0.18,17.6,0.28,6.0,0.32,11.9,0.72,6.0,0.68,11.9,0.81,9.14,0.82,17.6,0.09,0.09,616.920677,1776189114000
1776189116.198,116.198,0.19,9.14,0.18,17.6,0.28,6.0,0.32,11.9,0.72,6.0,0.68,11.9,0.81,9.14,0.82,17.6,0.09,0.09,616.918794,1776189115000
1776189117.285,117.285,0.19,9.14,0.18,17.6,0.28,6.0,0.32,11.9,0.72,6.0,0.68,11.9,0.81,9.14,0.82,17.6,0.09,0.09,616.918871,1776189116000
1776189118.365,118.365,0.19,9.14,0.18,17.6,0.28,6.0,0.32,11.9,0.72,6.0,0.68,11.9,0.81,9.14,0.82,17.6,0.09,0.09,616.918858,1776189117000
1776189119.063,119.063,0.19,9.14,0.18,17.6,0.28,6.0,0.32,11.9,0.72,6.0,0.68,11.9,0.81,9.14,0.82,17.6,0.09,0.09,616.91882,1776189118000
1776189120.121,120.121,0.19,9.14,0.18,17.6,0.28,6.0,0.32,11.9,0.72,6.0,0.68,11.9,0.81,9.14,0.82,17.6,0.09,0.09,616.919111,1776189119000
1776189121.224,121.224,0.19,9.14,0.18,17.6,0.28,6.0,0.32,11.9,0.72,6.0,0.68,11.9,0.81,9.14,0.82,17.6,0.09,0.09,616.918906,1776189120000
1776189122.324,122.324,0.19,9.14,0.18,17.6,0.28,6.0,0.32,11.9,0.72,6.0,0.68,11.9,0.81,9.14,0.82,17.6,0.09,0.09,616.919124,1776189121000
1776189123.388,123.388,0.19,9.14,0.18,17.6,0.28,6.0,0.32,11.9,0.72,6.0,0.68,11.9,0.81,9.14,0.82,17.6,0.09,0.09,616.919124,1776189122000
1776189124.031,124.031,0.19,9.14,0.18,17.6,0.28,6.0,0.32,11.9,0.72,6.0,0.68,11.9,0.81,9.14,0.82,17.6,0.09,0.09,616.91919,1776189123000
1776189124.604,124.604,0.22,15.2,0.21,15.7,0.28,6.0,0.36,10.0,0.72,6.0,0.68,11.9,0.81,9.14,0.82,17.6,0.06,0.09,616.91919,1776189123000
1776189125.133,125.133,0.22,15.2,0.21,15.7,0.28,6.0,0.36,10.0,0.72,6.0,0.64,10.0,0.78,15.2,0.79,15.7,0.06,0.06,616.919269,1776189124000
1776189125.548,125.548,0.23,14.7,0.22,15.2,0.27,5.0,0.28,6.0,0.72,6.0,0.64,10.0,0.78,15.2,0.79,15.7,0.04,0.06,616.919269,1776189124000
1776189126.173,126.173,0.23,14.7,0.22,15.2,0.27,5.0,0.28,6.0,0.73,5.0,0.72,6.0,0.77,14.7,0.78,15.2,0.04,0.04,616.920159,1776189125000
1776189127.257,127.257,0.23,14.7,0.22,15.2,0.27,5.0,0.28,6.0,0.73,5.0,0.72,6.0,0.77,14.7,0.78,15.2,0.04,0.04,616.920294,1776189126000
1776189128.305,128.305,0.23,14.7,0.22,15.2,0.27,5.0,0.28,6.0,0.73,5.0,0.72,6.0,0.77,14.7,0.78,15.2,0.04,0.04,616.920459,1776189127000
1776189129.359,129.359,0.26,13.5,0.25,13.9,0.35,4.88,0.61,10.0,0.73,5.0,0.72,6.0,0.77,14.7,0.78,15.2,0.09,0.04,616.920459,1776189127000
1776189130.152,130.152,0.46,5.0,0.41,50.0,0.49,2.93,0.61,10.0,0.39,0.13,0.36,11.3,0.69,50.0,0.74,13.5,0.03,0.3,616.928944,1776189128000
1776189130.353,130.353,0.41,37.0,0.4,5.0,0.61,5.0,0.64,11.3,0.39,2.61,0.36,11.3,0.54,5.0,0.59,50.0,0.2,0.15,616.928944,1776189128000
1776189130.648,130.648,0.41,37.0,0.4,5.0,0.61,5.0,0.64,11.3,0.39,5.0,0.36,11.3,0.59,37.0,0.6,5.0,0.2,0.2,616.936,1776189129000
1776189131.676,131.676,0.41,37.0,0.4,5.0,0.61,5.0,0.64,11.3,0.39,5.0,0.36,11.3,0.59,37.0,0.6,5.0,0.2,0.2,617.273684,1776189130000
1776189132.35,132.35,0.41,37.0,0.4,5.0,0.61,5.0,0.64,11.3,0.39,5.0,0.36,11.3,0.59,37.0,0.6,5.0,0.2,0.2,617.295383,1776189131000
1776189133.43,133.43,0.41,37.0,0.4,5.0,0.61,5.0,0.64,11.3,0.39,5.0,0.36,11.3,0.59,37.0,0.6,5.0,0.2,0.2,617.305526,1776189132000
1776189134.224,134.224,0.41,37.0,0.4,5.0,0.61,5.0,0.64,11.3,0.39,5.0,0.36,11.3,0.59,37.0,0.6,5.0,0.2,0.2,617.308934,1776189133000
1776189135.72,135.72,0.41,37.0,0.4,5.0,0.61,5.0,0.64,11.3,0.39,5.0,0.36,11.3,0.59,37.0,0.6,5.0,0.2,0.2,617.308934,1776189134000
1776189136.425,136.425,0.41,37.0,0.4,5.0,0.61,5.0,0.64,11.3,0.39,5.0,0.36,11.3,0.59,37.0,0.6,5.0,0.2,0.2,617.311643,1776189135000
1776189137.277,137.277,0.41,37.0,0.4,5.0,0.61,5.0,0.64,11.3,0.39,5.0,0.36,11.3,0.59,37.0,0.6,5.0,0.2,0.2,617.246947,1776189136000
1776189138.879,138.879,0.41,37.0,0.4,5.0,0.61,5.0,0.64,11.3,0.39,5.0,0.36,11.3,0.59,37.0,0.6,5.0,0.2,0.2,617.245277,1776189137000
1776189139.623,139.623,0.41,37.0,0.4,5.0,0.61,5.0,0.64,11.3,0.39,5.0,0.36,11.3,0.59,37.0,0.6,5.0,0.2,0.2,617.245248,1776189138000
1776189140.161,140.161,0.45,6.53,0.44,5.0,0.6,14.8,0.61,60.9,0.39,5.0,0.36,11.3,0.59,37.0,0.6,5.0,0.15,0.2,617.245248,1776189138000
1776189141.035,141.035,0.45,6.53,0.44,5.0,0.6,14.8,0.61,60.9,0.4,14.8,0.39,60.9,0.55,6.53,0.56,5.0,0.15,0.15,617.245145,1776189140000
1776189142.487,142.487,0.45,6.53,0.44,5.0,0.6,14.8,0.61,60.9,0.4,14.8,0.39,60.9,0.55,6.53,0.56,5.0,0.15,0.15,617.24762,1776189141000
1776189143.217,143.217,0.45,6.53,0.44,5.0,0.6,14.8,0.61,60.9,0.4,14.8,0.39,60.9,0.55,6.53,0.56,5.0,0.15,0.15,617.247602,1776189142000
1776189144.716,144.716,0.45,6.53,0.44,5.0,0.6,14.8,0.61,60.9,0.4,14.8,0.39,60.9,0.55,6.53,0.56,5.0,0.15,0.15,617.253032,1776189143000
1776189145.381,145.381,0.45,6.53,0.44,5.0,0.6,14.8,0.61,60.9,0.4,14.8,0.39,60.9,0.55,6.53,0.56,5.0,0.15,0.15,617.253032,1776189144000
1776189146.163,146.163,0.45,6.53,0.44,5.0,0.6,14.8,0.61,60.9,0.4,14.8,0.39,60.9,0.55,6.53,0.56,5.0,0.15,0.15,617.252543,1776189145000
1776189147.598,147.598,0.45,6.53,0.44,5.0,0.6,14.8,0.61,60.9,0.4,14.8,0.39,60.9,0.55,6.53,0.56,5.0,0.15,0.15,617.251621,1776189146000
1776189148.371,148.371,0.45,6.53,0.44,5.0,0.6,14.8,0.61,60.9,0.4,14.8,0.39,60.9,0.55,6.53,0.56,5.0,0.15,0.15,617.251211,1776189147000
1776189149.132,149.132,0.45,6.53,0.44,5.0,0.6,14.8,0.61,60.9,0.4,14.8,0.39,60.9,0.55,6.53,0.56,5.0,0.15,0.15,617.250531,1776189148000
1776189150.15,150.15,0.45,6.53,0.44,5.0,0.6,14.8,0.61,60.9,0.4,14.8,0.39,60.9,0.55,6.53,0.56,5.0,0.15,0.15,617.250513,1776189149000
1776189151.142,151.142,0.45,6.53,0.44,5.0,0.6,14.8,0.61,60.9,0.4,14.8,0.39,60.9,0.55,6.53,0.56,5.0,0.15,0.15,617.2501,1776189150000
1776189152.089,152.089,0.45,6.53,0.44,5.0,0.6,14.8,0.61,60.9,0.4,14.8,0.39,60.9,0.55,6.53,0.56,5.0,0.15,0.15,617.25145,1776189151000
1776189153.093,153.093,0.45,6.53,0.44,5.0,0.6,14.8,0.61,60.9,0.4,14.8,0.39,60.9,0.55,6.53,0.56,5.0,0.15,0.15,617.251322,1776189152000
1776189154.086,154.086,0.45,6.53,0.44,5.0,0.6,14.8,0.61,60.9,0.4,14.8,0.39,60.9,0.55,6.53,0.56,5.0,0.15,0.15,617.251321,1776189153000
1776189155.129,155.129,0.45,6.53,0.44,5.0,0.6,14.8,0.61,60.9,0.4,14.8,0.39,60.9,0.55,6.53,0.56,5.0,0.15,0.15,617.257,1776189154000
1776189155.746,155.746,0.53,1.53,0.52,10.0,0.55,5.0,0.57,15.6,0.4,14.8,0.39,60.9,0.55,6.53,0.56,5.0,0.02,0.15,617.257,1776189154000
1776189155.977,155.977,0.52,10.0,0.43,5.0,0.55,5.0,0.57,15.6,0.45,5.0,0.43,15.6,0.47,1.53,0.48,10.0,0.03,0.02,617.257,1776189154000
1776189156.893,156.893,0.39,5.0,0.36,10.0,0.51,40.0,0.53,33.0,0.45,5.0,0.43,15.6,0.48,10.0,0.57,5.0,0.12,0.03,617.255,1776189155000
1776189157.226,157.226,0.39,5.0,0.36,10.0,0.51,40.0,0.53,33.0,0.49,40.0,0.47,33.0,0.61,5.0,0.64,10.0,0.12,0.12,617.255,1776189156000
1776189158.224,158.224,0.39,5.0,0.36,10.0,0.51,40.0,0.53,33.0,0.49,40.0,0.47,33.0,0.61,5.0,0.64,10.0,0.12,0.12,617.252,1776189157000
1776189159.206,159.206,0.39,5.0,0.36,10.0,0.51,40.0,0.53,33.0,0.49,40.0,0.47,33.0,0.61,5.0,0.64,10.0,0.12,0.12,617.242805,1776189158000
1776189160.306,160.306,0.39,5.0,0.36,10.0,0.51,40.0,0.53,33.0,0.49,40.0,0.47,33.0,0.61,5.0,0.64,10.0,0.12,0.12,617.229124,1776189159000
1776189160.92,160.92,0.27,5.0,0.26,10.0,0.41,76.0,0.42,5.0,0.49,40.0,0.47,33.0,0.61,5.0,0.64,10.0,0.14,0.12,617.229124,1776189159000
1776189161.234,161.234,0.27,5.0,0.26,10.0,0.41,76.0,0.42,5.0,0.59,76.0,0.58,5.0,0.73,5.0,0.74,10.0,0.14,0.14,617.16837,1776189160000
1776189162.281,162.281,0.27,5.0,0.26,10.0,0.41,76.0,0.42,5.0,0.59,76.0,0.58,5.0,0.73,5.0,0.74,10.0,0.14,0.14,617.1192,1776189161000
1776189163.445,163.445,0.27,5.0,0.26,10.0,0.41,76.0,0.42,5.0,0.59,76.0,0.58,5.0,0.73,5.0,0.74,10.0,0.14,0.14,617.11049,1776189162000
1776189163.96,163.96,0.27,5.0,0.26,10.0,0.41,76.0,0.42,5.0,0.59,76.0,0.58,5.0,0.73,5.0,0.74,10.0,0.14,0.14,617.10904,1776189163000
1776189165.008,165.008,0.27,5.0,0.26,10.0,0.41,76.0,0.42,5.0,0.59,76.0,0.58,5.0,0.73,5.0,0.74,10.0,0.14,0.14,617.00604,1776189164000
1776189166.1,166.1,0.27,5.0,0.26,10.0,0.41,76.0,0.42,5.0,0.59,76.0,0.58,5.0,0.73,5.0,0.74,10.0,0.14,0.14,617.005012,1776189165000
1776189167.159,167.159,0.27,5.0,0.26,10.0,0.41,76.0,0.42,5.0,0.59,76.0,0.58,5.0,0.73,5.0,0.74,10.0,0.14,0.14,616.961,1776189166000
1776189168.309,168.309,0.27,5.0,0.26,10.0,0.41,76.0,0.42,5.0,0.59,76.0,0.58,5.0,0.73,5.0,0.74,10.0,0.14,0.14,616.943,1776189167000
1776189169.49,169.49,0.27,5.0,0.26,10.0,0.41,76.0,0.42,5.0,0.59,76.0,0.58,5.0,0.73,5.0,0.74,10.0,0.14,0.14,616.952,1776189168000
1776189170.027,170.027,0.27,5.0,0.26,10.0,0.41,76.0,0.42,5.0,0.59,76.0,0.58,5.0,0.73,5.0,0.74,10.0,0.14,0.14,616.955,1776189169000
1776189171.238,171.238,0.27,5.0,0.26,10.0,0.41,76.0,0.42,5.0,0.59,76.0,0.58,5.0,0.73,5.0,0.74,10.0,0.14,0.14,616.955,1776189170000
1776189172.304,172.304,0.27,5.0,0.26,10.0,0.41,76.0,0.42,5.0,0.59,76.0,0.58,5.0,0.73,5.0,0.74,10.0,0.14,0.14,616.937,1776189171000
1776189173.603,173.603,0.27,5.0,0.26,10.0,0.41,76.0,0.42,5.0,0.59,76.0,0.58,5.0,0.73,5.0,0.74,10.0,0.14,0.14,616.938,1776189172000
1776189174.197,174.197,0.27,5.0,0.26,10.0,0.41,76.0,0.42,5.0,0.59,76.0,0.58,5.0,0.73,5.0,0.74,10.0,0.14,0.14,616.969,1776189173000
1776189175.309,175.309,0.27,5.0,0.26,10.0,0.41,76.0,0.42,5.0,0.59,76.0,0.58,5.0,0.73,5.0,0.74,10.0,0.14,0.14,616.964,1776189174000
1776189176.505,176.505,0.27,5.0,0.26,10.0,0.41,76.0,0.42,5.0,0.59,76.0,0.58,5.0,0.73,5.0,0.74,10.0,0.14,0.14,616.969,1776189175000
1776189177.066,177.066,0.27,5.0,0.26,10.0,0.41,76.0,0.42,5.0,0.59,76.0,0.58,5.0,0.73,5.0,0.74,10.0,0.14,0.14,616.969,1776189176000
1776189179.734,179.734,0.27,5.0,0.26,10.0,0.41,76.0,0.42,5.0,0.59,76.0,0.58,5.0,0.73,5.0,0.74,10.0,0.14,0.14,616.953,1776189177000
1776189180.431,180.431,0.27,5.0,0.26,10.0,0.41,76.0,0.42,5.0,0.59,76.0,0.58,5.0,0.73,5.0,0.74,10.0,0.14,0.14,616.98,1776189179000
1776189180.941,180.941,0.27,5.0,0.26,10.0,0.41,76.0,0.42,5.0,0.59,76.0,0.58,5.0,0.73,5.0,0.74,10.0,0.14,0.14,616.98,1776189180000
1776189182.247,182.247,0.27,5.0,0.26,10.0,0.41,76.0,0.42,5.0,0.59,76.0,0.58,5.0,0.73,5.0,0.74,10.0,0.14,0.14,617.017,1776189181000
1776189183.42,183.42,0.27,5.0,0.26,10.0,0.41,76.0,0.42,5.0,0.59,76.0,0.58,5.0,0.73,5.0,0.74,10.0,0.14,0.14,617.017,1776189182000
1776189184.444,184.444,0.27,5.0,0.26,10.0,0.41,76.0,0.42,5.0,0.59,76.0,0.58,5.0,0.73,5.0,0.74,10.0,0.14,0.14,617.02,1776189183000
1776189184.983,184.983,0.27,5.0,0.26,10.0,0.41,76.0,0.42,5.0,0.59,76.0,0.58,5.0,0.73,5.0,0.74,10.0,0.14,0.14,617.02,1776189184000
1776189186.158,186.158,0.27,5.0,0.26,10.0,0.41,76.0,0.42,5.0,0.59,76.0,0.58,5.0,0.73,5.0,0.74,10.0,0.14,0.14,617.0258,1776189185000
1776189187.345,187.345,0.27,5.0,0.26,10.0,0.41,76.0,0.42,5.0,0.59,76.0,0.58,5.0,0.73,5.0,0.74,10.0,0.14,0.14,617.02188,1776189186000
1776189187.553,187.553,0.14,5.0,0.11,26.6,0.21,50.0,0.31,90.2,0.59,76.0,0.58,5.0,0.73,5.0,0.74,10.0,0.07,0.14,617.02188,1776189186000
1776189187.891,187.891,0.14,5.0,0.11,26.6,0.21,50.0,0.31,90.2,0.79,50.0,0.69,90.2,0.86,5.0,0.89,26.6,0.07,0.07,617.02228,1776189187000
1776189189.203,189.203,0.14,5.0,0.11,26.6,0.21,50.0,0.31,90.2,0.79,50.0,0.69,90.2,0.86,5.0,0.89,26.6,0.07,0.07,616.938,1776189188000
1776189190.432,190.432,0.14,5.0,0.11,26.6,0.21,50.0,0.31,90.2,0.79,50.0,0.69,90.2,0.86,5.0,0.89,26.6,0.07,0.07,616.759622,1776189189000
1776189191.094,191.094,0.14,5.0,0.11,26.6,0.21,50.0,0.31,90.2,0.79,50.0,0.69,90.2,0.86,5.0,0.89,26.6,0.07,0.07,616.753,1776189190000
1776189191.469,191.469,0.12,38.89,0.1,15.0,0.18,5.0,0.19,5.0,0.79,50.0,0.69,90.2,0.86,5.0,0.89,26.6,0.06,0.07,616.753,1776189190000
1776189192.334,192.334,0.12,38.89,0.1,15.0,0.18,5.0,0.19,5.0,0.82,5.0,0.81,5.0,0.88,38.89,0.9,15.0,0.06,0.06,616.732373,1776189191000
1776189193.476,193.476,0.12,38.89,0.1,15.0,0.18,5.0,0.19,5.0,0.82,5.0,0.81,5.0,0.88,38.89,0.9,15.0,0.06,0.06,616.69243,1776189192000
1776189194.046,194.046,0.12,38.89,0.1,15.0,0.18,5.0,0.19,5.0,0.82,5.0,0.81,5.0,0.88,38.89,0.9,15.0,0.06,0.06,616.69243,1776189193000
1776189195.757,195.757,0.12,38.89,0.1,15.0,0.18,5.0,0.19,5.0,0.82,5.0,0.81,5.0,0.88,38.89,0.9,15.0,0.06,0.06,616.692143,1776189194000
1776189196.386,196.386,0.12,38.89,0.1,15.0,0.18,5.0,0.19,5.0,0.82,5.0,0.81,5.0,0.88,38.89,0.9,15.0,0.06,0.06,616.689451,1776189195000
1776189197.448,197.448,0.12,38.89,0.1,15.0,0.18,5.0,0.19,5.0,0.82,5.0,0.81,5.0,0.88,38.89,0.9,15.0,0.06,0.06,616.688841,1776189196000
1776189197.98,197.98,0.12,38.89,0.1,15.0,0.18,5.0,0.19,5.0,0.82,5.0,0.81,5.0,0.88,38.89,0.9,15.0,0.06,0.06,616.691524,1776189197000
1776189199.095,199.095,0.12,38.89,0.1,15.0,0.18,5.0,0.19,5.0,0.82,5.0,0.81,5.0,0.88,38.89,0.9,15.0,0.06,0.06,616.693202,1776189198000
1776189200.177,200.177,0.12,38.89,0.1,15.0,0.18,5.0,0.19,5.0,0.82,5.0,0.81,5.0,0.88,38.89,0.9,15.0,0.06,0.06,616.680842,1776189199000
1776189201.19,201.19,0.12,38.89,0.1,15.0,0.18,5.0,0.19,5.0,0.82,5.0,0.81,5.0,0.88,38.89,0.9,15.0,0.06,0.06,616.682508,1776189200000
1776189201.791,201.791,0.35,8.46,0.31,50.0,0.45,9.0,0.46,8.06,0.54,8.06,0.49,40.0,0.83,10.0,0.87,45.14,0.1,0.29,616.682508,1776189200000
1776189202.143,202.143,0.35,3.44,0.34,5.0,0.46,7.27,0.53,5.0,0.54,7.27,0.47,5.0,0.65,8.46,0.69,50.0,0.11,0.11,616.682508,1776189200000
1776189203.35,203.35,0.35,3.44,0.34,5.0,0.46,7.27,0.53,5.0,0.54,7.27,0.47,5.0,0.65,3.44,0.66,5.0,0.11,0.11,617.170998,1776189202000
1776189204.328,204.328,0.35,3.44,0.34,5.0,0.46,7.27,0.53,5.0,0.54,7.27,0.47,5.0,0.65,3.44,0.66,5.0,0.11,0.11,617.176963,1776189203000
1776189205.264,205.264,0.35,3.44,0.34,5.0,0.46,7.27,0.53,5.0,0.54,7.27,0.47,5.0,0.65,3.44,0.66,5.0,0.11,0.11,617.207599,1776189204000
1776189206.268,206.268,0.35,3.44,0.34,5.0,0.46,7.27,0.53,5.0,0.54,7.27,0.47,5.0,0.65,3.44,0.66,5.0,0.11,0.11,617.231,1776189205000
1776189206.87,206.87,0.35,3.44,0.34,5.0,0.46,7.27,0.53,5.0,0.54,7.27,0.47,5.0,0.65,3.44,0.66,5.0,0.11,0.11,617.231,1776189206000
1776189207.876,207.876,0.35,3.44,0.34,5.0,0.46,7.27,0.53,5.0,0.54,7.27,0.47,5.0,0.65,3.44,0.66,5.0,0.11,0.11,617.268998,1776189207000
1776189209.717,209.717,0.35,3.44,0.34,5.0,0.46,7.27,0.53,5.0,0.54,7.27,0.47,5.0,0.65,3.44,0.66,5.0,0.11,0.11,617.284,1776189208000
1776189210.224,210.224,0.35,3.44,0.34,5.0,0.46,7.27,0.53,5.0,0.54,7.27,0.47,5.0,0.65,3.44,0.66,5.0,0.11,0.11,617.296,1776189209000
1776189211.37,211.37,0.35,3.44,0.34,5.0,0.46,7.27,0.53,5.0,0.54,7.27,0.47,5.0,0.65,3.44,0.66,5.0,0.11,0.11,617.27353,1776189210000
1776189211.991,211.991,0.35,3.44,0.34,5.0,0.46,7.27,0.53,5.0,0.54,7.27,0.47,5.0,0.65,3.44,0.66,5.0,0.11,0.11,617.274,1776189211000
1776189213.211,213.211,0.35,3.44,0.34,5.0,0.46,7.27,0.53,5.0,0.54,7.27,0.47,5.0,0.65,3.44,0.66,5.0,0.11,0.11,617.274,1776189212000
1776189214.399,214.399,0.35,3.44,0.34,5.0,0.46,7.27,0.53,5.0,0.54,7.27,0.47,5.0,0.65,3.44,0.66,5.0,0.11,0.11,617.2797,1776189213000
1776189215.344,215.344,0.35,3.44,0.34,5.0,0.46,7.27,0.53,5.0,0.54,7.27,0.47,5.0,0.65,3.44,0.66,5.0,0.11,0.11,617.291,1776189214000
1776189215.993,215.993,0.35,3.44,0.34,5.0,0.46,7.27,0.53,5.0,0.54,7.27,0.47,5.0,0.65,3.44,0.66,5.0,0.11,0.11,617.291,1776189215000
1776189217.242,217.242,0.35,3.44,0.34,5.0,0.46,7.27,0.53,5.0,0.54,7.27,0.47,5.0,0.65,3.44,0.66,5.0,0.11,0.11,617.28832,1776189216000
1776189218.336,218.336,0.35,3.44,0.34,5.0,0.46,7.27,0.53,5.0,0.54,7.27,0.47,5.0,0.65,3.44,0.66,5.0,0.11,0.11,617.28883,1776189217000
1776189218.942,218.942,0.35,3.44,0.34,5.0,0.46,7.27,0.53,5.0,0.54,7.27,0.47,5.0,0.65,3.44,0.66,5.0,0.11,0.11,617.293,1776189218000
1776189219.269,219.269,0.39,10.9,0.38,11.0,0.53,10.0,0.55,10.5,0.54,7.27,0.47,5.0,0.65,3.44,0.66,5.0,0.14,0.11,617.293,1776189218000
1776189220.143,220.143,0.39,10.9,0.38,11.0,0.53,10.0,0.55,10.5,0.47,10.0,0.45,10.5,0.61,10.9,0.62,11.0,0.14,0.14,617.309,1776189219000
1776189221.488,221.488,0.39,10.9,0.38,11.0,0.53,10.0,0.55,10.5,0.47,10.0,0.45,10.5,0.61,10.9,0.62,11.0,0.14,0.14,617.271774,1776189220000
1776189222.163,222.163,0.39,10.9,0.38,11.0,0.53,10.0,0.55,10.5,0.47,10.0,0.45,10.5,0.61,10.9,0.62,11.0,0.14,0.14,617.318,1776189221000
1776189223.132,223.132,0.39,10.9,0.38,11.0,0.53,10.0,0.55,10.5,0.47,10.0,0.45,10.5,0.61,10.9,0.62,11.0,0.14,0.14,617.32708,1776189222000
1776189224.909,224.909,0.39,10.9,0.38,11.0,0.53,10.0,0.55,10.5,0.47,10.0,0.45,10.5,0.61,10.9,0.62,11.0,0.14,0.14,617.32461,1776189223000
1776189225.613,225.613,0.39,10.9,0.38,11.0,0.53,10.0,0.55,10.5,0.47,10.0,0.45,10.5,0.61,10.9,0.62,11.0,0.14,0.14,617.32689,1776189224000
1776189226.266,226.266,0.39,10.9,0.38,11.0,0.53,10.0,0.55,10.5,0.47,10.0,0.45,10.5,0.61,10.9,0.62,11.0,0.14,0.14,617.264331,1776189225000
1776189227.527,227.527,0.39,10.9,0.38,11.0,0.53,10.0,0.55,10.5,0.47,10.0,0.45,10.5,0.61,10.9,0.62,11.0,0.14,0.14,617.336,1776189226000
1776189228.18,228.18,0.39,10.9,0.38,11.0,0.53,10.0,0.55,10.5,0.47,10.0,0.45,10.5,0.61,10.9,0.62,11.0,0.14,0.14,617.325,1776189227000
1776189229.472,229.472,0.39,10.9,0.38,11.0,0.53,10.0,0.55,10.5,0.47,10.0,0.45,10.5,0.61,10.9,0.62,11.0,0.14,0.14,617.31421,1776189228000
1776189230.004,230.004,0.39,10.9,0.38,11.0,0.53,10.0,0.55,10.5,0.47,10.0,0.45,10.5,0.61,10.9,0.62,11.0,0.14,0.14,617.3028,1776189229000
1776189231.264,231.264,0.39,10.9,0.38,11.0,0.53,10.0,0.55,10.5,0.47,10.0,0.45,10.5,0.61,10.9,0.62,11.0,0.14,0.14,617.29924,1776189230000
1776189232.547,232.547,0.39,10.9,0.38,11.0,0.53,10.0,0.55,10.5,0.47,10.0,0.45,10.5,0.61,10.9,0.62,11.0,0.14,0.14,617.294847,1776189231000
1776189233.237,233.237,0.39,10.9,0.38,11.0,0.53,10.0,0.55,10.5,0.47,10.0,0.45,10.5,0.61,10.9,0.62,11.0,0.14,0.14,617.295225,1776189232000
1776189234.448,234.448,0.39,10.9,0.38,11.0,0.53,10.0,0.55,10.5,0.47,10.0,0.45,10.5,0.61,10.9,0.62,11.0,0.14,0.14,617.272,1776189233000
1776189235.068,235.068,0.39,10.9,0.38,11.0,0.53,10.0,0.55,10.5,0.47,10.0,0.45,10.5,0.61,10.9,0.62,11.0,0.14,0.14,617.26305,1776189234000
1776189236.26,236.26,0.39,10.9,0.38,11.0,0.53,10.0,0.55,10.5,0.47,10.0,0.45,10.5,0.61,10.9,0.62,11.0,0.14,0.14,617.196,1776189235000
1776189237.531,237.531,0.39,10.9,0.38,11.0,0.53,10.0,0.55,10.5,0.47,10.0,0.45,10.5,0.61,10.9,0.62,11.0,0.14,0.14,617.213,1776189236000
1776189238.284,238.284,0.39,10.9,0.38,11.0,0.53,10.0,0.55,10.5,0.47,10.0,0.45,10.5,0.61,10.9,0.62,11.0,0.14,0.14,617.213,1776189237000
1776189239.714,239.714,0.39,10.9,0.38,11.0,0.53,10.0,0.55,10.5,0.47,10.0,0.45,10.5,0.61,10.9,0.62,11.0,0.14,0.14,617.217,1776189238000
1776189240.33,240.33,0.39,10.9,0.38,11.0,0.53,10.0,0.55,10.5,0.47,10.0,0.45,10.5,0.61,10.9,0.62,11.0,0.14,0.14,617.189,1776189239000
1776189241.497,241.497,0.39,10.9,0.38,11.0,0.53,10.0,0.55,10.5,0.47,10.0,0.45,10.5,0.61,10.9,0.62,11.0,0.14,0.14,617.199,1776189240000
1776189242.065,242.065,0.39,10.9,0.38,11.0,0.53,10.0,0.55,10.5,0.47,10.0,0.45,10.5,0.61,10.9,0.62,11.0,0.14,0.14,617.201,1776189241000
1776189243.122,243.122,0.39,10.9,0.38,11.0,0.53,10.0,0.55,10.5,0.47,10.0,0.45,10.5,0.61,10.9,0.62,11.0,0.14,0.14,617.206,1776189242000
1776189244.122,244.122,0.39,10.9,0.38,11.0,0.53,10.0,0.55,10.5,0.47,10.0,0.45,10.5,0.61,10.9,0.62,11.0,0.14,0.14,617.198,1776189243000
1776189245.246,245.246,0.39,10.9,0.38,11.0,0.53,10.0,0.55,10.5,0.47,10.0,0.45,10.5,0.61,10.9,0.62,11.0,0.14,0.14,617.184,1776189244000
1776189246.184,246.184,0.39,10.9,0.38,11.0,0.53,10.0,0.55,10.5,0.47,10.0,0.45,10.5,0.61,10.9,0.62,11.0,0.14,0.14,617.166,1776189245000
1776189247.239,247.239,0.39,10.9,0.38,11.0,0.53,10.0,0.55,10.5,0.47,10.0,0.45,10.5,0.61,10.9,0.62,11.0,0.14,0.14,617.17,1776189246000
1776189248.338,248.338,0.39,10.9,0.38,11.0,0.53,10.0,0.55,10.5,0.47,10.0,0.45,10.5,0.61,10.9,0.62,11.0,0.14,0.14,617.17,1776189247000
1776189249.358,249.358,0.39,10.9,0.38,11.0,0.53,10.0,0.55,10.5,0.47,10.0,0.45,10.5,0.61,10.9,0.62,11.0,0.14,0.14,617.169,1776189248000
1776189249.911,249.911,0.39,10.9,0.38,11.0,0.53,10.0,0.55,10.5,0.47,10.0,0.45,10.5,0.61,10.9,0.62,11.0,0.14,0.14,617.169,1776189249000
1776189251.056,251.056,0.39,10.9,0.38,11.0,0.53,10.0,0.55,10.5,0.47,10.0,0.45,10.5,0.61,10.9,0.62,11.0,0.14,0.14,617.167,1776189250000
1776189252.134,252.134,0.39,10.9,0.38,11.0,0.53,10.0,0.55,10.5,0.47,10.0,0.45,10.5,0.61,10.9,0.62,11.0,0.14,0.14,617.167,1776189251000
1776189253.118,253.118,0.39,10.9,0.38,11.0,0.53,10.0,0.55,10.5,0.47,10.0,0.45,10.5,0.61,10.9,0.62,11.0,0.14,0.14,617.144,1776189252000
1776189254.14,254.14,0.39,10.9,0.38,11.0,0.53,10.0,0.55,10.5,0.47,10.0,0.45,10.5,0.61,10.9,0.62,11.0,0.14,0.14,617.144,1776189253000
1776189255.291,255.291,0.39,10.9,0.38,11.0,0.53,10.0,0.55,10.5,0.47,10.0,0.45,10.5,0.61,10.9,0.62,11.0,0.14,0.14,617.102,1776189254000
1776189256.401,256.401,0.39,10.9,0.38,11.0,0.53,10.0,0.55,10.5,0.47,10.0,0.45,10.5,0.61,10.9,0.62,11.0,0.14,0.14,617.069,1776189255000
1776189256.863,256.863,0.39,10.9,0.38,11.0,0.53,10.0,0.55,10.5,0.47,10.0,0.45,10.5,0.61,10.9,0.62,11.0,0.14,0.14,617.069,1776189256000
1776189257.953,257.953,0.39,10.9,0.38,11.0,0.53,10.0,0.55,10.5,0.47,10.0,0.45,10.5,0.61,10.9,0.62,11.0,0.14,0.14,617.062,1776189257000
1776189259.097,259.097,0.39,10.9,0.38,11.0,0.53,10.0,0.55,10.5,0.47,10.0,0.45,10.5,0.61,10.9,0.62,11.0,0.14,0.14,617.071,1776189258000
1776189260.053,260.053,0.39,10.9,0.38,11.0,0.53,10.0,0.55,10.5,0.47,10.0,0.45,10.5,0.61,10.9,0.62,11.0,0.14,0.14,617.078,1776189259000
1776189261.106,261.106,0.39,10.9,0.38,11.0,0.53,10.0,0.55,10.5,0.47,10.0,0.45,10.5,0.61,10.9,0.62,11.0,0.14,0.14,617.128,1776189260000
1776189262.135,262.135,0.39,10.9,0.38,11.0,0.53,10.0,0.55,10.5,0.47,10.0,0.45,10.5,0.61,10.9,0.62,11.0,0.14,0.14,617.128,1776189261000
1776189263.199,263.199,0.39,10.9,0.38,11.0,0.53,10.0,0.55,10.5,0.47,10.0,0.45,10.5,0.61,10.9,0.62,11.0,0.14,0.14,617.103,1776189262000
1776189264.107,264.107,0.39,10.9,0.38,11.0,0.53,10.0,0.55,10.5,0.47,10.0,0.45,10.5,0.61,10.9,0.62,11.0,0.14,0.14,617.097,1776189263000
1776189265.07,265.07,0.39,10.9,0.38,11.0,0.53,10.0,0.55,10.5,0.47,10.0,0.45,10.5,0.61,10.9,0.62,11.0,0.14,0.14,617.097,1776189264000
1776189266.058,266.058,0.39,10.9,0.38,11.0,0.53,10.0,0.55,10.5,0.47,10.0,0.45,10.5,0.61,10.9,0.62,11.0,0.14,0.14,617.076,1776189265000
1776189267.07,267.07,0.39,10.9,0.38,11.0,0.53,10.0,0.55,10.5,0.47,10.0,0.45,10.5,0.61,10.9,0.62,11.0,0.14,0.14,617.061,1776189266000
1776189268.398,268.398,0.39,10.9,0.38,11.0,0.53,10.0,0.55,10.5,0.47,10.0,0.45,10.5,0.61,10.9,0.62,11.0,0.14,0.14,617.06,1776189267000
1776189268.952,268.952,0.39,10.9,0.38,11.0,0.53,10.0,0.55,10.5,0.47,10.0,0.45,10.5,0.61,10.9,0.62,11.0,0.14,0.14,617.06,1776189268000
1776189270.034,270.034,0.39,10.9,0.38,11.0,0.53,10.0,0.55,10.5,0.47,10.0,0.45,10.5,0.61,10.9,0.62,11.0,0.14,0.14,617.077,1776189269000
1776189271.178,271.178,0.39,10.9,0.38,11.0,0.53,10.0,0.55,10.5,0.47,10.0,0.45,10.5,0.61,10.9,0.62,11.0,0.14,0.14,617.08991,1776189270000
1776189271.501,271.501,0.13,7.14,0.12,24.6,0.22,8.2,0.23,14.7,0.47,10.0,0.45,10.5,0.61,10.9,0.62,11.0,0.09,0.14,617.08991,1776189270000
1776189272.322,272.322,0.13,7.14,0.12,24.6,0.22,8.2,0.23,14.7,0.78,8.2,0.77,14.7,0.87,7.14,0.88,24.6,0.09,0.09,617.06876,1776189271000
1776189272.911,272.911,0.13,7.14,0.12,24.6,0.22,8.2,0.23,14.7,0.78,8.2,0.77,14.7,0.87,7.14,0.88,24.6,0.09,0.09,617.0696,1776189272000
1776189274.104,274.104,0.13,7.14,0.12,24.6,0.22,8.2,0.23,14.7,0.78,8.2,0.77,14.7,0.87,7.14,0.88,24.6,0.09,0.09,617.069138,1776189273000
1776189275.163,275.163,0.13,7.14,0.12,24.6,0.22,8.2,0.23,14.7,0.78,8.2,0.77,14.7,0.87,7.14,0.88,24.6,0.09,0.09,617.079112,1776189274000
1776189276.316,276.316,0.13,7.14,0.12,24.6,0.22,8.2,0.23,14.7,0.78,8.2,0.77,14.7,0.87,7.14,0.88,24.6,0.09,0.09,617.119584,1776189275000
1776189277.024,277.024,0.13,7.14,0.12,24.6,0.22,8.2,0.23,14.7,0.78,8.2,0.77,14.7,0.87,7.14,0.88,24.6,0.09,0.09,617.115416,1776189276000
1776189278.092,278.092,0.13,7.14,0.12,24.6,0.22,8.2,0.23,14.7,0.78,8.2,0.77,14.7,0.87,7.14,0.88,24.6,0.09,0.09,617.170235,1776189277000
1776189279.24,279.24,0.13,7.14,0.12,24.6,0.22,8.2,0.23,14.7,0.78,8.2,0.77,14.7,0.87,7.14,0.88,24.6,0.09,0.09,617.1802,1776189278000
1776189280.323,280.323,0.13,7.14,0.12,24.6,0.22,8.2,0.23,14.7,0.78,8.2,0.77,14.7,0.87,7.14,0.88,24.6,0.09,0.09,617.206246,1776189279000
1776189281.416,281.416,0.13,7.14,0.12,24.6,0.22,8.2,0.23,14.7,0.78,8.2,0.77,14.7,0.87,7.14,0.88,24.6,0.09,0.09,617.206,1776189280000
1776189281.981,281.981,0.13,7.14,0.12,24.6,0.22,8.2,0.23,14.7,0.78,8.2,0.77,14.7,0.87,7.14,0.88,24.6,0.09,0.09,617.192,1776189281000
1776189283.477,283.477,0.13,7.14,0.12,24.6,0.22,8.2,0.23,14.7,0.78,8.2,0.77,14.7,0.87,7.14,0.88,24.6,0.09,0.09,617.144,1776189282000
1776189284.044,284.044,0.13,7.14,0.12,24.6,0.22,8.2,0.23,14.7,0.78,8.2,0.77,14.7,0.87,7.14,0.88,24.6,0.09,0.09,617.144,1776189283000
1776189285.196,285.196,0.13,7.14,0.12,24.6,0.22,8.2,0.23,14.7,0.78,8.2,0.77,14.7,0.87,7.14,0.88,24.6,0.09,0.09,617.16,1776189284000
1776189286.467,286.467,0.13,7.14,0.12,24.6,0.22,8.2,0.23,14.7,0.78,8.2,0.77,14.7,0.87,7.14,0.88,24.6,0.09,0.09,617.1536,1776189285000
1776189287.04,287.04,0.13,7.14,0.12,24.6,0.22,8.2,0.23,14.7,0.78,8.2,0.77,14.7,0.87,7.14,0.88,24.6,0.09,0.09,617.15631,1776189286000
1776189288.119,288.119,0.13,7.14,0.12,24.6,0.22,8.2,0.23,14.7,0.78,8.2,0.77,14.7,0.87,7.14,0.88,24.6,0.09,0.09,617.13274,1776189287000
1776189289.187,289.187,0.13,7.14,0.12,24.6,0.22,8.2,0.23,14.7,0.78,8.2,0.77,14.7,0.87,7.14,0.88,24.6,0.09,0.09,617.134,1776189288000
1776189290.305,290.305,0.13,7.14,0.12,24.6,0.22,8.2,0.23,14.7,0.78,8.2,0.77,14.7,0.87,7.14,0.88,24.6,0.09,0.09,617.14239,1776189289000
1776189291.177,291.177,0.14,3.83,0.13,7.14,0.21,50.0,0.25,6.0,0.78,8.2,0.77,14.7,0.87,7.14,0.88,24.6,0.07,0.09,617.14239,1776189289000
1776189291.513,291.513,0.13,5.97,0.02,5.0,0.21,50.0,0.25,6.0,0.79,50.0,0.75,6.0,0.87,5.97,0.98,5.0,0.08,0.08,617.138647,1776189290000
1776189291.926,291.926,0.13,5.97,0.02,5.0,0.21,50.0,0.25,6.0,0.79,50.0,0.75,6.0,0.87,5.97,0.98,5.0,0.08,0.08,617.115721,1776189291000
1776189292.276,292.276,0.02,5.0,0.01,1509.0,0.17,6.0,0.21,60.0,0.79,50.0,0.75,6.0,0.87,5.97,0.98,5.0,0.15,0.08,617.115721,1776189291000
1776189292.595,292.595,0.01,408.0,,,0.17,6.0,0.21,60.0,0.83,6.0,0.79,60.0,0.98,5.0,0.99,1509.0,0.16,0.15,617.115721,1776189291000
1776189293.007,293.007,0.01,408.0,,,0.17,6.0,0.21,60.0,0.83,6.0,0.79,60.0,0.99,408.0,,,0.16,0.16,617.035,1776189292000
1776189293.477,293.477,0.01,287.79,,,0.11,50.0,0.12,5.0,0.83,6.0,0.79,60.0,0.99,408.0,,,0.1,0.16,617.035,1776189292000
1776189294.228,294.228,0.01,287.79,,,0.11,50.0,0.12,5.0,0.89,50.0,0.88,5.0,0.99,287.79,,,0.1,0.1,617.038,1776189293000
1776189295.079,295.079,0.01,208.89,,,0.11,50.0,0.12,5.0,0.89,50.0,0.88,5.0,0.99,287.79,,,0.1,0.1,617.038,1776189293000
1776189296.344,296.344,0.01,208.89,,,0.11,50.0,0.12,5.0,0.89,50.0,0.88,5.0,0.99,208.89,,,0.1,0.1,617.05,1776189295000
1776189297.113,297.113,0.01,166.68,,,0.11,50.0,0.12,5.0,0.89,50.0,0.88,5.0,0.99,208.89,,,0.1,0.1,617.05,1776189295000
1776189297.353,297.353,0.01,166.68,,,0.11,50.0,0.12,5.0,0.89,50.0,0.88,5.0,0.99,166.68,,,0.1,0.1,617.049,1776189296000
1776189297.611,297.611,0.01,105.27,,,0.11,50.0,0.12,5.0,0.89,50.0,0.88,5.0,0.99,115.27,,,0.1,0.1,617.049,1776189296000
1776189298.063,298.063,0.01,91.27,,,0.11,50.0,0.12,5.0,0.89,50.0,0.88,5.0,0.99,105.27,,,0.1,0.1,617.049,1776189296000
1776189298.439,298.439,0.01,70.2,,,0.11,50.0,0.12,5.0,0.89,50.0,0.88,5.0,0.99,75.25,,,0.1,0.1,617.049,1776189296000
1776189298.733,298.733,,,,,0.01,10.59,0.11,50.0,0.99,10.59,0.89,50.0,,,,,,,617.097,1776189297000
1776189299.308,299.308,,,,,0.01,10.59,0.11,50.0,0.99,10.59,0.89,50.0,,,,,,,617.091,1776189298000
1776189300.761,300.761,,,,,0.01,10.59,0.11,50.0,0.99,10.59,0.89,50.0,,,,,,,617.092,1776189299000

# RESULT,winner=Down,slug=bnb-updown-5m-1776189000,ticks=313
