timestamp,elapsed_sec,up_bid_p1,up_bid_s1,up_bid_p2,up_bid_s2,up_ask_p1,up_ask_s1,up_ask_p2,up_ask_s2,down_bid_p1,down_bid_s1,down_bid_p2,down_bid_s2,down_ask_p1,down_ask_s1,down_ask_p2,down_ask_s2,up_spread,down_spread,bnb_price,bnb_oracle_ts
1776212101.452,1.452,0.33,300.0,0.31,375.0,0.49,5.0,0.67,300.0,0.51,5.0,0.33,300.0,0.67,300.0,0.69,375.0,0.16,0.16,615.740797,1776212100000
1776212102.103,2.103,0.33,300.0,0.31,375.0,0.49,5.0,0.67,300.0,0.51,5.0,0.33,300.0,0.67,300.0,0.69,375.0,0.16,0.16,615.76,1776212101000
1776212103.197,3.197,0.33,300.0,0.31,375.0,0.49,5.0,0.67,300.0,0.51,5.0,0.33,300.0,0.67,300.0,0.69,375.0,0.16,0.16,615.76,1776212102000
1776212104.154,4.154,0.33,300.0,0.31,375.0,0.49,5.0,0.67,300.0,0.51,5.0,0.33,300.0,0.67,300.0,0.69,375.0,0.16,0.16,615.739571,1776212103000
1776212105.109,5.109,0.34,9.4,0.27,450.0,0.48,10.0,0.49,5.0,0.51,5.0,0.33,300.0,0.67,300.0,0.69,375.0,0.14,0.16,615.739571,1776212103000
1776212106.199,6.199,0.34,9.4,0.27,450.0,0.48,10.0,0.49,5.0,0.52,10.0,0.51,5.0,0.66,9.4,0.73,450.0,0.14,0.14,615.7,1776212105000
1776212107.263,7.263,0.34,9.4,0.27,450.0,0.48,10.0,0.49,5.0,0.52,10.0,0.51,5.0,0.66,9.4,0.73,450.0,0.14,0.14,615.57115,1776212106000
1776212108.284,8.284,0.34,9.4,0.27,450.0,0.48,10.0,0.49,5.0,0.52,10.0,0.51,5.0,0.66,9.4,0.73,450.0,0.14,0.14,615.461247,1776212107000
1776212108.486,8.486,0.28,4.9,0.25,600.0,0.31,5.0,0.34,5.0,0.52,10.0,0.51,5.0,0.66,9.4,0.73,450.0,0.03,0.14,615.461247,1776212107000
1776212108.841,8.841,0.28,4.9,0.25,600.0,0.31,5.0,0.34,5.0,0.69,5.0,0.66,5.0,0.72,4.9,0.75,600.0,0.03,0.03,615.461348,1776212108000
1776212109.857,9.857,0.26,5.0,0.25,600.0,0.31,5.0,0.34,5.0,0.69,5.0,0.66,5.0,0.74,5.0,0.75,600.0,0.05,0.05,615.445525,1776212109000
1776212110.918,10.918,0.26,5.0,0.25,600.0,0.31,5.0,0.34,5.0,0.69,5.0,0.66,5.0,0.74,5.0,0.75,600.0,0.05,0.05,615.445519,1776212110000
1776212111.836,11.836,0.26,5.0,0.25,600.0,0.31,5.0,0.34,5.0,0.69,5.0,0.66,5.0,0.74,5.0,0.75,600.0,0.05,0.05,615.444391,1776212111000
1776212113.176,13.176,0.26,5.0,0.25,600.0,0.31,5.0,0.34,5.0,0.69,5.0,0.66,5.0,0.74,5.0,0.75,600.0,0.05,0.05,615.444301,1776212112000
1776212114.659,14.659,0.26,5.0,0.25,600.0,0.31,5.0,0.34,5.0,0.69,5.0,0.66,5.0,0.74,5.0,0.75,600.0,0.05,0.05,615.441646,1776212113000
1776212115.213,15.213,0.26,5.0,0.25,600.0,0.31,5.0,0.34,5.0,0.69,5.0,0.66,5.0,0.74,5.0,0.75,600.0,0.05,0.05,615.441646,1776212114000
1776212115.838,15.838,0.15,10.0,0.12,5.0,0.26,21.0,0.35,10.0,0.74,5.0,0.65,10.0,0.75,5.0,0.85,10.0,0.11,0.01,615.441646,1776212114000
1776212117.087,17.087,0.15,10.0,0.12,5.0,0.26,21.0,0.35,10.0,0.74,21.0,0.65,10.0,0.85,10.0,0.88,5.0,0.11,0.11,615.437043,1776212115000
1776212117.856,17.856,0.15,10.0,0.12,5.0,0.26,21.0,0.35,10.0,0.74,21.0,0.65,10.0,0.85,10.0,0.88,5.0,0.11,0.11,615.316042,1776212116000
1776212118.566,18.566,0.15,10.0,0.12,5.0,0.26,21.0,0.35,10.0,0.74,21.0,0.65,10.0,0.85,10.0,0.88,5.0,0.11,0.11,615.301232,1776212117000
1776212119.358,19.358,0.15,10.0,0.12,5.0,0.26,21.0,0.35,10.0,0.74,21.0,0.65,10.0,0.85,10.0,0.88,5.0,0.11,0.11,615.296869,1776212118000
1776212120.852,20.852,0.15,10.0,0.12,5.0,0.26,21.0,0.35,10.0,0.74,21.0,0.65,10.0,0.85,10.0,0.88,5.0,0.11,0.11,615.30777,1776212119000
1776212121.627,21.627,0.15,10.0,0.12,5.0,0.26,21.0,0.35,10.0,0.74,21.0,0.65,10.0,0.85,10.0,0.88,5.0,0.11,0.11,615.308,1776212120000
1776212122.391,22.391,0.15,10.0,0.12,5.0,0.26,21.0,0.35,10.0,0.74,21.0,0.65,10.0,0.85,10.0,0.88,5.0,0.11,0.11,615.308324,1776212121000
1776212123.224,23.224,0.15,10.0,0.12,5.0,0.26,21.0,0.35,10.0,0.74,21.0,0.65,10.0,0.85,10.0,0.88,5.0,0.11,0.11,615.372968,1776212122000
1776212124.747,24.747,0.15,10.0,0.12,5.0,0.26,21.0,0.35,10.0,0.74,21.0,0.65,10.0,0.85,10.0,0.88,5.0,0.11,0.11,615.373594,1776212123000
1776212125.504,25.504,0.15,10.0,0.12,5.0,0.26,21.0,0.35,10.0,0.74,21.0,0.65,10.0,0.85,10.0,0.88,5.0,0.11,0.11,615.371651,1776212124000
1776212126.305,26.305,0.15,10.0,0.12,5.0,0.26,21.0,0.35,10.0,0.74,21.0,0.65,10.0,0.85,10.0,0.88,5.0,0.11,0.11,615.371705,1776212125000
1776212127.118,27.118,0.15,10.0,0.12,5.0,0.26,21.0,0.35,10.0,0.74,21.0,0.65,10.0,0.85,10.0,0.88,5.0,0.11,0.11,615.336862,1776212126000
1776212128.679,28.679,0.15,10.0,0.12,5.0,0.26,21.0,0.35,10.0,0.74,21.0,0.65,10.0,0.85,10.0,0.88,5.0,0.11,0.11,615.34,1776212127000
1776212129.344,29.344,0.15,10.0,0.12,5.0,0.26,21.0,0.35,10.0,0.74,21.0,0.65,10.0,0.85,10.0,0.88,5.0,0.11,0.11,615.353,1776212128000
1776212130.151,30.151,0.15,10.0,0.12,5.0,0.26,21.0,0.35,10.0,0.74,21.0,0.65,10.0,0.85,10.0,0.88,5.0,0.11,0.11,615.353,1776212129000
1776212131.692,31.692,0.15,10.0,0.12,5.0,0.26,21.0,0.35,10.0,0.74,21.0,0.65,10.0,0.85,10.0,0.88,5.0,0.11,0.11,615.345979,1776212130000
1776212132.658,32.658,0.15,10.0,0.12,5.0,0.26,21.0,0.35,10.0,0.74,21.0,0.65,10.0,0.85,10.0,0.88,5.0,0.11,0.11,615.348,1776212131000
1776212133.276,33.276,0.15,10.0,0.12,5.0,0.26,21.0,0.35,10.0,0.74,21.0,0.65,10.0,0.85,10.0,0.88,5.0,0.11,0.11,615.348,1776212132000
1776212134.517,34.517,0.15,10.0,0.12,5.0,0.26,21.0,0.35,10.0,0.74,21.0,0.65,10.0,0.85,10.0,0.88,5.0,0.11,0.11,615.344196,1776212133000
1776212135.033,35.033,0.15,10.0,0.12,5.0,0.26,21.0,0.35,10.0,0.74,21.0,0.65,10.0,0.85,10.0,0.88,5.0,0.11,0.11,615.343441,1776212134000
1776212136.077,36.077,0.15,10.0,0.12,5.0,0.26,21.0,0.35,10.0,0.74,21.0,0.65,10.0,0.85,10.0,0.88,5.0,0.11,0.11,615.343044,1776212135000
1776212137.278,37.278,0.15,10.0,0.12,5.0,0.26,21.0,0.35,10.0,0.74,21.0,0.65,10.0,0.85,10.0,0.88,5.0,0.11,0.11,615.340205,1776212136000
1776212138.37,38.37,0.15,10.0,0.12,5.0,0.26,21.0,0.35,10.0,0.74,21.0,0.65,10.0,0.85,10.0,0.88,5.0,0.11,0.11,615.34022,1776212137000
1776212138.966,38.966,0.15,10.0,0.12,5.0,0.26,21.0,0.35,10.0,0.74,21.0,0.65,10.0,0.85,10.0,0.88,5.0,0.11,0.11,615.34022,1776212138000
1776212139.259,39.259,0.19,16.89,0.18,17.6,0.23,5.0,0.32,10.0,0.74,21.0,0.65,10.0,0.85,10.0,0.88,5.0,0.04,0.11,615.34022,1776212138000
1776212140.062,40.062,0.19,16.89,0.18,17.6,0.23,5.0,0.32,10.0,0.77,5.0,0.68,10.0,0.81,16.89,0.82,17.6,0.04,0.04,615.289256,1776212139000
1776212141.145,41.145,0.19,16.89,0.18,17.6,0.23,5.0,0.32,10.0,0.77,5.0,0.68,10.0,0.81,16.89,0.82,17.6,0.04,0.04,615.286,1776212140000
1776212142.116,42.116,0.19,16.89,0.18,17.6,0.23,5.0,0.32,10.0,0.77,5.0,0.68,10.0,0.81,16.89,0.82,17.6,0.04,0.04,615.284095,1776212141000
1776212142.559,42.559,0.19,16.89,0.18,17.6,0.23,5.0,0.32,10.0,0.77,5.0,0.68,10.0,0.81,16.89,0.82,17.6,0.04,0.04,615.284095,1776212141000
1776212143.231,43.231,0.19,16.89,0.18,17.6,0.23,5.0,0.32,10.0,0.77,5.0,0.68,10.0,0.81,16.89,0.82,17.6,0.04,0.04,615.3,1776212142000
1776212144.218,44.218,0.19,16.89,0.18,17.6,0.23,5.0,0.32,10.0,0.77,5.0,0.68,10.0,0.81,16.89,0.82,17.6,0.04,0.04,615.319,1776212143000
1776212145.4,45.4,0.19,16.89,0.18,17.6,0.23,5.0,0.32,10.0,0.77,5.0,0.68,10.0,0.81,16.89,0.82,17.6,0.04,0.04,615.31,1776212144000
1776212145.851,45.851,0.18,17.6,0.17,18.39,0.23,5.0,0.32,10.0,0.77,5.0,0.68,10.0,0.82,17.6,0.83,18.39,0.05,0.05,615.31,1776212145000
1776212147.3,47.3,0.18,11.56,0.17,18.39,0.23,5.0,0.32,10.0,0.77,5.0,0.68,10.0,0.82,11.56,0.83,18.39,0.05,0.05,615.323,1776212146000
1776212147.837,47.837,0.18,1.72,0.17,18.39,0.23,5.0,0.32,10.0,0.77,5.0,0.68,10.0,0.82,1.72,0.83,18.39,0.05,0.05,615.323,1776212147000
1776212148.868,48.868,0.18,1.72,0.17,18.39,0.23,5.0,0.32,10.0,0.77,5.0,0.68,10.0,0.82,1.72,0.83,18.39,0.05,0.05,615.32,1776212148000
1776212149.848,49.848,0.18,1.72,0.17,18.39,0.23,5.0,0.32,10.0,0.77,5.0,0.68,10.0,0.82,1.72,0.83,18.39,0.05,0.05,615.327,1776212149000
1776212150.83,50.83,0.18,1.72,0.17,18.39,0.23,5.0,0.32,10.0,0.77,5.0,0.68,10.0,0.82,1.72,0.83,18.39,0.05,0.05,615.323,1776212150000
1776212151.831,51.831,0.18,1.72,0.17,18.39,0.23,5.0,0.32,10.0,0.77,5.0,0.68,10.0,0.82,1.72,0.83,18.39,0.05,0.05,615.321,1776212151000
1776212152.959,52.959,0.18,1.72,0.17,18.39,0.23,5.0,0.32,10.0,0.77,5.0,0.68,10.0,0.82,1.72,0.83,18.39,0.05,0.05,615.321,1776212152000
1776212153.906,53.906,0.18,1.72,0.17,18.39,0.23,5.0,0.32,10.0,0.77,5.0,0.68,10.0,0.82,1.72,0.83,18.39,0.05,0.05,615.319,1776212153000
1776212154.908,54.908,0.18,1.72,0.17,18.39,0.23,5.0,0.32,10.0,0.77,5.0,0.68,10.0,0.82,1.72,0.83,18.39,0.05,0.05,615.313,1776212154000
1776212155.207,55.207,0.16,19.3,0.15,20.39,0.23,5.0,0.31,50.0,0.77,5.0,0.68,10.0,0.82,1.72,0.83,18.39,0.07,0.05,615.313,1776212154000
1776212155.883,55.883,0.16,19.3,0.15,20.39,0.23,5.0,0.31,50.0,0.77,5.0,0.69,50.0,0.84,19.3,0.85,20.39,0.07,0.07,615.313,1776212155000
1776212156.912,56.912,0.16,19.3,0.15,20.39,0.31,50.0,0.32,10.0,0.77,5.0,0.69,50.0,0.84,19.3,0.85,20.39,0.15,0.07,615.313,1776212155000
1776212157.957,57.957,0.16,19.3,0.15,20.39,0.31,50.0,0.32,10.0,0.69,50.0,0.68,10.0,0.84,19.3,0.85,20.39,0.15,0.15,615.317,1776212157000
1776212158.92,58.92,0.16,19.3,0.15,20.39,0.31,50.0,0.32,10.0,0.69,50.0,0.68,10.0,0.84,19.3,0.85,20.39,0.15,0.15,615.317,1776212158000
1776212160.802,60.802,0.16,19.3,0.15,20.39,0.31,50.0,0.32,10.0,0.69,50.0,0.68,10.0,0.84,19.3,0.85,20.39,0.15,0.15,615.363,1776212159000
1776212161.55,61.55,0.16,19.3,0.15,20.39,0.31,50.0,0.32,10.0,0.69,50.0,0.68,10.0,0.84,19.3,0.85,20.39,0.15,0.15,615.350187,1776212160000
1776212162.171,62.171,0.16,19.3,0.15,20.39,0.31,50.0,0.32,10.0,0.69,50.0,0.68,10.0,0.84,19.3,0.85,20.39,0.15,0.15,615.354589,1776212161000
1776212163.546,63.546,0.16,19.3,0.15,20.39,0.31,50.0,0.32,10.0,0.69,50.0,0.68,10.0,0.84,19.3,0.85,20.39,0.15,0.15,615.370758,1776212162000
1776212164.182,64.182,0.16,19.3,0.15,20.39,0.31,50.0,0.32,10.0,0.69,50.0,0.68,10.0,0.84,19.3,0.85,20.39,0.15,0.15,615.370758,1776212163000
1776212165.483,65.483,0.16,19.3,0.15,20.39,0.31,50.0,0.32,10.0,0.69,50.0,0.68,10.0,0.84,19.3,0.85,20.39,0.15,0.15,615.370728,1776212164000
1776212166.177,66.177,0.16,19.3,0.15,20.39,0.31,50.0,0.32,10.0,0.69,50.0,0.68,10.0,0.84,19.3,0.85,20.39,0.15,0.15,615.371903,1776212165000
1776212167.556,67.556,0.16,19.3,0.15,20.39,0.31,50.0,0.32,10.0,0.69,50.0,0.68,10.0,0.84,19.3,0.85,20.39,0.15,0.15,615.371527,1776212166000
1776212168.242,68.242,0.16,19.3,0.15,20.39,0.31,50.0,0.32,10.0,0.69,50.0,0.68,10.0,0.84,19.3,0.85,20.39,0.15,0.15,615.371545,1776212167000
1776212169.796,69.796,0.16,19.3,0.15,20.39,0.31,50.0,0.32,10.0,0.69,50.0,0.68,10.0,0.84,19.3,0.85,20.39,0.15,0.15,615.370816,1776212168000
1776212170.548,70.548,0.16,19.3,0.15,20.39,0.31,50.0,0.32,10.0,0.69,50.0,0.68,10.0,0.84,19.3,0.85,20.39,0.15,0.15,615.373,1776212169000
1776212171.247,71.247,0.16,19.3,0.15,20.39,0.31,50.0,0.32,10.0,0.69,50.0,0.68,10.0,0.84,19.3,0.85,20.39,0.15,0.15,615.373,1776212170000
1776212172.614,72.614,0.16,19.3,0.15,20.39,0.31,50.0,0.32,10.0,0.69,50.0,0.68,10.0,0.84,19.3,0.85,20.39,0.15,0.15,615.369071,1776212171000
1776212173.352,73.352,0.16,19.3,0.15,20.39,0.31,50.0,0.32,10.0,0.69,50.0,0.68,10.0,0.84,19.3,0.85,20.39,0.15,0.15,615.360852,1776212172000
1776212174.083,74.083,0.16,19.3,0.15,20.39,0.31,50.0,0.32,10.0,0.69,50.0,0.68,10.0,0.84,19.3,0.85,20.39,0.15,0.15,615.34659,1776212173000
1776212175.578,75.578,0.16,19.3,0.15,20.39,0.31,50.0,0.32,10.0,0.69,50.0,0.68,10.0,0.84,19.3,0.85,20.39,0.15,0.15,615.29282,1776212174000
1776212176.334,76.334,0.16,19.3,0.15,20.39,0.31,50.0,0.32,10.0,0.69,50.0,0.68,10.0,0.84,19.3,0.85,20.39,0.15,0.15,615.290126,1776212175000
1776212178.136,78.136,0.16,19.3,0.15,20.39,0.31,50.0,0.32,10.0,0.69,50.0,0.68,10.0,0.84,19.3,0.85,20.39,0.15,0.15,615.290121,1776212177000
1776212179.11,79.11,0.16,19.3,0.15,20.39,0.31,50.0,0.32,10.0,0.69,50.0,0.68,10.0,0.84,19.3,0.85,20.39,0.15,0.15,615.290924,1776212178000
1776212180.276,80.276,0.16,19.3,0.15,20.39,0.31,50.0,0.32,10.0,0.69,50.0,0.68,10.0,0.84,19.3,0.85,20.39,0.15,0.15,615.290918,1776212179000
1776212181.353,81.353,0.16,19.3,0.15,20.39,0.31,50.0,0.32,10.0,0.69,50.0,0.68,10.0,0.84,19.3,0.85,20.39,0.15,0.15,615.29025,1776212180000
1776212182.328,82.328,0.16,19.3,0.15,20.39,0.31,50.0,0.32,10.0,0.69,50.0,0.68,10.0,0.84,19.3,0.85,20.39,0.15,0.15,615.282683,1776212181000
1776212183.435,83.435,0.16,19.3,0.15,20.39,0.31,50.0,0.32,10.0,0.69,50.0,0.68,10.0,0.84,19.3,0.85,20.39,0.15,0.15,615.278279,1776212182000
1776212184.207,84.207,0.16,19.3,0.15,20.39,0.31,50.0,0.32,10.0,0.69,50.0,0.68,10.0,0.84,19.3,0.85,20.39,0.15,0.15,615.278284,1776212183000
1776212185.302,85.302,0.16,19.3,0.15,20.39,0.31,50.0,0.32,10.0,0.69,50.0,0.68,10.0,0.84,19.3,0.85,20.39,0.15,0.15,615.280123,1776212184000
1776212186.424,86.424,0.16,19.3,0.15,20.39,0.31,50.0,0.32,10.0,0.69,50.0,0.68,10.0,0.84,19.3,0.85,20.39,0.15,0.15,615.280177,1776212185000
1776212186.936,86.936,0.16,19.3,0.15,20.39,0.31,50.0,0.32,10.0,0.69,50.0,0.68,10.0,0.84,19.3,0.85,20.39,0.15,0.15,615.280177,1776212186000
1776212187.992,87.992,0.16,19.3,0.15,20.39,0.31,50.0,0.32,10.0,0.69,50.0,0.68,10.0,0.84,19.3,0.85,20.39,0.15,0.15,615.279587,1776212187000
1776212189.045,89.045,0.16,19.3,0.15,20.39,0.31,50.0,0.32,10.0,0.69,50.0,0.68,10.0,0.84,19.3,0.85,20.39,0.15,0.15,615.276306,1776212188000
1776212190.267,90.267,0.16,19.3,0.15,20.39,0.31,50.0,0.32,10.0,0.69,50.0,0.68,10.0,0.84,19.3,0.85,20.39,0.15,0.15,615.276306,1776212189000
1776212191.838,91.838,0.16,19.3,0.15,20.39,0.31,50.0,0.32,10.0,0.69,50.0,0.68,10.0,0.84,19.3,0.85,20.39,0.15,0.15,615.276657,1776212190000
1776212192.433,92.433,0.16,19.3,0.15,20.39,0.31,50.0,0.32,10.0,0.69,50.0,0.68,10.0,0.84,19.3,0.85,20.39,0.15,0.15,615.279891,1776212191000
1776212193.031,93.031,0.16,19.3,0.15,20.39,0.31,50.0,0.32,10.0,0.69,50.0,0.68,10.0,0.84,19.3,0.85,20.39,0.15,0.15,615.296,1776212192000
1776212194.044,94.044,0.16,19.3,0.15,20.39,0.31,50.0,0.32,10.0,0.69,50.0,0.68,10.0,0.84,19.3,0.85,20.39,0.15,0.15,615.297,1776212193000
1776212195.264,95.264,0.16,19.3,0.15,20.39,0.31,50.0,0.32,10.0,0.69,50.0,0.68,10.0,0.84,19.3,0.85,20.39,0.15,0.15,615.337,1776212194000
1776212196.369,96.369,0.16,19.3,0.15,20.39,0.31,50.0,0.32,10.0,0.69,50.0,0.68,10.0,0.84,19.3,0.85,20.39,0.15,0.15,615.317,1776212195000
1776212196.85,96.85,0.16,19.3,0.15,20.39,0.31,50.0,0.32,10.0,0.69,50.0,0.68,10.0,0.84,19.3,0.85,20.39,0.15,0.15,615.317,1776212196000
1776212197.978,97.978,0.16,19.3,0.15,20.39,0.31,50.0,0.32,10.0,0.69,50.0,0.68,10.0,0.84,19.3,0.85,20.39,0.15,0.15,615.328,1776212197000
1776212198.994,98.994,0.16,19.3,0.15,20.39,0.31,50.0,0.32,10.0,0.69,50.0,0.68,10.0,0.84,19.3,0.85,20.39,0.15,0.15,615.33,1776212198000
1776212200.129,100.129,0.16,19.3,0.15,20.39,0.31,50.0,0.32,10.0,0.69,50.0,0.68,10.0,0.84,19.3,0.85,20.39,0.15,0.15,615.344231,1776212199000
1776212201.425,101.425,0.16,19.3,0.15,20.39,0.31,50.0,0.32,10.0,0.69,50.0,0.68,10.0,0.84,19.3,0.85,20.39,0.15,0.15,615.337443,1776212200000
1776212202.067,102.067,0.16,19.3,0.15,20.39,0.31,50.0,0.32,10.0,0.69,50.0,0.68,10.0,0.84,19.3,0.85,20.39,0.15,0.15,615.345606,1776212201000
1776212203.196,103.196,0.16,19.3,0.15,20.39,0.31,50.0,0.32,10.0,0.69,50.0,0.68,10.0,0.84,19.3,0.85,20.39,0.15,0.15,615.345624,1776212202000
1776212204.434,104.434,0.16,19.3,0.15,20.39,0.31,50.0,0.32,10.0,0.69,50.0,0.68,10.0,0.84,19.3,0.85,20.39,0.15,0.15,615.34253,1776212203000
1776212204.978,104.978,0.16,19.3,0.15,20.39,0.31,50.0,0.32,10.0,0.69,50.0,0.68,10.0,0.84,19.3,0.85,20.39,0.15,0.15,615.33867,1776212204000
1776212206.69,106.69,0.16,19.3,0.15,20.39,0.31,50.0,0.32,10.0,0.69,50.0,0.68,10.0,0.84,19.3,0.85,20.39,0.15,0.15,615.338572,1776212205000
1776212207.376,107.376,0.16,19.3,0.15,20.39,0.31,50.0,0.32,10.0,0.69,50.0,0.68,10.0,0.84,19.3,0.85,20.39,0.15,0.15,615.338572,1776212206000
1776212208.244,108.244,0.16,19.3,0.15,20.39,0.31,50.0,0.32,10.0,0.69,50.0,0.68,10.0,0.84,19.3,0.85,20.39,0.15,0.15,615.33791,1776212207000
1776212209.605,109.605,0.16,19.3,0.15,20.39,0.31,50.0,0.32,10.0,0.69,50.0,0.68,10.0,0.84,19.3,0.85,20.39,0.15,0.15,615.334686,1776212208000
1776212210.308,110.308,0.16,19.3,0.15,20.39,0.31,50.0,0.32,10.0,0.69,50.0,0.68,10.0,0.84,19.3,0.85,20.39,0.15,0.15,615.334686,1776212209000
1776212211.053,111.053,0.16,19.3,0.15,20.39,0.31,50.0,0.32,10.0,0.69,50.0,0.68,10.0,0.84,19.3,0.85,20.39,0.15,0.15,615.334686,1776212210000
1776212212.346,112.346,0.16,19.3,0.15,20.39,0.31,50.0,0.32,10.0,0.69,50.0,0.68,10.0,0.84,19.3,0.85,20.39,0.15,0.15,615.334686,1776212211000
1776212213.563,113.563,0.16,19.3,0.15,20.39,0.31,50.0,0.32,10.0,0.69,50.0,0.68,10.0,0.84,19.3,0.85,20.39,0.15,0.15,615.329277,1776212212000
1776212214.197,114.197,0.16,19.3,0.15,20.39,0.31,50.0,0.32,10.0,0.69,50.0,0.68,10.0,0.84,19.3,0.85,20.39,0.15,0.15,615.325795,1776212213000
1776212215.091,115.091,0.16,19.3,0.15,20.39,0.31,50.0,0.32,10.0,0.69,50.0,0.68,10.0,0.84,19.3,0.85,20.39,0.15,0.15,615.32578,1776212214000
1776212216.348,116.348,0.16,19.3,0.15,20.39,0.31,50.0,0.32,10.0,0.69,50.0,0.68,10.0,0.84,19.3,0.85,20.39,0.15,0.15,615.330068,1776212215000
1776212217.568,117.568,0.16,19.3,0.15,20.39,0.31,50.0,0.32,10.0,0.69,50.0,0.68,10.0,0.84,19.3,0.85,20.39,0.15,0.15,615.330424,1776212216000
1776212218.409,118.409,0.16,19.3,0.15,20.39,0.31,50.0,0.32,10.0,0.69,50.0,0.68,10.0,0.84,19.3,0.85,20.39,0.15,0.15,615.330424,1776212217000
1776212219.016,119.016,0.16,19.3,0.15,20.39,0.31,50.0,0.32,10.0,0.69,50.0,0.68,10.0,0.84,19.3,0.85,20.39,0.15,0.15,615.330424,1776212218000
1776212220.317,120.317,0.16,19.3,0.15,20.39,0.31,50.0,0.32,10.0,0.69,50.0,0.68,10.0,0.84,19.3,0.85,20.39,0.15,0.15,615.329196,1776212219000
1776212221.592,121.592,0.16,19.3,0.15,20.39,0.31,50.0,0.32,10.0,0.69,50.0,0.68,10.0,0.84,19.3,0.85,20.39,0.15,0.15,615.329253,1776212220000
1776212222.283,122.283,0.16,19.3,0.15,20.39,0.31,50.0,0.32,10.0,0.69,50.0,0.68,10.0,0.84,19.3,0.85,20.39,0.15,0.15,615.3285,1776212221000
1776212223.95,123.95,0.16,19.3,0.15,20.39,0.31,50.0,0.32,10.0,0.69,50.0,0.68,10.0,0.84,19.3,0.85,20.39,0.15,0.15,615.330241,1776212222000
1776212224.436,124.436,0.16,19.3,0.15,20.39,0.31,50.0,0.32,10.0,0.69,50.0,0.68,10.0,0.84,19.3,0.85,20.39,0.15,0.15,615.330241,1776212223000
1776212225.006,125.006,0.16,19.3,0.15,20.39,0.31,50.0,0.32,10.0,0.69,50.0,0.68,10.0,0.84,19.3,0.85,20.39,0.15,0.15,615.327143,1776212224000
1776212226.035,126.035,0.16,19.3,0.15,20.39,0.31,50.0,0.32,10.0,0.69,50.0,0.68,10.0,0.84,19.3,0.85,20.39,0.15,0.15,615.321861,1776212225000
1776212227.047,127.047,0.16,19.3,0.15,20.39,0.31,50.0,0.32,10.0,0.69,50.0,0.68,10.0,0.84,19.3,0.85,20.39,0.15,0.15,615.31987,1776212226000
1776212227.251,127.251,0.13,11.5,0.12,24.6,0.25,10.0,0.26,5.0,0.69,50.0,0.68,10.0,0.84,19.3,0.85,20.39,0.12,0.15,615.31987,1776212226000
1776212228.017,128.017,0.13,11.5,0.12,24.6,0.25,10.0,0.26,5.0,0.75,10.0,0.74,5.0,0.87,11.5,0.88,24.6,0.12,0.12,615.319885,1776212227000
1776212229.049,129.049,0.13,11.5,0.12,24.6,0.25,10.0,0.26,5.0,0.75,10.0,0.74,5.0,0.87,11.5,0.88,24.6,0.12,0.12,615.319736,1776212228000
1776212229.424,129.424,0.12,24.6,0.11,31.6,0.25,10.0,0.26,5.0,0.75,10.0,0.74,5.0,0.87,11.5,0.88,24.6,0.13,0.12,615.319736,1776212228000
1776212230.09,130.09,0.12,24.6,0.11,31.6,0.25,10.0,0.26,5.0,0.75,10.0,0.74,5.0,0.88,24.6,0.89,31.6,0.13,0.13,615.320008,1776212229000
1776212231.068,131.068,0.12,24.6,0.11,31.6,0.25,10.0,0.26,5.0,0.75,10.0,0.74,5.0,0.88,24.6,0.89,31.6,0.13,0.13,615.320008,1776212230000
1776212232.035,132.035,0.12,24.6,0.11,31.6,0.25,10.0,0.26,5.0,0.75,10.0,0.74,5.0,0.88,24.6,0.89,31.6,0.13,0.13,615.31862,1776212231000
1776212233.07,133.07,0.12,24.6,0.11,31.6,0.25,10.0,0.26,5.0,0.75,10.0,0.74,5.0,0.88,24.6,0.89,31.6,0.13,0.13,615.318602,1776212232000
1776212234.08,134.08,0.12,24.6,0.11,31.6,0.25,10.0,0.26,5.0,0.75,10.0,0.74,5.0,0.88,24.6,0.89,31.6,0.13,0.13,615.319211,1776212233000
1776212234.438,134.438,0.11,13.7,0.1,43.9,0.25,10.0,0.26,5.0,0.75,10.0,0.74,5.0,0.88,24.6,0.89,31.6,0.14,0.13,615.319211,1776212233000
1776212235.164,135.164,0.11,13.7,0.1,43.9,0.25,10.0,0.26,5.0,0.75,10.0,0.74,5.0,0.89,13.7,0.9,43.9,0.14,0.14,615.319211,1776212234000
1776212236.201,136.201,0.11,13.7,0.1,43.9,0.25,10.0,0.26,5.0,0.75,10.0,0.74,5.0,0.89,13.7,0.9,43.9,0.14,0.14,615.321589,1776212235000
1776212237.179,137.179,0.11,13.7,0.1,43.9,0.25,10.0,0.26,5.0,0.75,10.0,0.74,5.0,0.89,13.7,0.9,43.9,0.14,0.14,615.321592,1776212236000
1776212238.554,138.554,0.11,13.7,0.1,43.9,0.25,10.0,0.26,5.0,0.75,10.0,0.74,5.0,0.89,13.7,0.9,43.9,0.14,0.14,615.306197,1776212237000
1776212239.036,139.036,0.11,13.7,0.1,43.9,0.25,10.0,0.26,5.0,0.75,10.0,0.74,5.0,0.89,13.7,0.9,43.9,0.14,0.14,615.306197,1776212238000
1776212240.449,140.449,0.11,13.7,0.1,43.9,0.25,10.0,0.26,5.0,0.75,10.0,0.74,5.0,0.89,13.7,0.9,43.9,0.14,0.14,615.307984,1776212239000
1776212240.982,140.982,0.11,13.7,0.1,43.9,0.25,10.0,0.26,5.0,0.75,10.0,0.74,5.0,0.89,13.7,0.9,43.9,0.14,0.14,615.307984,1776212240000
1776212242.298,142.298,0.11,13.7,0.1,43.9,0.25,10.0,0.26,5.0,0.75,10.0,0.74,5.0,0.89,13.7,0.9,43.9,0.14,0.14,615.256196,1776212241000
1776212243.428,143.428,0.11,13.7,0.1,43.9,0.25,10.0,0.26,5.0,0.75,10.0,0.74,5.0,0.89,13.7,0.9,43.9,0.14,0.14,615.257384,1776212242000
1776212243.987,143.987,0.11,13.7,0.1,43.9,0.25,10.0,0.26,5.0,0.75,10.0,0.74,5.0,0.89,13.7,0.9,43.9,0.14,0.14,615.257389,1776212243000
1776212245.485,145.485,0.11,13.7,0.1,43.9,0.25,10.0,0.26,5.0,0.75,10.0,0.74,5.0,0.89,13.7,0.9,43.9,0.14,0.14,615.257922,1776212244000
1776212246.057,146.057,0.11,13.7,0.1,43.9,0.25,10.0,0.26,5.0,0.75,10.0,0.74,5.0,0.89,13.7,0.9,43.9,0.14,0.14,615.259255,1776212245000
1776212247.352,147.352,0.11,13.7,0.1,43.9,0.25,10.0,0.26,5.0,0.75,10.0,0.74,5.0,0.89,13.7,0.9,43.9,0.14,0.14,615.25941,1776212246000
1776212248.866,148.866,0.11,13.7,0.1,43.9,0.25,10.0,0.26,5.0,0.75,10.0,0.74,5.0,0.89,13.7,0.9,43.9,0.14,0.14,615.258616,1776212247000
1776212249.504,149.504,0.11,13.7,0.1,43.9,0.25,10.0,0.26,5.0,0.75,10.0,0.74,5.0,0.89,13.7,0.9,43.9,0.14,0.14,615.258616,1776212248000
1776212250.48,150.48,0.11,13.7,0.1,43.9,0.25,10.0,0.26,5.0,0.75,10.0,0.74,5.0,0.89,13.7,0.9,43.9,0.14,0.14,615.258631,1776212249000
1776212251.115,151.115,0.11,13.7,0.1,43.9,0.25,10.0,0.26,5.0,0.75,10.0,0.74,5.0,0.89,13.7,0.9,43.9,0.14,0.14,615.255709,1776212250000
1776212252.56,152.56,0.11,13.7,0.1,43.9,0.25,10.0,0.26,5.0,0.75,10.0,0.74,5.0,0.89,13.7,0.9,43.9,0.14,0.14,615.355,1776212251000
1776212253.224,153.224,0.11,13.7,0.1,43.9,0.25,10.0,0.26,5.0,0.75,10.0,0.74,5.0,0.89,13.7,0.9,43.9,0.14,0.14,615.317093,1776212252000
1776212254.219,154.219,0.11,13.7,0.1,43.9,0.25,10.0,0.26,5.0,0.75,10.0,0.74,5.0,0.89,13.7,0.9,43.9,0.14,0.14,615.32,1776212253000
1776212255.192,155.192,0.11,13.7,0.1,43.9,0.25,10.0,0.26,5.0,0.75,10.0,0.74,5.0,0.89,13.7,0.9,43.9,0.14,0.14,615.32,1776212254000
1776212256.197,156.197,0.11,13.7,0.1,43.9,0.25,10.0,0.26,5.0,0.75,10.0,0.74,5.0,0.89,13.7,0.9,43.9,0.14,0.14,615.307177,1776212255000
1776212257.267,157.267,0.11,13.7,0.1,43.9,0.25,10.0,0.26,5.0,0.75,10.0,0.74,5.0,0.89,13.7,0.9,43.9,0.14,0.14,615.308162,1776212256000
1776212258.379,158.379,0.11,13.7,0.1,43.9,0.25,10.0,0.26,5.0,0.75,10.0,0.74,5.0,0.89,13.7,0.9,43.9,0.14,0.14,615.308162,1776212257000
1776212259.317,159.317,0.11,13.7,0.1,43.9,0.25,10.0,0.26,5.0,0.75,10.0,0.74,5.0,0.89,13.7,0.9,43.9,0.14,0.14,615.308118,1776212258000
1776212260.357,160.357,0.11,13.7,0.1,43.9,0.25,10.0,0.26,5.0,0.75,10.0,0.74,5.0,0.89,13.7,0.9,43.9,0.14,0.14,615.305265,1776212259000
1776212260.875,160.875,0.11,13.7,0.1,43.9,0.25,10.0,0.26,5.0,0.75,10.0,0.74,5.0,0.89,13.7,0.9,43.9,0.14,0.14,615.305265,1776212260000
1776212261.803,161.803,0.11,13.7,0.1,43.9,0.25,10.0,0.26,5.0,0.75,10.0,0.74,5.0,0.89,13.7,0.9,43.9,0.14,0.14,615.308079,1776212261000
1776212263.259,163.259,0.11,13.7,0.1,43.9,0.25,10.0,0.26,5.0,0.75,10.0,0.74,5.0,0.89,13.7,0.9,43.9,0.14,0.14,615.30821,1776212262000
1776212264.256,164.256,0.11,13.7,0.1,43.9,0.25,10.0,0.26,5.0,0.75,10.0,0.74,5.0,0.89,13.7,0.9,43.9,0.14,0.14,615.30821,1776212263000
1776212265.169,165.169,0.11,13.7,0.1,43.9,0.25,10.0,0.26,5.0,0.75,10.0,0.74,5.0,0.89,13.7,0.9,43.9,0.14,0.14,615.302521,1776212264000
1776212266.012,166.012,0.08,35.29,0.07,44.9,0.21,10.22,0.22,15.2,0.75,10.0,0.74,5.0,0.89,13.7,0.9,43.9,0.13,0.14,615.302521,1776212264000
1776212267.121,167.121,0.08,35.29,0.07,44.9,0.21,10.22,0.22,15.2,0.79,10.22,0.78,15.2,0.92,35.29,0.93,44.9,0.13,0.13,615.299784,1776212266000
1776212268.212,168.212,0.08,35.29,0.07,44.9,0.21,10.22,0.22,15.2,0.79,10.22,0.78,15.2,0.92,35.29,0.93,44.9,0.13,0.13,615.298982,1776212267000
1776212269.281,169.281,0.08,35.29,0.07,44.9,0.21,10.22,0.22,15.2,0.79,10.22,0.78,15.2,0.92,35.29,0.93,44.9,0.13,0.13,615.298752,1776212268000
1776212270.068,170.068,0.04,3.95,0.03,127.58,0.14,23.0,0.15,20.39,0.79,10.22,0.78,15.2,0.92,35.29,0.93,44.9,0.1,0.13,615.298752,1776212268000
1776212270.302,170.302,0.04,3.95,0.03,127.58,0.14,23.0,0.15,20.39,0.86,23.0,0.85,20.39,0.96,3.95,0.97,127.58,0.1,0.1,615.297943,1776212269000
1776212271.131,171.131,0.03,111.53,0.02,151.69,0.13,23.0,0.14,44.6,0.86,23.0,0.85,20.39,0.96,3.95,0.97,127.58,0.1,0.1,615.297943,1776212269000
1776212271.371,171.371,0.03,111.53,0.02,151.69,0.13,23.0,0.14,44.6,0.87,23.0,0.86,44.6,0.97,111.53,0.98,151.69,0.1,0.1,615.241934,1776212270000
1776212271.912,171.912,0.03,111.53,0.02,151.69,0.13,23.0,0.14,44.6,0.87,23.0,0.86,44.6,0.97,111.53,0.98,151.69,0.1,0.1,615.227881,1776212271000
1776212272.425,172.425,0.03,110.48,0.02,151.69,0.11,26.6,0.12,24.6,0.87,23.0,0.86,44.6,0.97,111.53,0.98,151.69,0.08,0.1,615.227881,1776212271000
1776212272.971,172.971,0.03,110.48,0.02,151.69,0.11,26.6,0.12,24.6,0.89,26.6,0.88,24.6,0.97,110.48,0.98,151.69,0.08,0.08,615.160319,1776212272000
1776212274.181,174.181,0.03,110.48,0.02,151.69,0.11,26.6,0.12,24.6,0.89,26.6,0.88,24.6,0.97,110.48,0.98,151.69,0.08,0.08,615.151253,1776212273000
1776212275.195,175.195,0.03,110.48,0.02,151.69,0.11,26.6,0.12,24.6,0.89,26.6,0.88,24.6,0.97,110.48,0.98,151.69,0.08,0.08,615.15247,1776212274000
1776212276.068,176.068,0.03,16.07,0.02,151.69,0.07,55.9,0.08,35.29,0.89,26.6,0.88,24.6,0.97,110.48,0.98,151.69,0.04,0.08,615.15247,1776212274000
1776212277.371,177.371,0.03,16.07,0.02,151.69,0.07,55.9,0.08,35.29,0.93,55.9,0.92,35.29,0.97,16.07,0.98,151.69,0.04,0.04,615.117142,1776212276000
1776212278.352,178.352,0.03,16.07,0.02,151.69,0.07,55.9,0.08,35.29,0.93,55.9,0.92,35.29,0.97,16.07,0.98,151.69,0.04,0.04,615.062498,1776212277000
1776212278.926,178.926,0.03,16.07,0.02,151.69,0.07,55.9,0.08,35.29,0.93,55.9,0.92,35.29,0.97,16.07,0.98,151.69,0.04,0.04,615.013298,1776212278000
1776212280.075,180.075,0.03,16.07,0.02,151.69,0.07,55.9,0.08,35.29,0.93,55.9,0.92,35.29,0.97,16.07,0.98,151.69,0.04,0.04,615.013026,1776212279000
1776212280.66,180.66,0.01,516.67,,,0.06,46.1,0.07,55.9,0.93,55.9,0.92,35.29,0.97,16.07,0.98,151.69,0.05,0.04,615.013026,1776212279000
1776212280.99,180.99,0.01,516.67,,,0.06,46.1,0.07,55.9,0.94,46.1,0.93,55.9,0.99,516.67,,,0.05,0.05,615.013026,1776212280000
1776212282.171,182.171,0.01,516.67,,,0.06,46.1,0.07,55.9,0.94,46.1,0.93,55.9,0.99,516.67,,,0.05,0.05,615.010519,1776212281000
1776212283.201,183.201,0.01,516.67,,,0.06,46.1,0.07,55.9,0.94,46.1,0.93,55.9,0.99,516.67,,,0.05,0.05,615.010603,1776212282000
1776212284.786,184.786,0.01,516.67,,,0.06,46.1,0.07,55.9,0.94,46.1,0.93,55.9,0.99,516.67,,,0.05,0.05,614.98024,1776212283000
1776212285.399,185.399,0.01,516.67,,,0.06,46.1,0.07,55.9,0.94,46.1,0.93,55.9,0.99,516.67,,,0.05,0.05,614.96016,1776212284000
1776212285.929,185.929,0.01,516.67,,,0.06,46.1,0.07,55.9,0.94,46.1,0.93,55.9,0.99,516.67,,,0.05,0.05,614.97524,1776212285000
1776212286.392,186.392,0.01,252.04,,,0.02,132.69,0.03,94.3,0.94,46.1,0.93,55.9,0.99,516.67,,,0.01,0.05,614.97524,1776212285000
1776212287.139,187.139,0.01,252.04,,,0.02,132.69,0.03,94.3,0.98,132.69,0.97,94.3,0.99,252.04,,,0.01,0.01,614.893857,1776212286000
1776212287.371,187.371,0.01,252.04,,,0.02,68.85,0.03,94.3,0.98,132.69,0.97,94.3,0.99,252.04,,,0.01,0.01,614.893857,1776212286000
1776212288.158,188.158,0.02,58.01,0.01,252.04,0.03,94.3,0.04,72.7,0.97,94.3,0.96,72.7,0.98,58.01,0.99,252.04,0.01,0.01,614.88097,1776212287000
1776212289.821,189.821,0.02,58.01,0.01,252.04,0.03,94.3,0.04,72.7,0.97,94.3,0.96,72.7,0.98,58.01,0.99,252.04,0.01,0.01,614.794018,1776212288000
1776212290.258,190.258,0.02,58.01,0.01,252.04,0.03,94.3,0.04,72.7,0.97,94.3,0.96,72.7,0.98,58.01,0.99,252.04,0.01,0.01,614.794018,1776212289000
1776212290.503,190.503,0.02,58.01,0.01,182.04,0.03,36.29,0.04,72.7,0.97,94.3,0.96,72.7,0.98,58.01,0.99,252.04,0.01,0.01,614.794018,1776212289000
1776212291.497,191.497,0.02,50.96,0.01,182.04,0.03,36.29,0.04,72.7,0.97,36.29,0.96,72.7,0.98,50.96,0.99,182.04,0.01,0.01,614.793978,1776212290000
1776212292.043,192.043,0.02,50.96,0.01,182.04,0.03,36.29,0.04,72.7,0.97,36.29,0.96,72.7,0.98,50.96,0.99,182.04,0.01,0.01,614.79731,1776212291000
1776212292.781,192.781,0.01,122.61,,,0.02,132.69,0.03,36.29,0.97,36.29,0.96,72.7,0.99,127.61,,,0.01,0.02,614.79731,1776212291000
1776212293.246,193.246,0.01,122.61,,,0.02,132.69,0.03,36.29,0.98,132.69,0.97,36.29,0.99,122.61,,,0.01,0.01,614.79667,1776212292000
1776212294.48,194.48,0.01,122.61,,,0.02,132.69,0.03,36.29,0.98,132.69,0.97,36.29,0.99,122.61,,,0.01,0.01,614.790973,1776212293000
1776212295.073,195.073,0.01,122.61,,,0.02,132.69,0.03,36.29,0.98,132.69,0.97,36.29,0.99,122.61,,,0.01,0.01,614.790973,1776212294000
1776212296.839,196.839,0.01,122.61,,,0.02,132.69,0.03,36.29,0.98,132.69,0.97,36.29,0.99,122.61,,,0.01,0.01,614.78892,1776212295000
1776212297.333,197.333,0.01,122.61,,,0.02,132.09,0.03,36.29,0.98,132.69,0.97,36.29,0.99,122.61,,,0.01,0.01,614.78892,1776212295000
1776212297.956,197.956,0.01,122.61,,,0.02,132.09,0.03,36.29,0.98,132.09,0.97,36.29,0.99,122.61,,,0.01,0.01,614.791222,1776212297000
1776212299.072,199.072,0.01,122.61,,,0.02,132.09,0.03,36.29,0.98,132.09,0.97,36.29,0.99,122.61,,,0.01,0.01,614.800862,1776212298000
1776212300.297,200.297,0.01,122.61,,,0.02,132.09,0.03,36.29,0.98,132.09,0.97,36.29,0.99,122.61,,,0.01,0.01,614.831066,1776212299000
1776212301.329,201.329,0.01,122.61,,,0.02,132.09,0.03,36.29,0.98,132.09,0.97,36.29,0.99,122.61,,,0.01,0.01,614.811517,1776212300000
1776212301.9,201.9,0.01,122.61,,,0.02,132.09,0.03,36.29,0.98,132.09,0.97,36.29,0.99,122.61,,,0.01,0.01,614.811063,1776212301000
1776212303.027,203.027,0.01,122.61,,,0.02,132.09,0.03,36.29,0.98,132.09,0.97,36.29,0.99,122.61,,,0.01,0.01,614.75011,1776212302000
1776212304.164,204.164,0.01,122.61,,,0.02,132.09,0.03,36.29,0.98,132.09,0.97,36.29,0.99,122.61,,,0.01,0.01,614.750567,1776212303000
1776212304.955,204.955,0.01,112.5,,,0.02,132.09,0.03,36.29,0.98,132.09,0.97,36.29,0.99,122.61,,,0.01,0.01,614.750567,1776212303000
1776212305.212,205.212,0.01,112.5,,,0.02,132.09,0.03,36.29,0.98,132.09,0.97,36.29,0.99,112.5,,,0.01,0.01,614.749274,1776212304000
1776212306.426,206.426,0.01,112.5,,,0.02,132.09,0.03,36.29,0.98,132.09,0.97,36.29,0.99,112.5,,,0.01,0.01,614.749977,1776212305000
1776212306.968,206.968,0.01,112.5,,,0.02,132.09,0.03,36.29,0.98,132.09,0.97,36.29,0.99,112.5,,,0.01,0.01,614.750481,1776212306000
1776212308.104,208.104,0.01,112.5,,,0.02,132.09,0.03,36.29,0.98,132.09,0.97,36.29,0.99,112.5,,,0.01,0.01,614.751915,1776212307000
1776212308.651,208.651,,,,,0.01,887.5,0.02,132.09,0.98,132.09,0.97,36.29,0.99,112.5,,,,0.01,614.751915,1776212307000
1776212309.127,209.127,,,,,0.01,887.5,0.02,132.09,0.99,887.5,0.98,132.09,,,,,,,614.75142,1776212308000
1776212310.179,210.179,,,,,0.01,887.5,0.02,132.09,0.99,887.5,0.98,132.09,,,,,,,614.751262,1776212309000
1776212311.24,211.24,,,,,0.01,887.5,0.02,132.09,0.99,887.5,0.98,132.09,,,,,,,614.756304,1776212310000
1776212312.316,212.316,,,,,0.01,887.5,0.02,132.09,0.99,887.5,0.98,132.09,,,,,,,614.757786,1776212311000
1776212313.292,213.292,,,,,0.01,887.5,0.02,132.09,0.99,887.5,0.98,132.09,,,,,,,614.759005,1776212312000
1776212314.287,214.287,,,,,0.01,887.5,0.02,132.09,0.99,887.5,0.98,132.09,,,,,,,614.762814,1776212313000
1776212315.169,215.169,,,,,0.01,887.5,0.02,132.09,0.99,887.5,0.98,132.09,,,,,,,614.765247,1776212314000
1776212316.217,216.217,,,,,0.01,887.5,0.02,132.09,0.99,887.5,0.98,132.09,,,,,,,614.761761,1776212315000
1776212317.166,217.166,,,,,0.01,887.5,0.02,132.09,0.99,887.5,0.98,132.09,,,,,,,614.761367,1776212316000
1776212318.142,218.142,,,,,0.01,887.5,0.02,132.09,0.99,887.5,0.98,132.09,,,,,,,614.76216,1776212317000
1776212319.097,219.097,,,,,0.01,887.5,0.02,132.09,0.99,887.5,0.98,132.09,,,,,,,614.776457,1776212318000
1776212320.12,220.12,,,,,0.01,887.5,0.02,132.09,0.99,887.5,0.98,132.09,,,,,,,614.788338,1776212319000
1776212321.088,221.088,,,,,0.01,887.5,0.02,132.09,0.99,887.5,0.98,132.09,,,,,,,614.792138,1776212320000
1776212322.085,222.085,,,,,0.01,887.5,0.02,132.09,0.99,887.5,0.98,132.09,,,,,,,614.795238,1776212321000
1776212323.198,223.198,,,,,0.01,887.5,0.02,132.09,0.99,887.5,0.98,132.09,,,,,,,614.807023,1776212322000
1776212324.306,224.306,,,,,0.01,887.5,0.02,132.09,0.99,887.5,0.98,132.09,,,,,,,614.804768,1776212323000
1776212324.957,224.957,,,,,0.01,887.5,0.02,132.09,0.99,887.5,0.98,132.09,,,,,,,614.804768,1776212324000
1776212326.185,226.185,,,,,0.01,887.5,0.02,132.09,0.99,887.5,0.98,132.09,,,,,,,614.797704,1776212325000
1776212327.433,227.433,,,,,0.01,887.5,0.02,132.09,0.99,887.5,0.98,132.09,,,,,,,614.79525,1776212326000
1776212328.025,228.025,,,,,0.01,887.5,0.02,132.09,0.99,887.5,0.98,132.09,,,,,,,614.793445,1776212327000
1776212329.11,229.11,,,,,0.01,887.5,0.02,132.09,0.99,887.5,0.98,132.09,,,,,,,614.793445,1776212328000
1776212330.176,230.176,,,,,0.01,887.5,0.02,132.09,0.99,887.5,0.98,132.09,,,,,,,614.790166,1776212329000
1776212331.288,231.288,,,,,0.01,887.5,0.02,132.09,0.99,887.5,0.98,132.09,,,,,,,614.790139,1776212330000
1776212331.931,231.931,,,,,0.01,887.5,0.02,132.09,0.99,887.5,0.98,132.09,,,,,,,614.790139,1776212331000
1776212333.118,233.118,,,,,0.01,887.5,0.02,132.09,0.99,887.5,0.98,132.09,,,,,,,614.793625,1776212332000
1776212334.255,234.255,,,,,0.01,887.5,0.02,132.09,0.99,887.5,0.98,132.09,,,,,,,614.790767,1776212333000
1776212335.447,235.447,,,,,0.01,887.5,0.02,132.09,0.99,887.5,0.98,132.09,,,,,,,614.79358,1776212334000
1776212336.0,236.0,,,,,0.01,887.5,0.02,132.09,0.99,887.5,0.98,132.09,,,,,,,614.79358,1776212335000
1776212337.101,237.101,,,,,0.01,887.5,0.02,132.09,0.99,887.5,0.98,132.09,,,,,,,614.789797,1776212336000
1776212338.266,238.266,,,,,0.01,887.5,0.02,132.09,0.99,887.5,0.98,132.09,,,,,,,614.789823,1776212337000
1776212339.179,239.179,,,,,0.01,887.5,0.02,132.09,0.99,887.5,0.98,132.09,,,,,,,614.789823,1776212338000
1776212340.277,240.277,,,,,0.01,887.5,0.02,132.09,0.99,887.5,0.98,132.09,,,,,,,614.787349,1776212339000
1776212341.43,241.43,,,,,0.01,887.5,0.02,132.09,0.99,887.5,0.98,132.09,,,,,,,614.680375,1776212340000
1776212341.907,241.907,,,,,0.01,887.5,0.02,132.09,0.99,887.5,0.98,132.09,,,,,,,614.680322,1776212341000
1776212343.067,243.067,,,,,0.01,887.5,0.02,132.09,0.99,887.5,0.98,132.09,,,,,,,614.672012,1776212342000
1776212344.139,244.139,,,,,0.01,887.5,0.02,132.09,0.99,887.5,0.98,132.09,,,,,,,614.671598,1776212343000
1776212345.195,245.195,,,,,0.01,887.5,0.02,132.09,0.99,887.5,0.98,132.09,,,,,,,614.669436,1776212344000
1776212346.208,246.208,,,,,0.01,887.5,0.02,132.09,0.99,887.5,0.98,132.09,,,,,,,614.706,1776212345000
1776212347.286,247.286,,,,,0.01,887.5,0.02,132.09,0.99,887.5,0.98,132.09,,,,,,,614.706,1776212346000
1776212347.944,247.944,,,,,0.01,887.5,0.02,132.09,0.99,887.5,0.98,132.09,,,,,,,614.705,1776212347000
1776212349.074,249.074,,,,,0.01,887.5,0.02,132.09,0.99,887.5,0.98,132.09,,,,,,,614.707475,1776212348000
1776212350.209,250.209,,,,,0.01,887.5,0.02,132.09,0.99,887.5,0.98,132.09,,,,,,,614.690027,1776212349000
1776212351.177,251.177,,,,,0.01,887.5,0.02,132.09,0.99,887.5,0.98,132.09,,,,,,,614.690501,1776212350000
1776212352.226,252.226,,,,,0.01,887.5,0.02,132.09,0.99,887.5,0.98,132.09,,,,,,,614.690443,1776212351000
1776212353.372,253.372,,,,,0.01,887.5,0.02,132.09,0.99,887.5,0.98,132.09,,,,,,,614.686528,1776212352000
1776212353.984,253.984,,,,,0.01,887.5,0.02,132.09,0.99,887.5,0.98,132.09,,,,,,,614.689763,1776212353000
1776212355.111,255.111,,,,,0.01,887.5,0.02,132.09,0.99,887.5,0.98,132.09,,,,,,,614.692811,1776212354000
1776212356.569,256.569,,,,,0.01,887.5,0.02,132.09,0.99,887.5,0.98,132.09,,,,,,,614.692767,1776212355000
1776212357.119,257.119,,,,,0.01,887.5,0.02,132.09,0.99,887.5,0.98,132.09,,,,,,,614.755119,1776212356000
1776212358.481,258.481,,,,,0.01,887.5,0.02,132.09,0.99,887.5,0.98,132.09,,,,,,,614.75137,1776212357000
1776212359.089,259.089,,,,,0.01,887.5,0.02,132.09,0.99,887.5,0.98,132.09,,,,,,,614.75137,1776212358000
1776212360.364,260.364,,,,,0.01,887.5,0.02,132.09,0.99,887.5,0.98,132.09,,,,,,,614.750669,1776212359000
1776212361.025,261.025,,,,,0.01,887.5,0.02,132.09,0.99,887.5,0.98,132.09,,,,,,,614.750669,1776212360000
1776212362.357,262.357,,,,,0.01,887.5,0.02,132.09,0.99,887.5,0.98,132.09,,,,,,,614.753692,1776212361000
1776212363.153,263.153,,,,,0.01,887.5,0.02,132.09,0.99,887.5,0.98,132.09,,,,,,,614.753692,1776212362000
1776212364.423,264.423,,,,,0.01,887.5,0.02,132.09,0.99,887.5,0.98,132.09,,,,,,,614.750602,1776212363000
1776212365.096,265.096,,,,,0.01,887.5,0.02,132.09,0.99,887.5,0.98,132.09,,,,,,,614.750672,1776212364000
1776212366.505,266.505,,,,,0.01,887.5,0.02,132.09,0.99,887.5,0.98,132.09,,,,,,,614.787423,1776212365000
1776212367.222,267.222,,,,,0.01,887.5,0.02,132.09,0.99,887.5,0.98,132.09,,,,,,,614.78795,1776212366000
1776212368.742,268.742,,,,,0.01,887.5,0.02,132.09,0.99,887.5,0.98,132.09,,,,,,,614.784104,1776212367000
1776212369.496,269.496,,,,,0.01,887.5,0.02,132.09,0.99,887.5,0.98,132.09,,,,,,,614.784078,1776212368000
1776212370.682,270.682,,,,,0.01,887.5,0.02,132.09,0.99,887.5,0.98,132.09,,,,,,,614.785444,1776212369000
1776212371.288,271.288,,,,,0.01,887.5,0.02,132.09,0.99,887.5,0.98,132.09,,,,,,,614.785506,1776212370000
1776212371.971,271.971,,,,,0.01,887.5,0.02,132.09,0.99,887.5,0.98,132.09,,,,,,,614.785567,1776212371000
1776212373.165,273.165,,,,,0.01,887.5,0.02,132.09,0.99,887.5,0.98,132.09,,,,,,,614.793639,1776212372000
1776212374.746,274.746,,,,,0.01,887.5,0.02,132.09,0.99,887.5,0.98,132.09,,,,,,,614.792907,1776212373000
1776212375.402,275.402,,,,,0.01,887.5,0.02,132.09,0.99,887.5,0.98,132.09,,,,,,,614.785106,1776212374000
1776212376.12,276.12,,,,,0.01,887.5,0.02,132.09,0.99,887.5,0.98,132.09,,,,,,,614.782376,1776212375000
1776212377.278,277.278,,,,,0.01,887.5,0.02,132.09,0.99,887.5,0.98,132.09,,,,,,,614.781743,1776212376000
1776212378.566,278.566,,,,,0.01,887.5,0.02,132.09,0.99,887.5,0.98,132.09,,,,,,,614.781828,1776212377000
1776212379.176,279.176,,,,,0.01,887.5,0.02,132.09,0.99,887.5,0.98,132.09,,,,,,,614.781829,1776212378000
1776212380.572,280.572,,,,,0.01,887.5,0.02,132.09,0.99,887.5,0.98,132.09,,,,,,,614.780092,1776212379000
1776212381.226,281.226,,,,,0.01,887.5,0.02,132.09,0.99,887.5,0.98,132.09,,,,,,,614.779918,1776212380000
1776212382.544,282.544,,,,,0.01,887.5,0.02,132.09,0.99,887.5,0.98,132.09,,,,,,,614.782606,1776212381000
1776212383.183,283.183,,,,,0.01,887.5,0.02,132.09,0.99,887.5,0.98,132.09,,,,,,,614.781725,1776212382000
1776212384.375,284.375,,,,,0.01,887.5,0.02,132.09,0.99,887.5,0.98,132.09,,,,,,,614.781738,1776212383000
1776212384.953,284.953,,,,,0.01,887.5,0.02,132.09,0.99,887.5,0.98,132.09,,,,,,,614.781738,1776212384000
1776212386.184,286.184,,,,,0.01,887.5,0.02,132.09,0.99,887.5,0.98,132.09,,,,,,,614.78177,1776212385000
1776212387.116,287.116,,,,,0.01,887.5,0.02,132.09,0.99,887.5,0.98,132.09,,,,,,,614.783283,1776212386000
1776212388.1,288.1,,,,,0.01,887.5,0.02,132.09,0.99,887.5,0.98,132.09,,,,,,,614.783073,1776212387000
1776212389.057,289.057,,,,,0.01,887.5,0.02,132.09,0.99,887.5,0.98,132.09,,,,,,,614.782694,1776212388000
1776212390.117,290.117,,,,,0.01,887.5,0.02,132.09,0.99,887.5,0.98,132.09,,,,,,,614.782694,1776212389000
1776212391.167,291.167,,,,,0.01,887.5,0.02,132.09,0.99,887.5,0.98,132.09,,,,,,,614.784537,1776212390000
1776212392.088,292.088,,,,,0.01,887.5,0.02,132.09,0.99,887.5,0.98,132.09,,,,,,,614.78993,1776212391000
1776212393.141,293.141,,,,,0.01,887.5,0.02,132.09,0.99,887.5,0.98,132.09,,,,,,,614.787262,1776212392000
1776212394.155,294.155,,,,,0.01,887.5,0.02,132.09,0.99,887.5,0.98,132.09,,,,,,,614.780911,1776212393000
1776212395.181,295.181,,,,,0.01,887.5,0.02,132.09,0.99,887.5,0.98,132.09,,,,,,,614.780911,1776212394000
1776212396.161,296.161,,,,,0.01,887.5,0.02,132.09,0.99,887.5,0.98,132.09,,,,,,,614.780528,1776212395000
1776212397.054,297.054,,,,,0.01,887.5,0.02,132.09,0.99,887.5,0.98,132.09,,,,,,,614.780528,1776212396000
1776212398.111,298.111,,,,,0.01,887.5,0.02,132.09,0.99,887.5,0.98,132.09,,,,,,,614.780509,1776212397000
1776212399.285,299.285,,,,,0.01,887.5,0.02,132.09,0.99,887.5,0.98,132.09,,,,,,,614.794559,1776212398000
1776212400.736,300.736,,,,,0.01,887.5,0.02,132.09,0.99,887.5,0.98,132.09,,,,,,,614.795,1776212399000

# RESULT,winner=Down,slug=bnb-updown-5m-1776212100,ticks=317
