timestamp,elapsed_sec,up_bid_p1,up_bid_s1,up_bid_p2,up_bid_s2,up_ask_p1,up_ask_s1,up_ask_p2,up_ask_s2,down_bid_p1,down_bid_s1,down_bid_p2,down_bid_s2,down_ask_p1,down_ask_s1,down_ask_p2,down_ask_s2,up_spread,down_spread,bnb_price,bnb_oracle_ts
1776186901.666,1.666,0.33,300.0,0.31,375.0,0.67,300.0,0.68,6.24,0.33,300.0,0.32,6.24,0.67,300.0,0.69,375.0,0.34,0.34,620.016053,1776186900000
1776186902.149,2.149,0.4,5.14,0.39,12.0,0.63,13.0,0.67,300.0,0.33,300.0,0.32,6.24,0.67,300.0,0.69,375.0,0.23,0.34,620.016053,1776186900000
1776186902.547,2.547,0.4,5.14,0.39,12.0,0.63,13.0,0.67,300.0,0.37,13.0,0.33,300.0,0.6,5.14,0.61,12.0,0.23,0.23,620.033,1776186901000
1776186903.208,3.208,0.4,5.14,0.39,12.0,0.63,13.0,0.67,300.0,0.37,13.0,0.33,300.0,0.6,5.14,0.61,12.0,0.23,0.23,620.033,1776186902000
1776186905.073,5.073,0.4,5.14,0.39,12.0,0.63,13.0,0.67,300.0,0.37,13.0,0.33,300.0,0.6,5.14,0.61,12.0,0.23,0.23,620.044,1776186903000
1776186906.25,6.25,0.4,5.14,0.39,12.0,0.63,13.0,0.67,300.0,0.37,13.0,0.33,300.0,0.6,5.14,0.61,12.0,0.23,0.23,620.039,1776186905000
1776186907.347,7.347,0.4,5.14,0.39,12.0,0.63,13.0,0.67,300.0,0.37,13.0,0.33,300.0,0.6,5.14,0.61,12.0,0.23,0.23,620.069982,1776186906000
1776186908.372,8.372,0.4,5.14,0.39,12.0,0.63,13.0,0.67,300.0,0.37,13.0,0.33,300.0,0.6,5.14,0.61,12.0,0.23,0.23,620.093508,1776186907000
1776186908.915,8.915,0.5,5.0,0.4,12.0,0.59,1.5,0.61,50.0,0.37,13.0,0.33,300.0,0.6,5.14,0.61,12.0,0.09,0.23,620.093508,1776186907000
1776186910.059,10.059,0.5,5.0,0.4,12.0,0.59,1.5,0.61,50.0,0.41,1.5,0.39,50.0,0.5,5.0,0.6,12.0,0.09,0.09,620.093589,1776186909000
1776186911.077,11.077,0.5,5.0,0.4,12.0,0.59,1.5,0.61,50.0,0.41,1.5,0.39,50.0,0.5,5.0,0.6,12.0,0.09,0.09,620.092988,1776186910000
1776186912.147,12.147,0.5,5.0,0.4,12.0,0.59,1.5,0.61,50.0,0.41,1.5,0.39,50.0,0.5,5.0,0.6,12.0,0.09,0.09,620.092478,1776186911000
1776186913.342,13.342,0.5,5.0,0.4,12.0,0.59,1.5,0.61,50.0,0.41,1.5,0.39,50.0,0.5,5.0,0.6,12.0,0.09,0.09,620.073206,1776186912000
1776186914.382,14.382,0.5,5.0,0.4,12.0,0.59,1.5,0.61,50.0,0.41,1.5,0.39,50.0,0.5,5.0,0.6,12.0,0.09,0.09,620.02855,1776186913000
1776186914.954,14.954,0.5,5.0,0.4,12.0,0.59,1.5,0.61,50.0,0.41,1.5,0.39,50.0,0.5,5.0,0.6,12.0,0.09,0.09,620.027039,1776186914000
1776186915.984,15.984,0.5,5.0,0.4,12.0,0.59,1.5,0.61,50.0,0.41,1.5,0.39,50.0,0.5,5.0,0.6,12.0,0.09,0.09,620.027065,1776186915000
1776186917.145,17.145,0.5,5.0,0.4,12.0,0.59,1.5,0.61,50.0,0.41,1.5,0.39,50.0,0.5,5.0,0.6,12.0,0.09,0.09,620.027027,1776186916000
1776186918.234,18.234,0.5,5.0,0.4,12.0,0.59,1.5,0.61,50.0,0.41,1.5,0.39,50.0,0.5,5.0,0.6,12.0,0.09,0.09,620.027028,1776186917000
1776186919.184,19.184,0.5,5.0,0.4,12.0,0.59,1.5,0.61,50.0,0.41,1.5,0.39,50.0,0.5,5.0,0.6,12.0,0.09,0.09,620.023199,1776186918000
1776186920.266,20.266,0.5,5.0,0.4,12.0,0.59,1.5,0.61,50.0,0.41,1.5,0.39,50.0,0.5,5.0,0.6,12.0,0.09,0.09,620.023205,1776186919000
1776186921.353,21.353,0.5,5.0,0.4,12.0,0.59,1.5,0.61,50.0,0.41,1.5,0.39,50.0,0.5,5.0,0.6,12.0,0.09,0.09,620.023297,1776186920000
1776186922.404,22.404,0.5,5.0,0.4,12.0,0.59,1.5,0.61,50.0,0.41,1.5,0.39,50.0,0.5,5.0,0.6,12.0,0.09,0.09,620.028,1776186921000
1776186922.754,22.754,0.55,5.0,0.42,10.0,0.6,5.0,0.65,5.0,0.41,1.5,0.39,50.0,0.5,5.0,0.6,12.0,0.05,0.09,620.028,1776186921000
1776186923.004,23.004,0.55,5.0,0.42,10.0,0.6,5.0,0.65,5.0,0.4,5.0,0.35,5.0,0.45,5.0,0.58,10.0,0.05,0.05,620.028,1776186922000
1776186924.05,24.05,0.55,5.0,0.42,10.0,0.6,5.0,0.65,5.0,0.4,5.0,0.35,5.0,0.45,5.0,0.58,10.0,0.05,0.05,620.189874,1776186923000
1776186924.273,24.273,0.59,5.0,0.55,5.0,0.66,5.0,0.68,11.24,0.4,5.0,0.35,5.0,0.45,5.0,0.58,10.0,0.07,0.05,620.189874,1776186923000
1776186925.128,25.128,0.59,5.0,0.55,5.0,0.66,5.0,0.68,11.24,0.34,5.0,0.32,11.24,0.41,5.0,0.45,5.0,0.07,0.07,620.239,1776186924000
1776186926.264,26.264,0.59,5.0,0.55,5.0,0.66,5.0,0.68,11.24,0.34,5.0,0.32,11.24,0.41,5.0,0.45,5.0,0.07,0.07,620.229732,1776186925000
1776186927.215,27.215,0.59,5.0,0.55,5.0,0.66,5.0,0.68,11.24,0.34,5.0,0.32,11.24,0.41,5.0,0.45,5.0,0.07,0.07,620.229319,1776186926000
1776186928.304,28.304,0.59,5.0,0.55,5.0,0.66,5.0,0.68,11.24,0.34,5.0,0.32,11.24,0.41,5.0,0.45,5.0,0.07,0.07,620.230424,1776186927000
1776186929.273,29.273,0.59,5.0,0.55,5.0,0.66,5.0,0.68,11.24,0.34,5.0,0.32,11.24,0.41,5.0,0.45,5.0,0.07,0.07,620.228798,1776186928000
1776186930.324,30.324,0.61,13.0,0.57,10.0,0.67,8.0,0.68,11.24,0.34,5.0,0.32,11.24,0.41,5.0,0.45,5.0,0.06,0.07,620.228798,1776186928000
1776186930.935,30.935,0.61,13.0,0.57,10.0,0.67,8.0,0.68,11.24,0.33,8.0,0.32,11.24,0.39,13.0,0.43,10.0,0.06,0.06,620.272993,1776186930000
1776186931.469,31.469,0.66,7.0,0.63,5.0,0.67,3.0,0.68,6.24,0.33,8.0,0.32,11.24,0.39,13.0,0.43,10.0,0.01,0.06,620.272993,1776186930000
1776186931.976,31.976,0.67,5.96,0.64,7.0,0.68,6.24,0.69,6.44,0.33,3.0,0.32,6.24,0.34,7.0,0.37,5.0,0.01,0.01,620.272993,1776186930000
1776186933.114,33.114,0.67,5.96,0.64,7.0,0.68,6.24,0.69,6.44,0.32,6.24,0.31,6.44,0.33,5.96,0.36,7.0,0.01,0.01,620.356888,1776186932000
1776186934.351,34.351,0.67,5.96,0.64,7.0,0.68,6.24,0.69,6.44,0.32,6.24,0.31,6.44,0.33,5.96,0.36,7.0,0.01,0.01,620.310827,1776186933000
1776186935.598,35.598,0.67,5.96,0.64,7.0,0.68,6.24,0.69,6.44,0.32,6.24,0.31,6.44,0.33,5.96,0.36,7.0,0.01,0.01,620.315573,1776186934000
1776186935.911,35.911,0.67,0.96,0.61,13.0,0.68,16.24,0.69,6.44,0.32,6.24,0.31,6.44,0.33,5.96,0.36,7.0,0.01,0.01,620.315573,1776186934000
1776186936.295,36.295,0.67,0.96,0.61,13.0,0.68,16.24,0.69,6.44,0.32,16.24,0.31,6.44,0.33,0.96,0.39,13.0,0.01,0.01,620.322,1776186935000
1776186936.742,36.742,0.61,8.0,0.57,5.0,0.68,21.24,0.69,6.44,0.32,16.24,0.31,6.44,0.33,0.96,0.39,13.0,0.07,0.01,620.322,1776186935000
1776186938.204,38.204,0.61,8.0,0.57,5.0,0.68,21.24,0.69,6.44,0.32,21.24,0.31,6.44,0.39,8.0,0.43,5.0,0.07,0.07,620.321177,1776186936000
1776186938.901,38.901,0.61,8.0,0.57,5.0,0.68,21.24,0.69,6.44,0.32,21.24,0.31,6.44,0.39,8.0,0.43,5.0,0.07,0.07,620.266,1776186937000
1776186939.65,39.65,0.61,8.0,0.57,5.0,0.68,21.24,0.69,6.44,0.32,21.24,0.31,6.44,0.39,8.0,0.43,5.0,0.07,0.07,620.274,1776186938000
1776186940.366,40.366,0.61,8.0,0.57,5.0,0.68,21.24,0.69,6.44,0.32,21.24,0.31,6.44,0.39,8.0,0.43,5.0,0.07,0.07,620.266,1776186939000
1776186941.636,41.636,0.61,8.0,0.57,5.0,0.68,21.24,0.69,6.44,0.32,21.24,0.31,6.44,0.39,8.0,0.43,5.0,0.07,0.07,620.317,1776186940000
1776186942.445,42.445,0.61,8.0,0.57,5.0,0.68,21.24,0.69,6.44,0.32,21.24,0.31,6.44,0.39,8.0,0.43,5.0,0.07,0.07,620.276,1776186941000
1776186943.106,43.106,0.61,8.0,0.57,5.0,0.68,21.24,0.69,6.44,0.32,21.24,0.31,6.44,0.39,8.0,0.43,5.0,0.07,0.07,620.275,1776186942000
1776186944.546,44.546,0.61,8.0,0.57,5.0,0.68,21.24,0.69,6.44,0.32,21.24,0.31,6.44,0.39,8.0,0.43,5.0,0.07,0.07,620.278,1776186943000
1776186945.12,45.12,0.61,8.0,0.57,5.0,0.68,21.24,0.69,6.44,0.32,21.24,0.31,6.44,0.39,8.0,0.43,5.0,0.07,0.07,620.278,1776186944000
1776186946.77,46.77,0.57,4.57,0.56,5.0,0.67,10.0,0.68,6.24,0.33,10.0,0.32,6.24,0.43,4.57,0.44,5.0,0.1,0.1,620.297858,1776186945000
1776186950.252,50.252,0.57,4.57,0.56,5.0,0.67,10.0,0.68,6.24,0.33,10.0,0.32,6.24,0.43,4.57,0.44,5.0,0.1,0.1,620.313893,1776186946000
1776186950.542,50.542,0.64,7.0,0.61,50.0,0.68,6.24,0.69,6.44,0.33,10.0,0.32,6.24,0.43,4.57,0.44,5.0,0.04,0.1,620.38,1776186948000
1776186951.146,51.146,0.64,7.0,0.61,50.0,0.68,6.24,0.69,6.44,0.32,6.24,0.31,6.44,0.36,7.0,0.39,50.0,0.04,0.04,620.37111,1776186950000
1776186952.557,52.557,0.64,7.0,0.61,50.0,0.68,6.24,0.69,6.44,0.32,6.24,0.31,6.44,0.36,7.0,0.39,50.0,0.04,0.04,620.389863,1776186951000
1776186953.553,53.553,0.64,7.0,0.61,50.0,0.68,6.24,0.69,6.44,0.32,6.24,0.31,6.44,0.36,7.0,0.39,50.0,0.04,0.04,620.376,1776186952000
1776186953.986,53.986,0.64,7.0,0.61,50.0,0.68,6.24,0.69,6.44,0.32,6.24,0.31,6.44,0.36,7.0,0.39,50.0,0.04,0.04,620.376,1776186953000
1776186954.957,54.957,0.64,7.0,0.61,50.0,0.78,9.73,0.79,15.7,0.32,6.24,0.31,6.44,0.36,7.0,0.39,50.0,0.14,0.04,620.376,1776186953000
1776186955.232,55.232,0.64,7.0,0.61,50.0,0.78,9.73,0.79,15.7,0.22,9.73,0.21,15.7,0.36,7.0,0.39,50.0,0.14,0.14,620.37,1776186954000
1776186956.226,56.226,0.64,7.0,0.61,50.0,0.78,9.73,0.79,15.7,0.22,9.73,0.21,15.7,0.36,7.0,0.39,50.0,0.14,0.14,620.381,1776186955000
1776186957.345,57.345,0.64,7.0,0.61,50.0,0.78,9.73,0.79,15.7,0.22,9.73,0.21,15.7,0.36,7.0,0.39,50.0,0.14,0.14,620.357,1776186956000
1776186958.472,58.472,0.64,7.0,0.61,50.0,0.78,9.73,0.79,15.7,0.22,9.73,0.21,15.7,0.36,7.0,0.39,50.0,0.14,0.14,620.358,1776186957000
1776186959.012,59.012,0.64,7.0,0.61,50.0,0.78,9.73,0.79,15.7,0.22,9.73,0.21,15.7,0.36,7.0,0.39,50.0,0.14,0.14,620.358,1776186958000
1776186960.112,60.112,0.64,7.0,0.61,50.0,0.78,9.73,0.79,15.7,0.22,9.73,0.21,15.7,0.36,7.0,0.39,50.0,0.14,0.14,620.366,1776186959000
1776186961.214,61.214,0.64,7.0,0.61,50.0,0.78,9.73,0.79,15.7,0.22,9.73,0.21,15.7,0.36,7.0,0.39,50.0,0.14,0.14,620.409678,1776186960000
1776186962.38,62.38,0.64,7.0,0.61,50.0,0.78,9.73,0.79,15.7,0.22,9.73,0.21,15.7,0.36,7.0,0.39,50.0,0.14,0.14,620.42938,1776186961000
1776186962.949,62.949,0.64,7.0,0.61,50.0,0.78,9.73,0.79,15.7,0.22,9.73,0.21,15.7,0.36,7.0,0.39,50.0,0.14,0.14,620.434,1776186962000
1776186964.087,64.087,0.64,7.0,0.61,50.0,0.78,9.73,0.79,15.7,0.22,9.73,0.21,15.7,0.36,7.0,0.39,50.0,0.14,0.14,620.443,1776186963000
1776186965.237,65.237,0.64,7.0,0.61,50.0,0.78,9.73,0.79,15.7,0.22,9.73,0.21,15.7,0.36,7.0,0.39,50.0,0.14,0.14,620.434,1776186964000
1776186966.365,66.365,0.64,7.0,0.61,50.0,0.78,9.73,0.79,15.7,0.22,9.73,0.21,15.7,0.36,7.0,0.39,50.0,0.14,0.14,620.431,1776186965000
1776186968.257,68.257,0.64,7.0,0.61,50.0,0.78,9.73,0.79,15.7,0.22,9.73,0.21,15.7,0.36,7.0,0.39,50.0,0.14,0.14,620.451,1776186967000
1776186969.676,69.676,0.64,7.0,0.61,50.0,0.78,9.73,0.79,15.7,0.22,9.73,0.21,15.7,0.36,7.0,0.39,50.0,0.14,0.14,620.464,1776186968000
1776186970.368,70.368,0.64,7.0,0.61,50.0,0.78,9.73,0.79,15.7,0.22,9.73,0.21,15.7,0.36,7.0,0.39,50.0,0.14,0.14,620.452,1776186969000
1776186971.478,71.478,0.64,7.0,0.61,50.0,0.78,9.73,0.79,15.7,0.22,9.73,0.21,15.7,0.36,7.0,0.39,50.0,0.14,0.14,620.448,1776186970000
1776186972.126,72.126,0.64,7.0,0.61,50.0,0.78,9.73,0.79,15.7,0.22,9.73,0.21,15.7,0.36,7.0,0.39,50.0,0.14,0.14,620.448,1776186971000
1776186973.435,73.435,0.64,7.0,0.61,50.0,0.78,9.73,0.79,15.7,0.22,9.73,0.21,15.7,0.36,7.0,0.39,50.0,0.14,0.14,620.416479,1776186972000
1776186974.115,74.115,0.64,7.0,0.61,50.0,0.78,9.73,0.79,15.7,0.22,9.73,0.21,15.7,0.36,7.0,0.39,50.0,0.14,0.14,620.416479,1776186973000
1776186975.343,75.343,0.64,7.0,0.61,50.0,0.78,9.73,0.79,15.7,0.22,9.73,0.21,15.7,0.36,7.0,0.39,50.0,0.14,0.14,620.426,1776186974000
1776186976.007,76.007,0.64,7.0,0.61,50.0,0.78,9.73,0.79,15.7,0.22,9.73,0.21,15.7,0.36,7.0,0.39,50.0,0.14,0.14,620.426,1776186975000
1776186977.357,77.357,0.64,7.0,0.61,50.0,0.78,9.73,0.79,15.7,0.22,9.73,0.21,15.7,0.36,7.0,0.39,50.0,0.14,0.14,620.425,1776186976000
1776186978.068,78.068,0.64,7.0,0.61,50.0,0.78,9.73,0.79,15.7,0.22,9.73,0.21,15.7,0.36,7.0,0.39,50.0,0.14,0.14,620.426,1776186977000
1776186979.273,79.273,0.64,7.0,0.61,50.0,0.78,9.73,0.79,15.7,0.22,9.73,0.21,15.7,0.36,7.0,0.39,50.0,0.14,0.14,620.417721,1776186978000
1776186980.529,80.529,0.64,7.0,0.61,50.0,0.78,9.73,0.79,15.7,0.22,9.73,0.21,15.7,0.36,7.0,0.39,50.0,0.14,0.14,620.416617,1776186979000
1776186981.18,81.18,0.64,7.0,0.61,50.0,0.78,9.73,0.79,15.7,0.22,9.73,0.21,15.7,0.36,7.0,0.39,50.0,0.14,0.14,620.416617,1776186980000
1776186982.381,82.381,0.64,7.0,0.61,50.0,0.78,9.73,0.79,15.7,0.22,9.73,0.21,15.7,0.36,7.0,0.39,50.0,0.14,0.14,620.416484,1776186981000
1776186983.104,83.104,0.64,7.0,0.61,50.0,0.78,9.73,0.79,15.7,0.22,9.73,0.21,15.7,0.36,7.0,0.39,50.0,0.14,0.14,620.412,1776186982000
1776186984.832,84.832,0.64,7.0,0.61,50.0,0.78,9.73,0.79,15.7,0.22,9.73,0.21,15.7,0.36,7.0,0.39,50.0,0.14,0.14,620.409849,1776186983000
1776186985.493,85.493,0.64,7.0,0.61,50.0,0.78,9.73,0.79,15.7,0.22,9.73,0.21,15.7,0.36,7.0,0.39,50.0,0.14,0.14,620.409849,1776186984000
1776186986.009,86.009,0.64,7.0,0.61,50.0,0.78,9.73,0.79,15.7,0.22,9.73,0.21,15.7,0.36,7.0,0.39,50.0,0.14,0.14,620.408595,1776186985000
1776186986.579,86.579,0.71,7.0,0.68,11.9,0.75,5.0,0.8,16.2,0.22,9.73,0.21,15.7,0.36,7.0,0.39,50.0,0.04,0.14,620.408595,1776186985000
1776186987.328,87.328,0.71,7.0,0.68,11.9,0.75,5.0,0.8,16.2,0.25,5.0,0.2,16.2,0.29,7.0,0.32,11.9,0.04,0.04,620.389,1776186986000
1776186987.896,87.896,0.71,7.0,0.68,11.9,0.75,5.0,0.8,16.2,0.25,5.0,0.2,16.2,0.29,7.0,0.32,11.9,0.04,0.04,620.389,1776186987000
1776186989.12,89.12,0.71,7.0,0.68,11.9,0.75,5.0,0.8,16.2,0.25,5.0,0.2,16.2,0.29,7.0,0.32,11.9,0.04,0.04,620.377,1776186988000
1776186990.168,90.168,0.71,7.0,0.68,11.9,0.75,5.0,0.8,16.2,0.25,5.0,0.2,16.2,0.29,7.0,0.32,11.9,0.04,0.04,620.389,1776186989000
1776186991.362,91.362,0.71,7.0,0.68,11.9,0.75,5.0,0.8,16.2,0.25,5.0,0.2,16.2,0.29,7.0,0.32,11.9,0.04,0.04,620.385,1776186990000
1776186991.887,91.887,0.71,7.0,0.68,11.9,0.75,5.0,0.8,16.2,0.25,5.0,0.2,16.2,0.29,7.0,0.32,11.9,0.04,0.04,620.385,1776186991000
1776186993.088,93.088,0.71,7.0,0.68,11.9,0.75,5.0,0.8,16.2,0.25,5.0,0.2,16.2,0.29,7.0,0.32,11.9,0.04,0.04,620.389,1776186992000
1776186994.237,94.237,0.71,7.0,0.68,11.9,0.75,5.0,0.8,16.2,0.25,5.0,0.2,16.2,0.29,7.0,0.32,11.9,0.04,0.04,620.40462,1776186993000
1776186995.381,95.381,0.71,7.0,0.68,11.9,0.75,5.0,0.8,16.2,0.25,5.0,0.2,16.2,0.29,7.0,0.32,11.9,0.04,0.04,620.394229,1776186994000
1776186995.925,95.925,0.71,7.0,0.68,11.9,0.75,5.0,0.8,16.2,0.25,5.0,0.2,16.2,0.29,7.0,0.32,11.9,0.04,0.04,620.41,1776186995000
1776186997.198,97.198,0.71,7.0,0.68,11.9,0.75,5.0,0.8,16.2,0.25,5.0,0.2,16.2,0.29,7.0,0.32,11.9,0.04,0.04,620.41,1776186996000
1776186997.903,97.903,0.71,7.0,0.68,11.9,0.75,5.0,0.8,16.2,0.25,5.0,0.2,16.2,0.29,7.0,0.32,11.9,0.04,0.04,620.412,1776186997000
1776186999.015,99.015,0.71,7.0,0.68,11.9,0.75,5.0,0.8,16.2,0.25,5.0,0.2,16.2,0.29,7.0,0.32,11.9,0.04,0.04,620.406,1776186998000
1776187000.044,100.044,0.71,7.0,0.68,11.9,0.75,5.0,0.8,16.2,0.25,5.0,0.2,16.2,0.29,7.0,0.32,11.9,0.04,0.04,620.391,1776186999000
1776187001.278,101.278,0.71,7.0,0.68,11.9,0.75,5.0,0.8,16.2,0.25,5.0,0.2,16.2,0.29,7.0,0.32,11.9,0.04,0.04,620.39,1776187000000
1776187001.478,101.478,0.73,6.0,0.71,5.27,0.76,5.0,0.78,5.0,0.25,5.0,0.2,16.2,0.29,7.0,0.32,11.9,0.03,0.04,620.39,1776187000000
1776187002.412,102.412,0.73,6.0,0.71,5.27,0.76,5.0,0.78,5.0,0.24,5.0,0.22,5.0,0.27,6.0,0.29,5.27,0.03,0.03,620.4063,1776187001000
1776187003.04,103.04,0.73,1.33,0.71,5.27,0.76,5.0,0.78,5.0,0.24,5.0,0.22,5.0,0.27,1.33,0.29,5.27,0.03,0.03,620.41,1776187002000
1776187004.192,104.192,0.73,1.33,0.71,5.27,0.76,5.0,0.78,5.0,0.24,5.0,0.22,5.0,0.27,1.33,0.29,5.27,0.03,0.03,620.406,1776187003000
1776187005.144,105.144,0.73,1.33,0.71,5.27,0.76,5.0,0.78,5.0,0.24,5.0,0.22,5.0,0.27,1.33,0.29,5.27,0.03,0.03,620.407,1776187004000
1776187006.208,106.208,0.73,1.33,0.71,5.27,0.76,5.0,0.78,5.0,0.24,5.0,0.22,5.0,0.27,1.33,0.29,5.27,0.03,0.03,620.407,1776187005000
1776187007.404,107.404,0.73,1.33,0.71,5.27,0.76,5.0,0.78,5.0,0.24,5.0,0.22,5.0,0.27,1.33,0.29,5.27,0.03,0.03,620.409,1776187006000
1776187007.816,107.816,0.75,1.0,0.71,5.27,0.81,66.89,0.82,17.6,0.22,5.0,0.19,66.89,0.25,6.0,0.29,5.27,0.06,0.03,620.409,1776187006000
1776187008.566,108.566,0.71,1.27,0.63,5.0,0.76,5.0,0.79,15.7,0.19,66.89,0.18,17.6,0.25,1.0,0.29,5.27,0.05,0.06,620.409,1776187007000
1776187009.03,109.03,0.71,1.27,0.63,5.0,0.76,5.0,0.79,15.7,0.24,5.0,0.21,15.7,0.29,1.27,0.37,5.0,0.05,0.05,620.403,1776187008000
1776187009.53,109.53,0.59,8.0,0.57,5.0,0.72,5.0,0.74,5.0,0.24,5.0,0.21,15.7,0.29,1.27,0.37,5.0,0.13,0.05,620.403,1776187008000
1776187010.107,110.107,0.59,8.0,0.57,5.0,0.72,5.0,0.74,5.0,0.28,5.0,0.26,5.0,0.41,8.0,0.43,5.0,0.13,0.13,620.241578,1776187009000
1776187011.314,111.314,0.59,8.0,0.57,5.0,0.72,5.0,0.74,5.0,0.28,5.0,0.26,5.0,0.41,8.0,0.43,5.0,0.13,0.13,620.213,1776187010000
1776187012.291,112.291,0.59,8.0,0.57,5.0,0.72,5.0,0.74,5.0,0.28,5.0,0.26,5.0,0.41,8.0,0.43,5.0,0.13,0.13,620.168824,1776187011000
1776187013.529,113.529,0.59,8.0,0.57,5.0,0.72,5.0,0.74,5.0,0.28,5.0,0.26,5.0,0.41,8.0,0.43,5.0,0.13,0.13,620.143605,1776187012000
1776187014.646,114.646,0.56,13.0,0.53,10.0,0.6,12.0,0.61,50.0,0.4,12.0,0.39,50.0,0.44,13.0,0.47,10.0,0.04,0.04,620.12,1776187013000
1776187015.228,115.228,0.56,13.0,0.53,10.0,0.6,12.0,0.61,50.0,0.4,12.0,0.39,50.0,0.44,13.0,0.47,10.0,0.04,0.04,620.104,1776187014000
1776187015.455,115.455,0.53,10.0,0.5,10.72,0.6,12.0,0.61,50.0,0.4,12.0,0.39,50.0,0.44,13.0,0.47,10.0,0.07,0.04,620.104,1776187014000
1776187016.281,116.281,0.53,10.0,0.5,10.72,0.6,12.0,0.61,50.0,0.4,12.0,0.39,50.0,0.47,10.0,0.5,10.72,0.07,0.07,620.033,1776187015000
1776187017.377,117.377,0.53,10.0,0.5,10.72,0.6,12.0,0.61,50.0,0.4,12.0,0.39,50.0,0.47,10.0,0.5,10.72,0.07,0.07,620.018,1776187016000
1776187017.923,117.923,0.53,10.0,0.5,10.72,0.6,12.0,0.61,50.0,0.4,12.0,0.39,50.0,0.47,10.0,0.5,10.72,0.07,0.07,620.012375,1776187017000
1776187019.087,119.087,0.53,10.0,0.5,10.72,0.6,12.0,0.61,50.0,0.4,12.0,0.39,50.0,0.47,10.0,0.5,10.72,0.07,0.07,620.015756,1776187018000
1776187019.431,119.431,0.51,4.48,0.5,10.72,0.6,12.0,0.61,50.0,0.4,12.0,0.39,50.0,0.47,10.0,0.5,10.72,0.09,0.07,620.015756,1776187018000
1776187020.177,120.177,0.51,4.48,0.5,10.72,0.6,12.0,0.61,50.0,0.4,12.0,0.39,50.0,0.49,4.48,0.5,10.72,0.09,0.09,620.045,1776187019000
1776187021.198,121.198,0.51,4.48,0.5,10.72,0.6,12.0,0.61,50.0,0.4,12.0,0.39,50.0,0.49,4.48,0.5,10.72,0.09,0.09,620.018,1776187020000
1776187022.353,122.353,0.51,4.48,0.5,10.72,0.6,12.0,0.61,50.0,0.4,12.0,0.39,50.0,0.49,4.48,0.5,10.72,0.09,0.09,620.009046,1776187021000
1776187022.85,122.85,0.51,4.48,0.5,10.72,0.6,12.0,0.61,50.0,0.4,12.0,0.39,50.0,0.49,4.48,0.5,10.72,0.09,0.09,620.010569,1776187022000
1776187024.075,124.075,0.51,4.48,0.5,10.72,0.6,12.0,0.61,50.0,0.4,12.0,0.39,50.0,0.49,4.48,0.5,10.72,0.09,0.09,620.010501,1776187023000
1776187025.188,125.188,0.51,4.48,0.5,10.72,0.6,12.0,0.61,50.0,0.4,12.0,0.39,50.0,0.49,4.48,0.5,10.72,0.09,0.09,620.013,1776187024000
1776187026.211,126.211,0.51,4.48,0.5,10.72,0.6,12.0,0.61,50.0,0.4,12.0,0.39,50.0,0.49,4.48,0.5,10.72,0.09,0.09,620.085,1776187025000
1776187027.35,127.35,0.51,4.48,0.5,10.72,0.6,12.0,0.61,50.0,0.4,12.0,0.39,50.0,0.49,4.48,0.5,10.72,0.09,0.09,620.086,1776187026000
1776187028.991,128.991,0.51,4.48,0.5,10.72,0.6,12.0,0.61,50.0,0.4,12.0,0.39,50.0,0.49,4.48,0.5,10.72,0.09,0.09,620.11013,1776187027000
1776187029.559,129.559,0.51,4.48,0.5,10.72,0.6,12.0,0.61,50.0,0.4,12.0,0.39,50.0,0.49,4.48,0.5,10.72,0.09,0.09,620.13123,1776187028000
1776187030.176,130.176,0.51,4.48,0.5,10.72,0.6,12.0,0.61,50.0,0.4,12.0,0.39,50.0,0.49,4.48,0.5,10.72,0.09,0.09,620.107,1776187029000
1776187031.42,131.42,0.51,4.48,0.5,10.72,0.6,12.0,0.61,50.0,0.4,12.0,0.39,50.0,0.49,4.48,0.5,10.72,0.09,0.09,620.109,1776187030000
1776187032.126,132.126,0.51,4.48,0.5,10.72,0.6,12.0,0.61,50.0,0.4,12.0,0.39,50.0,0.49,4.48,0.5,10.72,0.09,0.09,620.101,1776187031000
1776187033.217,133.217,0.51,4.48,0.5,10.72,0.6,12.0,0.61,50.0,0.4,12.0,0.39,50.0,0.49,4.48,0.5,10.72,0.09,0.09,620.102,1776187032000
1776187034.694,134.694,0.51,4.48,0.5,10.72,0.6,12.0,0.61,50.0,0.4,12.0,0.39,50.0,0.49,4.48,0.5,10.72,0.09,0.09,620.106,1776187033000
1776187035.509,135.509,0.55,10.0,0.54,15.5,0.59,5.0,0.6,7.0,0.41,5.0,0.4,7.0,0.45,10.0,0.46,15.5,0.04,0.04,620.117,1776187034000
1776187036.165,136.165,0.55,10.0,0.54,15.5,0.59,5.0,0.6,7.0,0.41,5.0,0.4,7.0,0.45,10.0,0.46,15.5,0.04,0.04,620.116521,1776187035000
1776187037.011,137.011,0.58,10.0,0.57,10.6,0.6,2.0,0.68,5.0,0.4,7.0,0.32,5.0,0.43,10.6,0.44,10.6,0.02,0.03,620.116521,1776187035000
1776187037.681,137.681,0.58,10.0,0.57,10.6,0.6,2.0,0.68,5.0,0.4,2.0,0.32,5.0,0.42,10.0,0.43,10.6,0.02,0.02,620.1213,1776187036000
1776187038.19,138.19,0.58,10.0,0.57,10.6,0.6,2.0,0.68,5.0,0.4,2.0,0.32,5.0,0.42,10.0,0.43,10.6,0.02,0.02,620.128253,1776187037000
1776187039.619,139.619,0.58,10.0,0.57,10.6,0.6,2.0,0.68,5.0,0.4,2.0,0.32,5.0,0.42,10.0,0.43,10.6,0.02,0.02,620.132,1776187038000
1776187040.319,140.319,0.58,10.0,0.57,10.6,0.6,2.0,0.68,5.0,0.4,2.0,0.32,5.0,0.42,10.0,0.43,10.6,0.02,0.02,620.132,1776187039000
1776187041.626,141.626,0.58,10.0,0.57,10.6,0.6,2.0,0.68,5.0,0.4,2.0,0.32,5.0,0.42,10.0,0.43,10.6,0.02,0.02,620.128142,1776187040000
1776187042.317,142.317,0.58,10.0,0.57,10.6,0.6,2.0,0.68,5.0,0.4,2.0,0.32,5.0,0.42,10.0,0.43,10.6,0.02,0.02,620.126107,1776187041000
1776187043.676,143.676,0.58,10.0,0.57,10.6,0.6,2.0,0.68,5.0,0.4,2.0,0.32,5.0,0.42,10.0,0.43,10.6,0.02,0.02,620.126963,1776187042000
1776187044.42,144.42,0.58,10.0,0.57,10.6,0.6,2.0,0.68,5.0,0.4,2.0,0.32,5.0,0.42,10.0,0.43,10.6,0.02,0.02,620.126969,1776187043000
1776187045.018,145.018,0.58,10.0,0.57,10.6,0.6,2.0,0.68,5.0,0.4,2.0,0.32,5.0,0.42,10.0,0.43,10.6,0.02,0.02,620.126981,1776187044000
1776187046.384,146.384,0.58,10.0,0.57,10.6,0.6,2.0,0.68,5.0,0.4,2.0,0.32,5.0,0.42,10.0,0.43,10.6,0.02,0.02,620.156629,1776187045000
1776187046.974,146.974,0.58,10.0,0.57,10.6,0.6,2.0,0.68,5.0,0.4,2.0,0.32,5.0,0.42,10.0,0.43,10.6,0.02,0.02,620.161232,1776187046000
1776187048.1,148.1,0.58,10.0,0.57,10.6,0.6,2.0,0.68,5.0,0.4,2.0,0.32,5.0,0.42,10.0,0.43,10.6,0.02,0.02,620.27194,1776187047000
1776187049.239,149.239,0.58,10.0,0.57,10.6,0.6,2.0,0.68,5.0,0.4,2.0,0.32,5.0,0.42,10.0,0.43,10.6,0.02,0.02,620.246,1776187048000
1776187050.238,150.238,0.58,10.0,0.57,10.6,0.6,2.0,0.68,5.0,0.4,2.0,0.32,5.0,0.42,10.0,0.43,10.6,0.02,0.02,620.255,1776187049000
1776187051.471,151.471,0.58,10.0,0.57,10.6,0.6,2.0,0.68,5.0,0.4,2.0,0.32,5.0,0.42,10.0,0.43,10.6,0.02,0.02,620.264259,1776187050000
1776187051.934,151.934,0.58,10.0,0.57,10.6,0.6,2.0,0.68,5.0,0.4,2.0,0.32,5.0,0.42,10.0,0.43,10.6,0.02,0.02,620.26245,1776187051000
1776187053.01,153.01,0.58,10.0,0.57,10.6,0.6,2.0,0.68,5.0,0.4,2.0,0.32,5.0,0.42,10.0,0.43,10.6,0.02,0.02,620.204364,1776187052000
1776187054.093,154.093,0.58,10.0,0.57,10.6,0.6,2.0,0.68,5.0,0.4,2.0,0.32,5.0,0.42,10.0,0.43,10.6,0.02,0.02,620.19554,1776187053000
1776187055.331,155.331,0.58,10.0,0.57,10.6,0.6,2.0,0.68,5.0,0.4,2.0,0.32,5.0,0.42,10.0,0.43,10.6,0.02,0.02,620.195524,1776187054000
1776187056.322,156.322,0.58,10.0,0.57,10.6,0.6,2.0,0.68,5.0,0.4,2.0,0.32,5.0,0.42,10.0,0.43,10.6,0.02,0.02,620.195304,1776187055000
1776187057.39,157.39,0.58,10.0,0.57,10.6,0.6,2.0,0.68,5.0,0.4,2.0,0.32,5.0,0.42,10.0,0.43,10.6,0.02,0.02,620.195304,1776187056000
1776187057.932,157.932,0.58,10.0,0.57,10.6,0.6,2.0,0.68,5.0,0.4,2.0,0.32,5.0,0.42,10.0,0.43,10.6,0.02,0.02,620.197657,1776187057000
1776187059.057,159.057,0.58,10.0,0.57,10.6,0.6,2.0,0.68,5.0,0.4,2.0,0.32,5.0,0.42,10.0,0.43,10.6,0.02,0.02,620.197528,1776187058000
1776187060.222,160.222,0.58,10.0,0.57,10.6,0.6,2.0,0.68,5.0,0.4,2.0,0.32,5.0,0.42,10.0,0.43,10.6,0.02,0.02,620.197528,1776187059000
1776187061.233,161.233,0.58,10.0,0.57,10.6,0.6,2.0,0.68,5.0,0.4,2.0,0.32,5.0,0.42,10.0,0.43,10.6,0.02,0.02,620.197466,1776187060000
1776187062.185,162.185,0.58,10.0,0.57,10.6,0.6,2.0,0.68,5.0,0.4,2.0,0.32,5.0,0.42,10.0,0.43,10.6,0.02,0.02,620.170295,1776187061000
1776187063.051,163.051,0.58,10.0,0.57,10.6,0.6,2.0,0.68,5.0,0.4,2.0,0.32,5.0,0.42,10.0,0.43,10.6,0.02,0.02,620.119,1776187062000
1776187064.141,164.141,0.58,10.0,0.57,10.6,0.6,2.0,0.68,5.0,0.4,2.0,0.32,5.0,0.42,10.0,0.43,10.6,0.02,0.02,620.12,1776187063000
1776187065.203,165.203,0.58,10.0,0.57,10.6,0.6,2.0,0.68,5.0,0.4,2.0,0.32,5.0,0.42,10.0,0.43,10.6,0.02,0.02,620.12,1776187064000
1776187066.802,166.802,0.58,10.0,0.57,10.6,0.6,2.0,0.68,5.0,0.4,2.0,0.32,5.0,0.42,10.0,0.43,10.6,0.02,0.02,620.112173,1776187065000
1776187067.312,167.312,0.58,10.0,0.57,10.6,0.6,2.0,0.68,5.0,0.4,2.0,0.32,5.0,0.42,10.0,0.43,10.6,0.02,0.02,620.107891,1776187066000
1776187068.232,168.232,0.58,10.0,0.57,10.6,0.6,2.0,0.68,5.0,0.4,2.0,0.32,5.0,0.42,10.0,0.43,10.6,0.02,0.02,620.107887,1776187067000
1776187069.184,169.184,0.58,10.0,0.57,10.6,0.6,2.0,0.68,5.0,0.4,2.0,0.32,5.0,0.42,10.0,0.43,10.6,0.02,0.02,620.105226,1776187068000
1776187070.179,170.179,0.58,10.0,0.57,10.6,0.6,2.0,0.68,5.0,0.4,2.0,0.32,5.0,0.42,10.0,0.43,10.6,0.02,0.02,620.105226,1776187069000
1776187071.177,171.177,0.58,10.0,0.57,10.6,0.6,2.0,0.68,5.0,0.4,2.0,0.32,5.0,0.42,10.0,0.43,10.6,0.02,0.02,620.106351,1776187070000
1776187072.089,172.089,0.58,10.0,0.57,10.6,0.6,2.0,0.68,5.0,0.4,2.0,0.32,5.0,0.42,10.0,0.43,10.6,0.02,0.02,620.106351,1776187071000
1776187073.437,173.437,0.58,10.0,0.57,10.6,0.6,2.0,0.68,5.0,0.4,2.0,0.32,5.0,0.42,10.0,0.43,10.6,0.02,0.02,620.106341,1776187072000
1776187073.894,173.894,0.58,10.0,0.57,10.6,0.6,2.0,0.68,5.0,0.4,2.0,0.32,5.0,0.42,10.0,0.43,10.6,0.02,0.02,620.106438,1776187073000
1776187074.919,174.919,0.58,10.0,0.57,10.6,0.6,2.0,0.68,5.0,0.4,2.0,0.32,5.0,0.42,10.0,0.43,10.6,0.02,0.02,620.108302,1776187074000
1776187075.883,175.883,0.58,10.0,0.57,10.6,0.6,2.0,0.68,5.0,0.4,2.0,0.32,5.0,0.42,10.0,0.43,10.6,0.02,0.02,620.111243,1776187075000
1776187076.876,176.876,0.58,10.0,0.57,10.6,0.6,2.0,0.68,5.0,0.4,2.0,0.32,5.0,0.42,10.0,0.43,10.6,0.02,0.02,620.113279,1776187076000
1776187077.957,177.957,0.58,10.0,0.57,10.6,0.6,2.0,0.68,5.0,0.4,2.0,0.32,5.0,0.42,10.0,0.43,10.6,0.02,0.02,620.111613,1776187077000
1776187078.925,178.925,0.58,10.0,0.57,10.6,0.6,2.0,0.68,5.0,0.4,2.0,0.32,5.0,0.42,10.0,0.43,10.6,0.02,0.02,620.113603,1776187078000
1776187079.968,179.968,0.58,10.0,0.57,10.6,0.6,2.0,0.68,5.0,0.4,2.0,0.32,5.0,0.42,10.0,0.43,10.6,0.02,0.02,620.115449,1776187079000
1776187081.302,181.302,0.58,10.0,0.57,10.6,0.6,2.0,0.68,5.0,0.4,2.0,0.32,5.0,0.42,10.0,0.43,10.6,0.02,0.02,620.197528,1776187080000
1776187082.32,182.32,0.58,10.0,0.57,10.6,0.6,2.0,0.68,5.0,0.4,2.0,0.32,5.0,0.42,10.0,0.43,10.6,0.02,0.02,620.17705,1776187081000
1776187083.221,183.221,0.58,10.0,0.57,10.6,0.6,2.0,0.68,5.0,0.4,2.0,0.32,5.0,0.42,10.0,0.43,10.6,0.02,0.02,620.16055,1776187082000
1776187084.233,184.233,0.58,10.0,0.57,10.6,0.6,2.0,0.68,5.0,0.4,2.0,0.32,5.0,0.42,10.0,0.43,10.6,0.02,0.02,620.15616,1776187083000
1776187085.14,185.14,0.58,10.0,0.57,10.6,0.6,2.0,0.68,5.0,0.4,2.0,0.32,5.0,0.42,10.0,0.43,10.6,0.02,0.02,620.190291,1776187084000
1776187086.39,186.39,0.58,10.0,0.57,10.6,0.6,2.0,0.68,5.0,0.4,2.0,0.32,5.0,0.42,10.0,0.43,10.6,0.02,0.02,620.26,1776187085000
1776187086.977,186.977,0.58,10.0,0.57,10.6,0.6,2.0,0.68,5.0,0.4,2.0,0.32,5.0,0.42,10.0,0.43,10.6,0.02,0.02,620.26,1776187086000
1776187088.122,188.122,0.58,10.0,0.57,10.6,0.6,2.0,0.68,5.0,0.4,2.0,0.32,5.0,0.42,10.0,0.43,10.6,0.02,0.02,620.234,1776187087000
1776187089.336,189.336,0.58,10.0,0.57,10.6,0.6,2.0,0.68,5.0,0.4,2.0,0.32,5.0,0.42,10.0,0.43,10.6,0.02,0.02,620.180359,1776187088000
1776187089.947,189.947,0.58,10.0,0.57,10.6,0.6,2.0,0.68,5.0,0.4,2.0,0.32,5.0,0.42,10.0,0.43,10.6,0.02,0.02,620.180354,1776187089000
1776187091.042,191.042,0.58,10.0,0.57,10.6,0.6,2.0,0.68,5.0,0.4,2.0,0.32,5.0,0.42,10.0,0.43,10.6,0.02,0.02,620.178231,1776187090000
1776187092.16,192.16,0.58,10.0,0.57,10.6,0.6,2.0,0.68,5.0,0.4,2.0,0.32,5.0,0.42,10.0,0.43,10.6,0.02,0.02,620.178174,1776187091000
1776187093.264,193.264,0.58,10.0,0.57,10.6,0.6,2.0,0.68,5.0,0.4,2.0,0.32,5.0,0.42,10.0,0.43,10.6,0.02,0.02,620.175838,1776187092000
1776187094.312,194.312,0.58,10.0,0.57,10.6,0.6,2.0,0.68,5.0,0.4,2.0,0.32,5.0,0.42,10.0,0.43,10.6,0.02,0.02,620.175858,1776187093000
1776187094.962,194.962,0.58,10.0,0.57,10.6,0.6,2.0,0.68,5.0,0.4,2.0,0.32,5.0,0.42,10.0,0.43,10.6,0.02,0.02,620.175858,1776187094000
1776187096.233,196.233,0.58,10.0,0.57,10.6,0.6,2.0,0.68,5.0,0.4,2.0,0.32,5.0,0.42,10.0,0.43,10.6,0.02,0.02,620.176091,1776187095000
1776187097.362,197.362,0.58,10.0,0.57,10.6,0.6,2.0,0.68,5.0,0.4,2.0,0.32,5.0,0.42,10.0,0.43,10.6,0.02,0.02,620.183767,1776187096000
1776187098.539,198.539,0.58,10.0,0.57,10.6,0.6,2.0,0.68,5.0,0.4,2.0,0.32,5.0,0.42,10.0,0.43,10.6,0.02,0.02,620.280937,1776187097000
1776187099.3,199.3,0.58,10.0,0.57,10.6,0.6,2.0,0.68,5.0,0.4,2.0,0.32,5.0,0.42,10.0,0.43,10.6,0.02,0.02,620.280948,1776187098000
1776187100.425,200.425,0.58,10.0,0.57,10.6,0.6,2.0,0.68,5.0,0.4,2.0,0.32,5.0,0.42,10.0,0.43,10.6,0.02,0.02,620.28082,1776187099000
1776187101.515,201.515,0.58,10.0,0.57,10.6,0.6,2.0,0.68,5.0,0.4,2.0,0.32,5.0,0.42,10.0,0.43,10.6,0.02,0.02,620.286,1776187100000
1776187102.037,202.037,0.26,5.98,0.22,9.09,0.31,71.0,0.33,5.0,0.49,49.54,0.39,50.0,0.75,16.04,0.78,9.09,0.05,0.26,620.286,1776187100000
1776187102.481,202.481,0.22,7.14,0.19,10.0,0.31,71.0,0.33,5.0,0.69,71.0,0.67,5.0,0.78,7.14,0.81,10.0,0.09,0.09,620.286,1776187101000
1776187103.168,203.168,0.18,14.69,0.17,28.39,0.33,5.0,0.38,5.0,0.69,71.0,0.67,5.0,0.78,7.14,0.81,10.0,0.15,0.09,620.286,1776187101000
1776187103.397,203.397,0.18,14.69,0.17,28.39,0.33,5.0,0.38,5.0,0.67,5.0,0.62,5.0,0.82,14.69,0.83,28.39,0.15,0.15,619.79643,1776187102000
1776187104.033,204.033,0.18,14.69,0.17,28.39,0.33,5.0,0.38,5.0,0.67,5.0,0.62,5.0,0.82,14.69,0.83,28.39,0.15,0.15,619.79643,1776187103000
1776187105.355,205.355,0.18,14.69,0.17,28.39,0.33,5.0,0.38,5.0,0.67,5.0,0.62,5.0,0.82,14.69,0.83,28.39,0.15,0.15,619.713193,1776187104000
1776187105.787,205.787,0.21,50.0,0.18,14.69,0.33,10.0,0.34,6.0,0.67,5.0,0.62,5.0,0.82,14.69,0.83,28.39,0.12,0.15,619.713193,1776187104000
1776187106.088,206.088,0.21,50.0,0.18,14.69,0.33,10.0,0.34,6.0,0.67,10.0,0.66,6.0,0.79,50.0,0.82,14.69,0.12,0.12,619.713193,1776187105000
1776187107.484,207.484,0.21,50.0,0.18,14.69,0.33,10.0,0.34,6.0,0.67,10.0,0.66,6.0,0.79,50.0,0.82,14.69,0.12,0.12,619.775779,1776187106000
1776187108.077,208.077,0.21,50.0,0.18,14.69,0.33,10.0,0.34,6.0,0.67,10.0,0.66,6.0,0.79,50.0,0.82,14.69,0.12,0.12,619.788188,1776187107000
1776187109.229,209.229,0.21,50.0,0.18,14.69,0.33,10.0,0.34,6.0,0.67,10.0,0.66,6.0,0.79,50.0,0.82,14.69,0.12,0.12,619.803,1776187108000
1776187110.547,210.547,0.21,50.0,0.18,14.69,0.33,10.0,0.34,6.0,0.67,10.0,0.66,6.0,0.79,50.0,0.82,14.69,0.12,0.12,619.803,1776187109000
1776187111.143,211.143,0.28,15.61,0.23,14.7,0.36,10.0,0.37,12.0,0.67,10.0,0.66,6.0,0.79,50.0,0.82,14.69,0.08,0.12,619.803,1776187109000
1776187112.506,212.506,0.28,15.61,0.23,14.7,0.36,10.0,0.37,12.0,0.64,10.0,0.63,12.0,0.72,15.61,0.77,14.7,0.08,0.08,619.789923,1776187111000
1776187113.181,213.181,0.28,15.61,0.23,14.7,0.36,10.0,0.37,12.0,0.64,10.0,0.63,12.0,0.72,15.61,0.77,14.7,0.08,0.08,619.786168,1776187112000
1776187114.573,214.573,0.28,15.61,0.23,14.7,0.36,10.0,0.37,12.0,0.64,10.0,0.63,12.0,0.72,15.61,0.77,14.7,0.08,0.08,619.786573,1776187113000
1776187115.155,215.155,0.28,15.61,0.23,14.7,0.36,10.0,0.37,12.0,0.64,10.0,0.63,12.0,0.72,15.61,0.77,14.7,0.08,0.08,619.786275,1776187114000
1776187116.396,216.396,0.28,15.61,0.23,14.7,0.36,10.0,0.37,12.0,0.64,10.0,0.63,12.0,0.72,15.61,0.77,14.7,0.08,0.08,619.786275,1776187115000
1776187117.066,217.066,0.28,15.61,0.23,14.7,0.36,10.0,0.37,12.0,0.64,10.0,0.63,12.0,0.72,15.61,0.77,14.7,0.08,0.08,619.811735,1776187116000
1776187118.869,218.869,0.28,15.61,0.23,14.7,0.36,10.0,0.37,12.0,0.64,10.0,0.63,12.0,0.72,15.61,0.77,14.7,0.08,0.08,619.849,1776187117000
1776187119.362,219.362,0.28,15.61,0.23,14.7,0.36,10.0,0.37,12.0,0.64,10.0,0.63,12.0,0.72,15.61,0.77,14.7,0.08,0.08,619.832961,1776187118000
1776187120.371,220.371,0.28,15.61,0.23,14.7,0.36,10.0,0.37,12.0,0.64,10.0,0.63,12.0,0.72,15.61,0.77,14.7,0.08,0.08,619.832499,1776187119000
1776187120.927,220.927,0.28,15.61,0.23,14.7,0.36,10.0,0.37,12.0,0.64,10.0,0.63,12.0,0.72,15.61,0.77,14.7,0.08,0.08,619.825707,1776187120000
1776187122.303,222.303,0.28,15.61,0.23,14.7,0.36,10.0,0.37,12.0,0.64,10.0,0.63,12.0,0.72,15.61,0.77,14.7,0.08,0.08,619.825688,1776187121000
1776187123.222,223.222,0.28,15.61,0.23,14.7,0.36,10.0,0.37,12.0,0.64,10.0,0.63,12.0,0.72,15.61,0.77,14.7,0.08,0.08,619.825733,1776187122000
1776187124.258,224.258,0.28,15.61,0.23,14.7,0.36,10.0,0.37,12.0,0.64,10.0,0.63,12.0,0.72,15.61,0.77,14.7,0.08,0.08,619.825687,1776187123000
1776187125.18,225.18,0.28,15.61,0.23,14.7,0.36,10.0,0.37,12.0,0.64,10.0,0.63,12.0,0.72,15.61,0.77,14.7,0.08,0.08,619.824828,1776187124000
1776187126.187,226.187,0.28,15.61,0.23,14.7,0.36,10.0,0.37,12.0,0.64,10.0,0.63,12.0,0.72,15.61,0.77,14.7,0.08,0.08,619.818989,1776187125000
1776187127.096,227.096,0.28,15.61,0.23,14.7,0.36,10.0,0.37,12.0,0.64,10.0,0.63,12.0,0.72,15.61,0.77,14.7,0.08,0.08,619.818925,1776187126000
1776187127.454,227.454,0.25,20.0,0.24,14.3,0.41,1.77,0.46,10.5,0.64,10.0,0.63,12.0,0.72,15.61,0.77,14.7,0.16,0.08,619.818925,1776187126000
1776187128.141,228.141,0.25,20.0,0.24,14.3,0.41,1.77,0.46,10.5,0.59,1.77,0.54,10.5,0.75,20.0,0.76,14.3,0.16,0.16,619.818925,1776187127000
1776187129.093,229.093,0.25,20.0,0.24,14.3,0.41,1.77,0.46,10.5,0.59,1.77,0.54,10.5,0.75,20.0,0.76,14.3,0.16,0.16,619.819771,1776187128000
1776187130.126,230.126,0.25,20.0,0.24,14.3,0.41,1.77,0.46,10.5,0.59,1.77,0.54,10.5,0.75,20.0,0.76,14.3,0.16,0.16,619.816776,1776187129000
1776187131.713,231.713,0.25,20.0,0.24,14.3,0.41,1.77,0.46,10.5,0.59,1.77,0.54,10.5,0.75,20.0,0.76,14.3,0.16,0.16,619.816777,1776187130000
1776187132.227,232.227,0.25,20.0,0.24,14.3,0.41,1.77,0.46,10.5,0.59,1.77,0.54,10.5,0.75,20.0,0.76,14.3,0.16,0.16,619.816852,1776187131000
1776187133.317,233.317,0.25,20.0,0.24,14.3,0.41,1.77,0.46,10.5,0.59,1.77,0.54,10.5,0.75,20.0,0.76,14.3,0.16,0.16,619.817935,1776187132000
1776187134.102,234.102,0.25,20.0,0.24,14.3,0.41,1.77,0.46,10.5,0.59,1.77,0.54,10.5,0.75,20.0,0.76,14.3,0.16,0.16,619.818002,1776187133000
1776187135.175,235.175,0.25,20.0,0.24,14.3,0.41,1.77,0.46,10.5,0.59,1.77,0.54,10.5,0.75,20.0,0.76,14.3,0.16,0.16,619.817651,1776187134000
1776187136.23,236.23,0.25,20.0,0.24,14.3,0.41,1.77,0.46,10.5,0.59,1.77,0.54,10.5,0.75,20.0,0.76,14.3,0.16,0.16,619.817651,1776187135000
1776187137.406,237.406,0.25,20.0,0.24,14.3,0.41,1.77,0.46,10.5,0.59,1.77,0.54,10.5,0.75,20.0,0.76,14.3,0.16,0.16,619.819216,1776187136000
1776187137.949,237.949,0.25,20.0,0.24,14.3,0.41,1.77,0.46,10.5,0.59,1.77,0.54,10.5,0.75,20.0,0.76,14.3,0.16,0.16,619.817854,1776187137000
1776187139.054,239.054,0.25,20.0,0.24,14.3,0.41,1.77,0.46,10.5,0.59,1.77,0.54,10.5,0.75,20.0,0.76,14.3,0.16,0.16,619.816258,1776187138000
1776187140.084,240.084,0.25,20.0,0.24,14.3,0.41,1.77,0.46,10.5,0.59,1.77,0.54,10.5,0.75,20.0,0.76,14.3,0.16,0.16,619.81622,1776187139000
1776187141.348,241.348,0.25,20.0,0.24,14.3,0.41,1.77,0.46,10.5,0.59,1.77,0.54,10.5,0.75,20.0,0.76,14.3,0.16,0.16,619.814807,1776187140000
1776187141.887,241.887,0.25,20.0,0.24,14.3,0.41,1.77,0.46,10.5,0.59,1.77,0.54,10.5,0.75,20.0,0.76,14.3,0.16,0.16,619.814807,1776187141000
1776187143.048,243.048,0.25,20.0,0.24,14.3,0.41,1.77,0.46,10.5,0.59,1.77,0.54,10.5,0.75,20.0,0.76,14.3,0.16,0.16,619.814525,1776187142000
1776187144.16,244.16,0.25,20.0,0.24,14.3,0.41,1.77,0.46,10.5,0.59,1.77,0.54,10.5,0.75,20.0,0.76,14.3,0.16,0.16,619.814298,1776187143000
1776187145.195,245.195,0.25,20.0,0.24,14.3,0.41,1.77,0.46,10.5,0.59,1.77,0.54,10.5,0.75,20.0,0.76,14.3,0.16,0.16,619.810625,1776187144000
1776187146.463,246.463,0.25,20.0,0.24,14.3,0.41,1.77,0.46,10.5,0.59,1.77,0.54,10.5,0.75,20.0,0.76,14.3,0.16,0.16,619.810625,1776187145000
1776187146.963,246.963,0.25,20.0,0.24,14.3,0.41,1.77,0.46,10.5,0.59,1.77,0.54,10.5,0.75,20.0,0.76,14.3,0.16,0.16,619.808992,1776187146000
1776187147.892,247.892,0.25,20.0,0.24,14.3,0.41,1.77,0.46,10.5,0.59,1.77,0.54,10.5,0.75,20.0,0.76,14.3,0.16,0.16,619.808989,1776187147000
1776187148.76,248.76,0.21,50.0,0.19,16.89,0.31,12.2,0.32,11.9,0.59,1.77,0.54,10.5,0.75,20.0,0.76,14.3,0.1,0.16,619.808989,1776187147000
1776187148.962,248.962,0.21,50.0,0.19,16.89,0.31,12.2,0.32,11.9,0.69,12.2,0.68,11.9,0.79,50.0,0.81,16.89,0.1,0.1,619.80903,1776187148000
1776187149.957,249.957,0.21,50.0,0.19,16.89,0.31,12.2,0.32,11.9,0.69,12.2,0.68,11.9,0.79,50.0,0.81,16.89,0.1,0.1,619.809039,1776187149000
1776187150.885,250.885,0.31,17.54,0.21,103.0,0.32,15.0,0.47,10.4,0.68,15.0,0.53,10.4,0.69,17.54,0.79,103.0,0.01,0.01,619.88576,1776187150000
1776187151.837,251.837,0.31,17.54,0.21,103.0,0.32,15.0,0.47,10.4,0.68,15.0,0.53,10.4,0.69,17.54,0.79,103.0,0.01,0.01,619.895975,1776187151000
1776187153.355,253.355,0.31,17.54,0.21,103.0,0.32,15.0,0.47,10.4,0.68,15.0,0.53,10.4,0.69,17.54,0.79,103.0,0.01,0.01,619.908648,1776187152000
1776187153.83,253.83,0.31,17.54,0.21,103.0,0.32,15.0,0.47,10.4,0.68,15.0,0.53,10.4,0.69,17.54,0.79,103.0,0.01,0.01,619.905209,1776187153000
1776187154.996,254.996,0.31,17.54,0.21,103.0,0.32,15.0,0.47,10.4,0.68,15.0,0.53,10.4,0.69,17.54,0.79,103.0,0.01,0.01,619.915089,1776187154000
1776187155.472,255.472,0.31,123.54,0.27,13.2,0.34,5.26,0.61,50.0,0.68,15.0,0.53,10.4,0.69,17.54,0.79,103.0,0.03,0.01,619.915089,1776187154000
1776187155.839,255.839,0.49,5.0,0.31,149.54,0.61,43.19,0.67,15.0,0.39,48.06,0.33,15.0,0.69,123.54,0.73,13.2,0.12,0.3,619.915089,1776187154000
1776187157.004,257.004,0.49,5.0,0.31,149.54,0.61,43.19,0.67,15.0,0.39,43.19,0.33,15.0,0.51,5.0,0.69,149.54,0.12,0.12,620.111436,1776187156000
1776187157.323,257.323,0.49,5.0,0.31,149.54,0.61,37.01,0.67,15.0,0.39,43.19,0.33,15.0,0.51,5.0,0.69,149.54,0.12,0.12,620.111436,1776187156000
1776187158.116,258.116,0.49,5.0,0.31,149.54,0.61,37.01,0.67,15.0,0.39,37.01,0.33,15.0,0.51,5.0,0.69,149.54,0.12,0.12,620.129246,1776187157000
1776187159.673,259.673,0.49,5.0,0.31,149.54,0.61,37.01,0.67,15.0,0.39,37.01,0.33,15.0,0.51,5.0,0.69,149.54,0.12,0.12,620.138112,1776187158000
1776187160.217,260.217,0.49,5.0,0.31,149.54,0.61,37.01,0.67,15.0,0.39,37.01,0.33,15.0,0.51,5.0,0.69,149.54,0.12,0.12,620.138991,1776187159000
1776187161.328,261.328,0.49,5.0,0.31,149.54,0.61,37.01,0.67,15.0,0.39,37.01,0.33,15.0,0.51,5.0,0.69,149.54,0.12,0.12,620.151634,1776187160000
1776187162.321,262.321,0.49,5.0,0.31,149.54,0.61,37.01,0.67,15.0,0.39,37.01,0.33,15.0,0.51,5.0,0.69,149.54,0.12,0.12,620.149941,1776187161000
1776187163.485,263.485,0.49,5.0,0.31,149.54,0.61,37.01,0.67,15.0,0.39,37.01,0.33,15.0,0.51,5.0,0.69,149.54,0.12,0.12,620.151346,1776187162000
1776187163.94,263.94,0.61,69.0,0.51,50.0,0.68,5.0,0.69,12.2,0.32,5.0,0.31,12.2,0.39,69.0,0.49,50.0,0.07,0.07,620.151346,1776187163000
1776187165.138,265.138,0.61,69.0,0.51,50.0,0.68,5.0,0.69,12.2,0.32,5.0,0.31,12.2,0.39,69.0,0.49,50.0,0.07,0.07,620.161809,1776187164000
1776187166.635,266.635,0.61,69.0,0.51,50.0,0.68,5.0,0.69,12.2,0.32,5.0,0.31,12.2,0.39,69.0,0.49,50.0,0.07,0.07,620.160694,1776187165000
1776187167.139,267.139,0.61,69.0,0.51,50.0,0.68,5.0,0.69,12.2,0.32,5.0,0.31,12.2,0.39,69.0,0.49,50.0,0.07,0.07,620.163501,1776187166000
1776187168.288,268.288,0.61,69.0,0.51,50.0,0.68,5.0,0.69,12.2,0.32,5.0,0.31,12.2,0.39,69.0,0.49,50.0,0.07,0.07,620.163815,1776187167000
1776187168.975,268.975,0.61,69.0,0.51,50.0,0.68,5.0,0.69,12.2,0.32,5.0,0.31,12.2,0.39,69.0,0.49,50.0,0.07,0.07,620.163797,1776187168000
1776187170.131,270.131,0.61,69.0,0.51,50.0,0.68,5.0,0.69,12.2,0.32,5.0,0.31,12.2,0.39,69.0,0.49,50.0,0.07,0.07,620.159444,1776187169000
1776187171.352,271.352,0.61,69.0,0.51,50.0,0.68,5.0,0.69,12.2,0.32,5.0,0.31,12.2,0.39,69.0,0.49,50.0,0.07,0.07,620.158677,1776187170000
1776187171.95,271.95,0.61,69.0,0.51,50.0,0.68,5.0,0.69,12.2,0.32,5.0,0.31,12.2,0.39,69.0,0.49,50.0,0.07,0.07,620.158652,1776187171000
1776187172.154,272.154,0.61,69.0,0.57,10.6,0.82,11.11,0.85,20.39,0.32,5.0,0.31,12.2,0.39,69.0,0.49,50.0,0.21,0.07,620.158652,1776187171000
1776187173.249,273.249,0.61,69.0,0.57,10.6,0.82,11.11,0.85,20.39,0.18,11.11,0.15,20.39,0.39,69.0,0.43,10.6,0.21,0.21,620.158452,1776187172000
1776187174.658,274.658,0.61,69.0,0.57,10.6,0.82,11.11,0.85,20.39,0.18,11.11,0.15,20.39,0.39,69.0,0.43,10.6,0.21,0.21,620.159012,1776187173000
1776187175.218,275.218,0.61,69.0,0.57,10.6,0.82,11.11,0.85,20.39,0.18,11.11,0.15,20.39,0.39,69.0,0.43,10.6,0.21,0.21,620.159006,1776187174000
1776187176.261,276.261,0.61,69.0,0.57,10.6,0.82,11.11,0.85,20.39,0.18,11.11,0.15,20.39,0.39,69.0,0.43,10.6,0.21,0.21,620.158967,1776187175000
1776187177.206,277.206,0.61,69.0,0.57,10.6,0.82,11.11,0.85,20.39,0.18,11.11,0.15,20.39,0.39,69.0,0.43,10.6,0.21,0.21,620.152656,1776187176000
1776187178.227,278.227,0.61,69.0,0.57,10.6,0.82,11.11,0.85,20.39,0.18,11.11,0.15,20.39,0.39,69.0,0.43,10.6,0.21,0.21,620.152723,1776187177000
1776187179.289,279.289,0.61,69.0,0.57,10.6,0.82,11.11,0.85,20.39,0.18,11.11,0.15,20.39,0.39,69.0,0.43,10.6,0.21,0.21,620.152799,1776187178000
1776187180.347,280.347,0.61,69.0,0.57,10.6,0.82,11.11,0.85,20.39,0.18,11.11,0.15,20.39,0.39,69.0,0.43,10.6,0.21,0.21,620.149441,1776187179000
1776187180.828,280.828,0.71,50.0,0.64,7.0,0.97,162.93,0.98,5.0,0.18,11.11,0.15,20.39,0.39,69.0,0.43,10.6,0.26,0.21,620.149441,1776187179000
1776187181.332,281.332,0.71,50.0,0.64,7.0,0.97,159.86,0.98,5.0,0.03,159.86,0.02,5.0,0.29,50.0,0.36,7.0,0.26,0.26,620.147,1776187180000
1776187182.304,282.304,0.71,50.0,0.64,7.0,0.97,159.86,0.98,5.0,0.03,159.86,0.02,5.0,0.29,50.0,0.36,7.0,0.26,0.26,620.265302,1776187181000
1776187183.13,283.13,0.71,65.0,0.66,7.0,0.97,161.0,0.98,5.0,0.03,159.86,0.02,5.0,0.29,50.0,0.36,7.0,0.26,0.26,620.265302,1776187181000
1776187183.358,283.358,0.71,65.0,0.66,7.0,0.97,161.0,0.98,5.0,0.03,161.0,0.02,5.0,0.29,65.0,0.34,7.0,0.26,0.26,620.265302,1776187182000
1776187183.916,283.916,0.71,65.0,0.66,7.0,0.97,161.0,0.98,5.0,0.03,161.0,0.02,5.0,0.29,65.0,0.34,7.0,0.26,0.26,620.264986,1776187183000
1776187184.92,284.92,0.71,65.0,0.67,7.0,0.98,249.0,0.99,5180.0,0.02,249.0,0.01,5180.0,0.29,65.0,0.33,7.0,0.27,0.27,620.268109,1776187184000
1776187186.08,286.08,0.71,65.0,0.67,7.0,0.98,249.0,0.99,5180.0,0.02,249.0,0.01,5180.0,0.29,65.0,0.33,7.0,0.27,0.27,620.268157,1776187185000
1776187187.052,287.052,0.71,65.0,0.67,7.0,0.98,249.0,0.99,5180.0,0.02,249.0,0.01,5180.0,0.29,65.0,0.33,7.0,0.27,0.27,620.265905,1776187186000
1776187187.944,287.944,0.71,65.0,0.67,7.0,0.98,249.0,0.99,5180.0,0.02,249.0,0.01,5180.0,0.29,65.0,0.33,7.0,0.27,0.27,620.265908,1776187187000
1776187189.069,289.069,0.71,65.0,0.67,7.0,0.98,249.0,0.99,5180.0,0.02,249.0,0.01,5180.0,0.29,65.0,0.33,7.0,0.27,0.27,620.266558,1776187188000
1776187190.087,290.087,0.71,65.0,0.67,7.0,0.98,249.0,0.99,5180.0,0.02,249.0,0.01,5180.0,0.29,65.0,0.33,7.0,0.27,0.27,620.266563,1776187189000
1776187191.094,291.094,0.71,65.0,0.67,7.0,0.98,249.0,0.99,5180.0,0.02,249.0,0.01,5180.0,0.29,65.0,0.33,7.0,0.27,0.27,620.273918,1776187190000
1776187191.545,291.545,0.82,6.0,0.81,50.0,0.99,164.84,,,0.02,249.0,0.01,5180.0,0.29,65.0,0.33,7.0,0.17,0.27,620.273918,1776187190000
1776187192.178,292.178,0.82,6.0,0.81,50.0,0.99,164.84,,,0.01,164.84,,,0.18,6.0,0.19,50.0,0.17,0.17,620.274438,1776187191000
1776187192.826,292.826,0.81,50.0,0.77,6.0,0.99,159.79,,,0.01,164.84,,,0.18,6.0,0.19,50.0,0.18,0.17,620.274438,1776187191000
1776187193.223,293.223,0.81,50.0,0.77,6.0,0.99,159.79,,,0.01,159.79,,,0.19,50.0,0.23,6.0,0.18,0.18,620.27209,1776187192000
1776187194.295,294.295,0.81,50.0,0.77,6.0,0.99,159.79,,,0.01,159.79,,,0.19,50.0,0.23,6.0,0.18,0.18,620.27209,1776187193000
1776187195.389,295.389,0.81,50.0,0.77,6.0,0.99,159.79,,,0.01,159.79,,,0.19,50.0,0.23,6.0,0.18,0.18,620.271994,1776187194000
1776187196.038,296.038,0.89,5.0,0.81,50.0,0.99,94.79,,,0.01,159.79,,,0.19,50.0,0.23,6.0,0.1,0.18,620.271994,1776187194000
1776187196.377,296.377,0.89,5.0,0.81,50.0,0.99,94.79,,,0.01,94.79,,,0.11,5.0,0.19,50.0,0.1,0.1,620.229779,1776187195000
1776187196.979,296.979,0.89,5.0,0.81,50.0,0.99,57.23,,,0.01,57.23,,,0.11,5.0,0.19,50.0,0.1,0.1,620.227854,1776187196000
1776187197.394,297.394,0.89,5.0,0.81,50.0,0.99,16.82,,,0.01,57.23,,,0.11,5.0,0.19,50.0,0.1,0.1,620.227854,1776187196000
1776187197.973,297.973,0.89,5.0,0.81,50.0,0.99,5.82,,,0.01,5.82,,,0.11,5.0,0.19,50.0,0.1,0.1,620.227934,1776187197000
1776187198.447,298.447,0.99,19.38,0.89,5.0,,,,,0.01,0.82,,,0.11,5.0,0.19,50.0,,0.1,620.227934,1776187197000
1776187199.078,299.078,0.99,19.38,0.89,5.0,,,,,,,,,0.01,19.38,0.11,5.0,,,620.22796,1776187198000
1776187200.045,300.045,0.99,19.38,0.89,5.0,,,,,,,,,0.01,19.38,0.11,5.0,,,620.227989,1776187199000

# RESULT,winner=Up,slug=bnb-updown-5m-1776186900,ticks=325
