timestamp,elapsed_sec,up_bid_p1,up_bid_s1,up_bid_p2,up_bid_s2,up_ask_p1,up_ask_s1,up_ask_p2,up_ask_s2,down_bid_p1,down_bid_s1,down_bid_p2,down_bid_s2,down_ask_p1,down_ask_s1,down_ask_p2,down_ask_s2,up_spread,down_spread,bnb_price,bnb_oracle_ts
1776183901.637,1.637,0.5,5.14,0.33,300.0,0.67,300.0,0.69,375.0,0.33,300.0,0.31,375.0,0.5,5.14,0.67,300.0,0.17,0.17,622.552,1776183899000
1776183902.095,2.095,0.5,5.14,0.33,300.0,0.67,300.0,0.69,375.0,0.46,21.96,0.36,13.0,0.5,5.14,0.57,11.0,0.17,0.04,622.593,1776183900000
1776183902.407,2.407,0.5,5.14,0.43,11.0,0.54,21.96,0.64,13.0,0.46,21.96,0.36,13.0,0.5,5.14,0.57,11.0,0.04,0.04,622.593,1776183901000
1776183903.079,3.079,0.5,5.14,0.43,11.0,0.54,21.96,0.64,13.0,0.46,21.96,0.36,13.0,0.5,5.14,0.57,11.0,0.04,0.04,622.603,1776183902000
1776183903.433,3.433,0.5,5.14,0.45,11.0,0.52,5.41,0.54,21.96,0.46,21.96,0.36,13.0,0.5,5.14,0.57,11.0,0.02,0.04,622.603,1776183902000
1776183904.456,4.456,0.5,5.14,0.45,11.0,0.52,5.41,0.54,21.96,0.48,5.41,0.46,21.96,0.5,5.14,0.55,11.0,0.02,0.02,622.69,1776183903000
1776183905.356,5.356,0.5,5.14,0.45,11.0,0.52,5.41,0.54,21.96,0.48,5.41,0.46,21.96,0.5,5.14,0.55,11.0,0.02,0.02,622.792,1776183904000
1776183905.969,5.969,0.5,5.14,0.45,11.0,0.52,5.41,0.54,21.96,0.48,5.41,0.46,21.96,0.5,5.14,0.55,11.0,0.02,0.02,622.792,1776183905000
1776183907.033,7.033,0.5,5.14,0.45,11.0,0.52,5.41,0.54,21.96,0.48,5.41,0.46,21.96,0.5,5.14,0.55,11.0,0.02,0.02,622.758,1776183906000
1776183908.032,8.032,0.5,5.14,0.45,11.0,0.52,5.41,0.54,21.96,0.48,5.41,0.46,21.96,0.5,5.14,0.55,11.0,0.02,0.02,622.74626,1776183907000
1776183908.663,8.663,0.53,29.0,0.51,50.0,0.54,19.96,0.66,5.0,0.46,21.96,0.34,5.0,0.49,83.0,0.5,5.14,0.01,0.03,622.74626,1776183907000
1776183909.062,9.062,0.53,29.0,0.51,50.0,0.54,19.96,0.66,5.0,0.46,19.96,0.34,5.0,0.47,29.0,0.49,50.0,0.01,0.01,622.742392,1776183908000
1776183910.182,10.182,0.53,29.0,0.51,50.0,0.54,19.96,0.66,5.0,0.46,19.96,0.34,5.0,0.47,29.0,0.49,50.0,0.01,0.01,622.74637,1776183909000
1776183911.264,11.264,0.53,29.0,0.51,50.0,0.54,19.96,0.66,5.0,0.46,19.96,0.34,5.0,0.47,29.0,0.49,50.0,0.01,0.01,622.757393,1776183910000
1776183912.27,12.27,0.53,29.0,0.51,50.0,0.54,19.96,0.66,5.0,0.46,19.96,0.34,5.0,0.47,29.0,0.49,50.0,0.01,0.01,622.766866,1776183911000
1776183913.385,13.385,0.53,29.0,0.51,50.0,0.54,19.96,0.66,5.0,0.46,19.96,0.34,5.0,0.47,29.0,0.49,50.0,0.01,0.01,622.766866,1776183912000
1776183914.029,14.029,0.53,29.0,0.51,50.0,0.54,19.96,0.66,5.0,0.46,19.96,0.34,5.0,0.47,29.0,0.49,50.0,0.01,0.01,622.766866,1776183913000
1776183915.022,15.022,0.53,29.0,0.51,50.0,0.54,19.96,0.66,5.0,0.46,19.96,0.34,5.0,0.47,29.0,0.49,50.0,0.01,0.01,622.763828,1776183914000
1776183915.425,15.425,0.53,29.0,0.51,64.1,0.54,14.96,0.7,5.0,0.46,19.96,0.34,5.0,0.47,29.0,0.49,50.0,0.01,0.01,622.763828,1776183914000
1776183916.089,16.089,0.53,29.0,0.51,64.1,0.54,14.96,0.7,5.0,0.46,14.96,0.3,5.0,0.47,29.0,0.49,64.1,0.01,0.01,622.764,1776183915000
1776183917.144,17.144,0.53,29.0,0.51,64.1,0.54,14.96,0.7,5.0,0.46,14.96,0.3,5.0,0.47,29.0,0.49,64.1,0.01,0.01,622.856876,1776183916000
1776183917.41,17.41,0.53,34.0,0.52,5.0,0.54,7.41,0.7,5.0,0.46,14.96,0.3,5.0,0.47,29.0,0.49,64.1,0.01,0.01,622.856876,1776183916000
1776183918.202,18.202,0.53,34.0,0.52,5.0,0.54,7.41,0.7,5.0,0.46,7.41,0.3,5.0,0.47,34.0,0.48,5.0,0.01,0.01,622.925,1776183917000
1776183918.484,18.484,0.53,34.0,0.52,5.0,0.54,2.31,0.7,5.0,0.46,7.41,0.3,5.0,0.47,34.0,0.48,5.0,0.01,0.01,622.925,1776183917000
1776183919.442,19.442,0.53,34.0,0.52,5.0,0.54,2.31,0.7,5.0,0.46,2.31,0.3,5.0,0.47,34.0,0.48,5.0,0.01,0.01,622.952,1776183918000
1776183919.934,19.934,0.53,34.0,0.52,5.0,0.54,2.31,0.7,5.0,0.46,2.31,0.3,5.0,0.47,34.0,0.48,5.0,0.01,0.01,622.952,1776183919000
1776183921.248,21.248,0.53,34.0,0.52,5.0,0.54,2.31,0.7,5.0,0.46,2.31,0.3,5.0,0.47,34.0,0.48,5.0,0.01,0.01,622.957,1776183920000
1776183922.341,22.341,0.53,34.0,0.52,5.0,0.54,2.31,0.7,5.0,0.46,2.31,0.3,5.0,0.47,34.0,0.48,5.0,0.01,0.01,623.046,1776183921000
1776183922.927,22.927,0.61,47.69,0.53,34.0,0.71,5.0,0.73,5.0,0.46,2.31,0.3,5.0,0.47,34.0,0.48,5.0,0.1,0.01,623.046,1776183921000
1776183923.423,23.423,0.61,47.69,0.53,34.0,0.71,5.0,0.73,5.0,0.29,5.0,0.27,5.0,0.39,47.69,0.47,34.0,0.1,0.1,623.075,1776183922000
1776183923.873,23.873,0.66,5.0,0.63,5.0,0.73,3.15,0.74,5.0,0.29,5.0,0.27,5.0,0.39,47.69,0.47,34.0,0.07,0.1,623.075,1776183922000
1776183924.302,24.302,0.66,22.0,0.63,5.0,0.74,1.01,0.77,5.0,0.27,3.15,0.26,5.0,0.34,5.0,0.37,5.0,0.08,0.07,623.078,1776183923000
1776183925.094,25.094,0.66,22.0,0.63,5.0,0.76,3.0,0.77,5.0,0.24,3.0,0.23,5.0,0.34,22.0,0.37,5.0,0.1,0.1,623.078,1776183924000
1776183925.827,25.827,0.66,22.0,0.64,5.0,0.81,5.0,0.82,42.0,0.24,3.0,0.23,5.0,0.34,22.0,0.37,5.0,0.15,0.1,623.078,1776183924000
1776183926.139,26.139,0.66,22.0,0.64,5.0,0.81,5.0,0.82,42.0,0.19,5.0,0.18,42.0,0.34,22.0,0.36,5.0,0.15,0.15,623.134256,1776183925000
1776183927.293,27.293,0.66,22.0,0.64,5.0,0.81,5.0,0.82,42.0,0.19,5.0,0.18,42.0,0.34,22.0,0.36,5.0,0.15,0.15,623.121566,1776183926000
1776183927.682,27.682,0.66,22.0,0.64,5.0,0.79,5.0,0.8,5.0,0.19,5.0,0.18,42.0,0.34,22.0,0.36,5.0,0.13,0.15,623.121566,1776183926000
1776183928.249,28.249,0.66,22.0,0.64,5.0,0.79,5.0,0.8,5.0,0.21,5.0,0.2,5.0,0.34,22.0,0.36,5.0,0.13,0.13,623.201,1776183927000
1776183928.775,28.775,0.69,5.0,0.66,17.0,0.8,5.0,0.81,5.0,0.21,5.0,0.2,5.0,0.34,22.0,0.36,5.0,0.11,0.13,623.201,1776183927000
1776183929.493,29.493,0.69,5.0,0.66,17.0,0.8,5.0,0.81,5.0,0.2,5.0,0.19,5.0,0.31,5.0,0.34,17.0,0.11,0.11,623.20364,1776183928000
1776183930.051,30.051,0.69,5.0,0.66,17.0,0.8,5.0,0.81,5.0,0.2,5.0,0.19,5.0,0.31,5.0,0.34,17.0,0.11,0.11,623.19828,1776183929000
1776183930.869,30.869,0.69,5.0,0.66,17.0,0.79,5.0,0.8,5.0,0.2,5.0,0.19,5.0,0.31,5.0,0.34,17.0,0.1,0.11,623.19828,1776183929000
1776183931.318,31.318,0.69,5.0,0.66,17.0,0.79,5.0,0.8,5.0,0.21,5.0,0.2,5.0,0.31,5.0,0.34,17.0,0.1,0.1,623.18391,1776183930000
1776183931.899,31.899,0.69,5.0,0.66,17.0,0.8,5.0,0.81,5.0,0.21,5.0,0.2,5.0,0.31,5.0,0.34,17.0,0.11,0.1,623.18391,1776183930000
1776183933.011,33.011,0.69,5.0,0.66,17.0,0.79,5.0,0.8,5.0,0.2,5.0,0.19,5.0,0.31,5.0,0.34,17.0,0.1,0.11,623.199627,1776183931000
1776183934.011,34.011,0.69,5.0,0.66,17.0,0.8,5.0,0.81,5.0,0.21,5.0,0.2,5.0,0.31,5.0,0.34,17.0,0.11,0.1,623.21079,1776183932000
1776183934.88,34.88,0.69,5.0,0.66,17.0,0.8,5.0,0.81,5.0,0.2,5.0,0.19,5.0,0.31,5.0,0.34,17.0,0.11,0.11,623.21263,1776183933000
1776183935.448,35.448,0.69,5.0,0.66,17.0,0.8,5.0,0.81,5.0,0.2,5.0,0.19,5.0,0.31,5.0,0.34,17.0,0.11,0.11,623.2144,1776183934000
1776183935.88,35.88,0.69,5.0,0.66,17.0,0.8,5.0,0.81,5.0,0.2,5.0,0.19,5.0,0.31,5.0,0.34,17.0,0.11,0.11,623.2189,1776183935000
1776183937.036,37.036,0.69,5.0,0.66,17.0,0.8,5.0,0.81,5.0,0.2,5.0,0.19,5.0,0.31,5.0,0.34,17.0,0.11,0.11,623.20102,1776183936000
1776183938.156,38.156,0.69,5.0,0.66,17.0,0.8,5.0,0.81,5.0,0.2,5.0,0.19,5.0,0.31,5.0,0.34,17.0,0.11,0.11,623.206186,1776183937000
1776183939.456,39.456,0.69,5.0,0.66,17.0,0.8,5.0,0.81,5.0,0.2,5.0,0.19,5.0,0.31,5.0,0.34,17.0,0.11,0.11,623.185,1776183938000
1776183939.968,39.968,0.69,5.0,0.66,17.0,0.8,5.0,0.81,5.0,0.2,5.0,0.19,5.0,0.31,5.0,0.34,17.0,0.11,0.11,623.185,1776183939000
1776183940.969,40.969,0.69,5.0,0.66,17.0,0.8,5.0,0.81,5.0,0.2,5.0,0.19,5.0,0.31,5.0,0.34,17.0,0.11,0.11,623.21,1776183940000
1776183942.134,42.134,0.69,5.0,0.66,17.0,0.8,5.0,0.81,5.0,0.2,5.0,0.19,5.0,0.31,5.0,0.34,17.0,0.11,0.11,623.21,1776183941000
1776183943.316,43.316,0.69,5.0,0.66,17.0,0.8,5.0,0.81,5.0,0.2,5.0,0.19,5.0,0.31,5.0,0.34,17.0,0.11,0.11,623.218,1776183942000
1776183943.899,43.899,0.69,5.0,0.66,17.0,0.8,5.0,0.81,5.0,0.2,5.0,0.19,5.0,0.31,5.0,0.34,17.0,0.11,0.11,623.218,1776183943000
1776183944.999,44.999,0.69,5.0,0.66,17.0,0.8,5.0,0.81,5.0,0.2,5.0,0.19,5.0,0.31,5.0,0.34,17.0,0.11,0.11,623.231,1776183944000
1776183946.075,46.075,0.69,5.0,0.66,17.0,0.8,5.0,0.81,5.0,0.2,5.0,0.19,5.0,0.31,5.0,0.34,17.0,0.11,0.11,623.234,1776183945000
1776183947.298,47.298,0.69,5.0,0.66,17.0,0.8,5.0,0.81,5.0,0.2,5.0,0.19,5.0,0.31,5.0,0.34,17.0,0.11,0.11,623.239,1776183946000
1776183948.339,48.339,0.69,5.0,0.66,17.0,0.8,5.0,0.81,5.0,0.2,5.0,0.19,5.0,0.31,5.0,0.34,17.0,0.11,0.11,623.257,1776183947000
1776183949.304,49.304,0.69,5.0,0.66,17.0,0.8,5.0,0.81,5.0,0.2,5.0,0.19,5.0,0.31,5.0,0.34,17.0,0.11,0.11,623.257,1776183948000
1776183950.437,50.437,0.69,5.0,0.66,17.0,0.8,5.0,0.81,5.0,0.2,5.0,0.19,5.0,0.31,5.0,0.34,17.0,0.11,0.11,623.24,1776183949000
1776183951.357,51.357,0.69,5.0,0.66,17.0,0.8,5.0,0.81,5.0,0.2,5.0,0.19,5.0,0.31,5.0,0.34,17.0,0.11,0.11,623.259,1776183950000
1776183952.348,52.348,0.69,5.0,0.66,17.0,0.8,5.0,0.81,5.0,0.2,5.0,0.19,5.0,0.31,5.0,0.34,17.0,0.11,0.11,623.277,1776183951000
1776183953.299,53.299,0.69,5.0,0.66,17.0,0.8,5.0,0.81,5.0,0.2,5.0,0.19,5.0,0.31,5.0,0.34,17.0,0.11,0.11,623.247,1776183952000
1776183954.227,54.227,0.69,5.0,0.66,17.0,0.8,5.0,0.81,5.0,0.2,5.0,0.19,5.0,0.31,5.0,0.34,17.0,0.11,0.11,623.24,1776183953000
1776183955.322,55.322,0.69,5.0,0.66,17.0,0.8,5.0,0.81,5.0,0.2,5.0,0.19,5.0,0.31,5.0,0.34,17.0,0.11,0.11,623.24,1776183954000
1776183956.269,56.269,0.69,5.0,0.66,17.0,0.8,5.0,0.81,5.0,0.2,5.0,0.19,5.0,0.31,5.0,0.34,17.0,0.11,0.11,623.239,1776183955000
1776183957.305,57.305,0.69,5.0,0.66,17.0,0.8,5.0,0.81,5.0,0.2,5.0,0.19,5.0,0.31,5.0,0.34,17.0,0.11,0.11,623.244,1776183956000
1776183958.437,58.437,0.69,5.0,0.66,17.0,0.8,5.0,0.81,5.0,0.2,5.0,0.19,5.0,0.31,5.0,0.34,17.0,0.11,0.11,623.239,1776183957000
1776183958.884,58.884,0.69,5.0,0.66,17.0,0.8,5.0,0.81,5.0,0.2,5.0,0.19,5.0,0.31,5.0,0.34,17.0,0.11,0.11,623.239,1776183958000
1776183959.913,59.913,0.69,5.0,0.66,17.0,0.8,5.0,0.81,5.0,0.2,5.0,0.19,5.0,0.31,5.0,0.34,17.0,0.11,0.11,623.24,1776183959000
1776183961.094,61.094,0.69,5.0,0.66,17.0,0.8,5.0,0.81,5.0,0.2,5.0,0.19,5.0,0.31,5.0,0.34,17.0,0.11,0.11,623.239,1776183960000
1776183962.674,62.674,0.69,5.0,0.66,17.0,0.8,5.0,0.81,5.0,0.2,5.0,0.19,5.0,0.31,5.0,0.34,17.0,0.11,0.11,623.247,1776183961000
1776183963.127,63.127,0.69,5.0,0.66,17.0,0.8,5.0,0.81,5.0,0.2,5.0,0.19,5.0,0.31,5.0,0.34,17.0,0.11,0.11,623.243,1776183962000
1776183964.14,64.14,0.69,5.0,0.66,17.0,0.8,5.0,0.81,5.0,0.2,5.0,0.19,5.0,0.31,5.0,0.34,17.0,0.11,0.11,623.32,1776183963000
1776183965.117,65.117,0.69,5.0,0.66,17.0,0.8,5.0,0.81,5.0,0.2,5.0,0.19,5.0,0.31,5.0,0.34,17.0,0.11,0.11,623.32,1776183964000
1776183966.196,66.196,0.69,5.0,0.66,17.0,0.8,5.0,0.81,5.0,0.2,5.0,0.19,5.0,0.31,5.0,0.34,17.0,0.11,0.11,623.326,1776183965000
1776183967.106,67.106,0.69,5.0,0.66,17.0,0.8,5.0,0.81,5.0,0.2,5.0,0.19,5.0,0.31,5.0,0.34,17.0,0.11,0.11,623.32995,1776183966000
1776183968.116,68.116,0.69,5.0,0.66,17.0,0.8,5.0,0.81,5.0,0.2,5.0,0.19,5.0,0.31,5.0,0.34,17.0,0.11,0.11,623.324,1776183967000
1776183969.098,69.098,0.69,5.0,0.66,17.0,0.8,5.0,0.81,5.0,0.2,5.0,0.19,5.0,0.31,5.0,0.34,17.0,0.11,0.11,623.334,1776183968000
1776183970.074,70.074,0.69,5.0,0.66,17.0,0.8,5.0,0.81,5.0,0.2,5.0,0.19,5.0,0.31,5.0,0.34,17.0,0.11,0.11,623.334,1776183969000
1776183971.003,71.003,0.69,5.0,0.66,17.0,0.8,5.0,0.81,5.0,0.2,5.0,0.19,5.0,0.31,5.0,0.34,17.0,0.11,0.11,623.349,1776183970000
1776183972.025,72.025,0.69,5.0,0.66,17.0,0.8,5.0,0.81,5.0,0.2,5.0,0.19,5.0,0.31,5.0,0.34,17.0,0.11,0.11,623.362,1776183971000
1776183972.94,72.94,0.69,5.0,0.66,17.0,0.8,5.0,0.81,5.0,0.2,5.0,0.19,5.0,0.31,5.0,0.34,17.0,0.11,0.11,623.365,1776183972000
1776183973.961,73.961,0.69,5.0,0.66,17.0,0.8,5.0,0.81,5.0,0.2,5.0,0.19,5.0,0.31,5.0,0.34,17.0,0.11,0.11,623.366,1776183973000
1776183975.428,75.428,0.69,5.0,0.66,17.0,0.8,5.0,0.81,5.0,0.2,5.0,0.19,5.0,0.31,5.0,0.34,17.0,0.11,0.11,623.322,1776183974000
1776183975.753,75.753,0.82,17.6,0.81,16.89,0.94,43.63,0.95,59.7,0.2,5.0,0.19,5.0,0.31,5.0,0.34,17.0,0.12,0.11,623.322,1776183974000
1776183975.969,75.969,0.82,17.6,0.81,16.89,0.94,43.63,0.95,59.7,0.06,43.63,0.05,59.7,0.18,17.6,0.19,16.89,0.12,0.12,623.322,1776183975000
1776183976.357,76.357,0.83,18.39,0.82,17.6,0.94,42.4,0.95,59.7,0.06,43.63,0.05,59.7,0.18,17.6,0.19,16.89,0.11,0.12,623.322,1776183975000
1776183977.264,77.264,0.83,18.39,0.82,17.6,0.94,42.4,0.95,59.7,0.06,42.4,0.05,59.7,0.17,18.39,0.18,17.6,0.11,0.11,623.353,1776183976000
1776183978.524,78.524,0.83,18.39,0.82,17.6,0.94,42.4,0.95,59.7,0.06,42.4,0.05,59.7,0.17,18.39,0.18,17.6,0.11,0.11,623.351,1776183977000
1776183978.991,78.991,0.83,18.39,0.82,17.6,0.94,42.4,0.95,59.7,0.06,42.4,0.05,59.7,0.17,18.39,0.18,17.6,0.11,0.11,623.349,1776183978000
1776183980.17,80.17,0.83,18.39,0.82,17.6,0.94,42.4,0.95,59.7,0.06,42.4,0.05,59.7,0.17,18.39,0.18,17.6,0.11,0.11,623.349,1776183979000
1776183981.226,81.226,0.83,18.39,0.82,17.6,0.94,42.4,0.95,59.7,0.06,42.4,0.05,59.7,0.17,18.39,0.18,17.6,0.11,0.11,623.35,1776183980000
1776183981.444,81.444,0.94,2.71,0.89,26.6,0.95,59.7,0.96,77.7,0.06,42.4,0.05,59.7,0.17,18.39,0.18,17.6,0.01,0.11,623.35,1776183980000
1776183982.302,82.302,0.94,2.71,0.89,26.6,0.95,59.7,0.96,77.7,0.05,59.7,0.04,77.7,0.06,2.71,0.11,26.6,0.01,0.01,623.36,1776183981000
1776183983.375,83.375,0.94,2.71,0.89,26.6,0.95,59.7,0.96,77.7,0.05,59.7,0.04,77.7,0.06,2.71,0.11,26.6,0.01,0.01,623.364,1776183982000
1776183983.91,83.91,0.94,2.71,0.89,26.6,0.95,59.7,0.96,77.7,0.05,59.7,0.04,77.7,0.06,2.71,0.11,26.6,0.01,0.01,623.367,1776183983000
1776183984.942,84.942,0.94,2.71,0.89,26.6,0.95,59.7,0.96,77.7,0.05,59.7,0.04,77.7,0.06,2.71,0.11,26.6,0.01,0.01,623.378,1776183984000
1776183986.302,86.302,0.94,2.71,0.89,26.6,0.95,59.7,0.96,77.7,0.05,59.7,0.04,77.7,0.06,2.71,0.11,26.6,0.01,0.01,623.337,1776183985000
1776183987.463,87.463,0.94,2.71,0.89,26.6,0.95,59.7,0.96,77.7,0.05,59.7,0.04,77.7,0.06,2.71,0.11,26.6,0.01,0.01,623.349,1776183986000
1776183987.915,87.915,0.94,2.71,0.89,26.6,0.95,59.7,0.96,77.7,0.05,59.7,0.04,77.7,0.06,2.71,0.11,26.6,0.01,0.01,623.349,1776183987000
1776183989.144,89.144,0.94,2.71,0.89,26.6,0.95,59.7,0.96,77.7,0.05,59.7,0.04,77.7,0.06,2.71,0.11,26.6,0.01,0.01,623.297,1776183988000
1776183990.04,90.04,0.94,2.71,0.89,26.6,0.95,59.7,0.96,77.7,0.05,59.7,0.04,77.7,0.06,2.71,0.11,26.6,0.01,0.01,623.297,1776183989000
1776183991.153,91.153,0.94,2.71,0.89,26.6,0.95,59.7,0.96,77.7,0.05,59.7,0.04,77.7,0.06,2.71,0.11,26.6,0.01,0.01,623.291,1776183990000
1776183992.173,92.173,0.94,2.71,0.89,26.6,0.95,59.7,0.96,77.7,0.05,59.7,0.04,77.7,0.06,2.71,0.11,26.6,0.01,0.01,623.301,1776183991000
1776183993.259,93.259,0.94,2.71,0.89,26.6,0.95,59.7,0.96,77.7,0.05,59.7,0.04,77.7,0.06,2.71,0.11,26.6,0.01,0.01,623.317,1776183992000
1776183994.278,94.278,0.94,2.71,0.89,26.6,0.95,59.7,0.96,77.7,0.05,59.7,0.04,77.7,0.06,2.71,0.11,26.6,0.01,0.01,623.315,1776183993000
1776183995.437,95.437,0.94,2.71,0.89,26.6,0.95,59.7,0.96,77.7,0.05,59.7,0.04,77.7,0.06,2.71,0.11,26.6,0.01,0.01,623.319,1776183994000
1776183996.379,96.379,0.94,2.71,0.89,26.6,0.95,59.7,0.96,77.7,0.05,59.7,0.04,77.7,0.06,2.71,0.11,26.6,0.01,0.01,623.305235,1776183995000
1776183996.945,96.945,0.94,2.71,0.89,26.6,0.95,59.7,0.96,77.7,0.05,59.7,0.04,77.7,0.06,2.71,0.11,26.6,0.01,0.01,623.319,1776183996000
1776183997.986,97.986,0.94,2.71,0.89,26.6,0.95,59.7,0.96,77.7,0.05,59.7,0.04,77.7,0.06,2.71,0.11,26.6,0.01,0.01,623.317,1776183997000
1776183999.149,99.149,0.94,2.71,0.89,26.6,0.95,59.7,0.96,77.7,0.05,59.7,0.04,77.7,0.06,2.71,0.11,26.6,0.01,0.01,623.315,1776183998000
1776184000.156,100.156,0.94,2.71,0.89,26.6,0.95,59.7,0.96,77.7,0.05,59.7,0.04,77.7,0.06,2.71,0.11,26.6,0.01,0.01,623.315,1776183999000
1776184001.117,101.117,0.94,2.71,0.89,26.6,0.95,59.7,0.96,77.7,0.05,59.7,0.04,77.7,0.06,2.71,0.11,26.6,0.01,0.01,623.315,1776184000000
1776184002.281,102.281,0.94,2.71,0.89,26.6,0.95,59.7,0.96,77.7,0.05,59.7,0.04,77.7,0.06,2.71,0.11,26.6,0.01,0.01,623.315,1776184001000
1776184004.024,104.024,0.94,2.71,0.89,26.6,0.95,59.7,0.96,77.7,0.05,59.7,0.04,77.7,0.06,2.71,0.11,26.6,0.01,0.01,623.313,1776184002000
1776184004.833,104.833,0.94,2.71,0.89,26.6,0.95,59.7,0.96,77.7,0.05,59.7,0.04,77.7,0.06,2.71,0.11,26.6,0.01,0.01,623.331,1776184003000
1776184005.573,105.573,0.94,2.71,0.89,26.6,0.95,59.7,0.96,77.7,0.05,59.7,0.04,77.7,0.06,2.71,0.11,26.6,0.01,0.01,623.332,1776184004000
1776184006.219,106.219,0.94,2.71,0.89,26.6,0.95,59.7,0.96,77.7,0.05,59.7,0.04,77.7,0.06,2.71,0.11,26.6,0.01,0.01,623.332,1776184005000
1776184007.579,107.579,0.94,2.71,0.89,26.6,0.95,59.7,0.96,77.7,0.05,59.7,0.04,77.7,0.06,2.71,0.11,26.6,0.01,0.01,623.326,1776184006000
1776184008.217,108.217,0.94,2.71,0.89,26.6,0.95,59.7,0.96,77.7,0.05,59.7,0.04,77.7,0.06,2.71,0.11,26.6,0.01,0.01,623.326,1776184007000
1776184009.679,109.679,0.94,2.71,0.89,26.6,0.95,59.7,0.96,77.7,0.05,59.7,0.04,77.7,0.06,2.71,0.11,26.6,0.01,0.01,623.383,1776184008000
1776184010.532,110.532,0.94,2.71,0.89,26.6,0.95,59.7,0.96,77.7,0.05,59.7,0.04,77.7,0.06,2.71,0.11,26.6,0.01,0.01,623.379,1776184009000
1776184011.17,111.17,0.94,2.71,0.89,26.6,0.95,59.7,0.96,77.7,0.05,59.7,0.04,77.7,0.06,2.71,0.11,26.6,0.01,0.01,623.379,1776184010000
1776184012.969,112.969,0.94,2.71,0.89,26.6,0.95,59.7,0.96,77.7,0.05,59.7,0.04,77.7,0.06,2.71,0.11,26.6,0.01,0.01,623.394,1776184011000
1776184013.59,113.59,0.94,2.71,0.89,26.6,0.95,59.7,0.96,77.7,0.05,59.7,0.04,77.7,0.06,2.71,0.11,26.6,0.01,0.01,623.392,1776184012000
1776184014.754,114.754,0.94,2.71,0.89,26.6,0.95,59.7,0.96,77.7,0.05,59.7,0.04,77.7,0.06,2.71,0.11,26.6,0.01,0.01,623.394,1776184013000
1776184015.343,115.343,0.94,2.71,0.89,26.6,0.95,59.7,0.96,77.7,0.05,59.7,0.04,77.7,0.06,2.71,0.11,26.6,0.01,0.01,623.394,1776184014000
1776184016.138,116.138,0.94,2.71,0.89,26.6,0.95,59.7,0.96,77.7,0.05,59.7,0.04,77.7,0.06,2.71,0.11,26.6,0.01,0.01,623.394,1776184015000
1776184017.684,117.684,0.94,2.71,0.89,26.6,0.95,59.7,0.96,77.7,0.05,59.7,0.04,77.7,0.06,2.71,0.11,26.6,0.01,0.01,623.405,1776184016000
1776184018.319,118.319,0.94,2.71,0.89,26.6,0.95,59.7,0.96,77.7,0.05,59.7,0.04,77.7,0.06,2.71,0.11,26.6,0.01,0.01,623.405,1776184017000
1776184019.77,119.77,0.94,2.71,0.89,26.6,0.95,59.7,0.96,77.7,0.05,59.7,0.04,77.7,0.06,2.71,0.11,26.6,0.01,0.01,623.397,1776184018000
1776184020.494,120.494,0.94,2.71,0.89,26.6,0.95,59.7,0.96,77.7,0.05,59.7,0.04,77.7,0.06,2.71,0.11,26.6,0.01,0.01,623.359,1776184019000
1776184021.222,121.222,0.94,2.71,0.89,26.6,0.95,59.7,0.96,77.7,0.05,59.7,0.04,77.7,0.06,2.71,0.11,26.6,0.01,0.01,623.359,1776184020000
1776184023.067,123.067,0.94,2.71,0.89,26.6,0.95,59.7,0.96,77.7,0.05,59.7,0.04,77.7,0.06,2.71,0.11,26.6,0.01,0.01,623.351,1776184022000
1776184024.034,124.034,0.94,2.71,0.89,26.6,0.95,59.7,0.96,77.7,0.05,59.7,0.04,77.7,0.06,2.71,0.11,26.6,0.01,0.01,623.345,1776184023000
1776184025.051,125.051,0.94,2.71,0.89,26.6,0.95,59.7,0.96,77.7,0.05,59.7,0.04,77.7,0.06,2.71,0.11,26.6,0.01,0.01,623.352,1776184024000
1776184026.037,126.037,0.94,2.71,0.89,26.6,0.95,59.7,0.96,77.7,0.05,59.7,0.04,77.7,0.06,2.71,0.11,26.6,0.01,0.01,623.352,1776184025000
1776184026.935,126.935,0.94,2.71,0.89,26.6,0.95,59.7,0.96,77.7,0.05,59.7,0.04,77.7,0.06,2.71,0.11,26.6,0.01,0.01,623.357,1776184026000
1776184027.948,127.948,0.94,2.71,0.89,26.6,0.95,59.7,0.96,77.7,0.05,59.7,0.04,77.7,0.06,2.71,0.11,26.6,0.01,0.01,623.357,1776184027000
1776184028.89,128.89,0.94,2.71,0.89,26.6,0.95,59.7,0.96,77.7,0.05,59.7,0.04,77.7,0.06,2.71,0.11,26.6,0.01,0.01,623.364,1776184028000
1776184029.949,129.949,0.94,2.71,0.89,26.6,0.95,59.7,0.96,77.7,0.05,59.7,0.04,77.7,0.06,2.71,0.11,26.6,0.01,0.01,623.367,1776184029000
1776184030.777,130.777,0.94,2.71,0.89,26.6,0.95,59.7,0.96,77.7,0.05,59.7,0.04,77.7,0.06,2.71,0.11,26.6,0.01,0.01,623.377,1776184030000
1776184031.871,131.871,0.94,2.71,0.89,26.6,0.95,59.7,0.96,77.7,0.05,59.7,0.04,77.7,0.06,2.71,0.11,26.6,0.01,0.01,623.321,1776184031000
1776184033.343,133.343,0.94,2.71,0.89,26.6,0.95,59.7,0.96,77.7,0.05,59.7,0.04,77.7,0.06,2.71,0.11,26.6,0.01,0.01,623.308,1776184032000
1776184034.313,134.313,0.94,2.71,0.89,26.6,0.95,59.7,0.96,77.7,0.05,59.7,0.04,77.7,0.06,2.71,0.11,26.6,0.01,0.01,623.304,1776184033000
1776184035.769,135.769,0.94,2.71,0.89,26.6,0.95,59.7,0.96,77.7,0.05,59.7,0.04,77.7,0.06,2.71,0.11,26.6,0.01,0.01,623.282,1776184034000
1776184036.408,136.408,0.94,2.71,0.89,26.6,0.95,59.7,0.96,77.7,0.05,59.7,0.04,77.7,0.06,2.71,0.11,26.6,0.01,0.01,623.234976,1776184035000
1776184037.373,137.373,0.94,2.71,0.89,26.6,0.95,59.7,0.96,77.7,0.05,59.7,0.04,77.7,0.06,2.71,0.11,26.6,0.01,0.01,623.204,1776184036000
1776184037.995,137.995,0.94,2.71,0.89,26.6,0.95,59.7,0.96,77.7,0.05,59.7,0.04,77.7,0.06,2.71,0.11,26.6,0.01,0.01,623.204,1776184037000
1776184039.086,139.086,0.94,2.71,0.89,26.6,0.95,59.7,0.96,77.7,0.05,59.7,0.04,77.7,0.06,2.71,0.11,26.6,0.01,0.01,623.218,1776184038000
1776184040.055,140.055,0.94,2.71,0.89,26.6,0.95,59.7,0.96,77.7,0.05,59.7,0.04,77.7,0.06,2.71,0.11,26.6,0.01,0.01,623.218,1776184039000
1776184041.225,141.225,0.94,2.71,0.89,26.6,0.95,59.7,0.96,77.7,0.05,59.7,0.04,77.7,0.06,2.71,0.11,26.6,0.01,0.01,623.221,1776184040000
1776184042.282,142.282,0.94,2.71,0.89,26.6,0.95,59.7,0.96,77.7,0.05,59.7,0.04,77.7,0.06,2.71,0.11,26.6,0.01,0.01,623.251286,1776184041000
1776184043.387,143.387,0.94,2.71,0.89,26.6,0.95,59.7,0.96,77.7,0.05,59.7,0.04,77.7,0.06,2.71,0.11,26.6,0.01,0.01,623.325,1776184042000
1776184044.411,144.411,0.94,2.71,0.89,26.6,0.95,59.7,0.96,77.7,0.05,59.7,0.04,77.7,0.06,2.71,0.11,26.6,0.01,0.01,623.331,1776184043000
1776184044.957,144.957,0.94,2.71,0.89,26.6,0.95,59.7,0.96,77.7,0.05,59.7,0.04,77.7,0.06,2.71,0.11,26.6,0.01,0.01,623.331,1776184044000
1776184045.923,145.923,0.94,2.71,0.89,26.6,0.95,59.7,0.96,77.7,0.05,59.7,0.04,77.7,0.06,2.71,0.11,26.6,0.01,0.01,623.32,1776184045000
1776184046.891,146.891,0.94,2.71,0.89,26.6,0.95,59.7,0.96,77.7,0.05,59.7,0.04,77.7,0.06,2.71,0.11,26.6,0.01,0.01,623.322,1776184046000
1776184047.987,147.987,0.94,2.71,0.89,26.6,0.95,59.7,0.96,77.7,0.05,59.7,0.04,77.7,0.06,2.71,0.11,26.6,0.01,0.01,623.323,1776184047000
1776184049.88,149.88,0.94,2.71,0.89,26.6,0.95,59.7,0.96,77.7,0.05,59.7,0.04,77.7,0.06,2.71,0.11,26.6,0.01,0.01,623.301,1776184048000
1776184050.86,150.86,0.94,2.71,0.89,26.6,0.95,59.7,0.96,77.7,0.05,59.7,0.04,77.7,0.06,2.71,0.11,26.6,0.01,0.01,623.281,1776184049000
1776184051.968,151.968,0.94,2.71,0.89,26.6,0.95,59.7,0.96,77.7,0.05,59.7,0.04,77.7,0.06,2.71,0.11,26.6,0.01,0.01,623.278,1776184050000
1776184052.761,152.761,0.94,2.71,0.89,26.6,0.95,59.7,0.96,77.7,0.05,59.7,0.04,77.7,0.06,2.71,0.11,26.6,0.01,0.01,623.254,1776184051000
1776184053.453,153.453,0.94,2.71,0.89,26.6,0.95,59.7,0.96,77.7,0.05,59.7,0.04,77.7,0.06,2.71,0.11,26.6,0.01,0.01,623.249,1776184052000
1776184054.077,154.077,0.94,2.71,0.89,26.6,0.95,59.7,0.96,77.7,0.05,59.7,0.04,77.7,0.06,2.71,0.11,26.6,0.01,0.01,623.249,1776184053000
1776184055.495,155.495,0.94,2.71,0.89,26.6,0.95,59.7,0.96,77.7,0.05,59.7,0.04,77.7,0.06,2.71,0.11,26.6,0.01,0.01,623.24,1776184054000
1776184056.237,156.237,0.94,2.71,0.89,26.6,0.95,59.7,0.96,77.7,0.05,59.7,0.04,77.7,0.06,2.71,0.11,26.6,0.01,0.01,623.24,1776184055000
1776184058.246,158.246,0.94,2.71,0.89,26.6,0.95,59.7,0.96,77.7,0.05,59.7,0.04,77.7,0.06,2.71,0.11,26.6,0.01,0.01,623.235,1776184056000
1776184058.944,158.944,0.94,2.71,0.89,26.6,0.95,59.7,0.96,77.7,0.05,59.7,0.04,77.7,0.06,2.71,0.11,26.6,0.01,0.01,623.242,1776184057000
1776184059.633,159.633,0.94,2.71,0.89,26.6,0.95,59.7,0.96,77.7,0.05,59.7,0.04,77.7,0.06,2.71,0.11,26.6,0.01,0.01,623.244,1776184058000
1776184060.321,160.321,0.94,2.71,0.89,26.6,0.95,59.7,0.96,77.7,0.05,59.7,0.04,77.7,0.06,2.71,0.11,26.6,0.01,0.01,623.244,1776184059000
1776184061.072,161.072,0.94,2.71,0.89,26.6,0.95,59.7,0.96,77.7,0.05,59.7,0.04,77.7,0.06,2.71,0.11,26.6,0.01,0.01,623.239,1776184060000
1776184062.549,162.549,0.94,2.71,0.89,26.6,0.95,59.7,0.96,77.7,0.05,59.7,0.04,77.7,0.06,2.71,0.11,26.6,0.01,0.01,623.241,1776184061000
1776184063.178,163.178,0.94,2.71,0.89,26.6,0.95,59.7,0.96,77.7,0.05,59.7,0.04,77.7,0.06,2.71,0.11,26.6,0.01,0.01,623.241,1776184062000
1776184064.377,164.377,0.94,2.71,0.89,26.6,0.95,59.7,0.96,77.7,0.05,59.7,0.04,77.7,0.06,2.71,0.11,26.6,0.01,0.01,623.188,1776184063000
1776184065.283,165.283,0.94,2.71,0.89,26.6,0.95,59.7,0.96,77.7,0.05,59.7,0.04,77.7,0.06,2.71,0.11,26.6,0.01,0.01,623.188,1776184064000
1776184066.396,166.396,0.94,2.71,0.89,26.6,0.95,59.7,0.96,77.7,0.05,59.7,0.04,77.7,0.06,2.71,0.11,26.6,0.01,0.01,623.204,1776184065000
1776184067.263,167.263,0.94,2.71,0.89,26.6,0.95,59.7,0.96,77.7,0.05,59.7,0.04,77.7,0.06,2.71,0.11,26.6,0.01,0.01,623.204,1776184066000
1776184069.379,169.379,0.94,2.71,0.89,26.6,0.95,59.7,0.96,77.7,0.05,59.7,0.04,77.7,0.06,2.71,0.11,26.6,0.01,0.01,623.194,1776184068000
1776184070.442,170.442,0.94,2.71,0.89,26.6,0.95,59.7,0.96,77.7,0.05,59.7,0.04,77.7,0.06,2.71,0.11,26.6,0.01,0.01,623.144,1776184069000
1776184071.069,171.069,0.94,2.71,0.89,26.6,0.95,59.7,0.96,77.7,0.05,59.7,0.04,77.7,0.06,2.71,0.11,26.6,0.01,0.01,623.142421,1776184070000
1776184072.151,172.151,0.94,2.71,0.89,26.6,0.95,59.7,0.96,77.7,0.05,59.7,0.04,77.7,0.06,2.71,0.11,26.6,0.01,0.01,623.087,1776184071000
1776184073.412,173.412,0.94,2.71,0.89,26.6,0.95,59.7,0.96,77.7,0.05,59.7,0.04,77.7,0.06,2.71,0.11,26.6,0.01,0.01,623.11,1776184072000
1776184074.478,174.478,0.94,2.71,0.89,26.6,0.95,59.7,0.96,77.7,0.05,59.7,0.04,77.7,0.06,2.71,0.11,26.6,0.01,0.01,623.085,1776184073000
1776184075.036,175.036,0.94,2.71,0.89,26.6,0.95,59.7,0.96,77.7,0.05,59.7,0.04,77.7,0.06,2.71,0.11,26.6,0.01,0.01,623.085,1776184074000
1776184076.133,176.133,0.94,2.71,0.89,26.6,0.95,59.7,0.96,77.7,0.05,59.7,0.04,77.7,0.06,2.71,0.11,26.6,0.01,0.01,623.157,1776184075000
1776184077.314,177.314,0.94,2.71,0.89,26.6,0.95,59.7,0.96,77.7,0.05,59.7,0.04,77.7,0.06,2.71,0.11,26.6,0.01,0.01,623.13,1776184076000
1776184078.331,178.331,0.94,2.71,0.89,26.6,0.95,59.7,0.96,77.7,0.05,59.7,0.04,77.7,0.06,2.71,0.11,26.6,0.01,0.01,623.102,1776184077000
1776184079.498,179.498,0.94,2.71,0.89,26.6,0.95,59.7,0.96,77.7,0.05,59.7,0.04,77.7,0.06,2.71,0.11,26.6,0.01,0.01,623.048,1776184078000
1776184079.954,179.954,0.94,2.71,0.89,26.6,0.95,59.7,0.96,77.7,0.05,59.7,0.04,77.7,0.06,2.71,0.11,26.6,0.01,0.01,623.048,1776184079000
1776184081.306,181.306,0.94,2.71,0.89,26.6,0.95,59.7,0.96,77.7,0.05,59.7,0.04,77.7,0.06,2.71,0.11,26.6,0.01,0.01,623.047,1776184080000
1776184082.46,182.46,0.94,2.71,0.89,26.6,0.95,59.7,0.96,77.7,0.05,59.7,0.04,77.7,0.06,2.71,0.11,26.6,0.01,0.01,623.053,1776184081000
1776184083.019,183.019,0.94,2.71,0.89,26.6,0.95,59.7,0.96,77.7,0.05,59.7,0.04,77.7,0.06,2.71,0.11,26.6,0.01,0.01,623.053,1776184082000
1776184084.448,184.448,0.94,2.71,0.89,26.6,0.95,59.7,0.96,77.7,0.05,59.7,0.04,77.7,0.06,2.71,0.11,26.6,0.01,0.01,623.042,1776184083000
1776184084.945,184.945,0.94,2.71,0.89,26.6,0.95,59.7,0.96,77.7,0.05,59.7,0.04,77.7,0.06,2.71,0.11,26.6,0.01,0.01,623.042,1776184084000
1776184086.048,186.048,0.94,2.71,0.89,26.6,0.95,59.7,0.96,77.7,0.05,59.7,0.04,77.7,0.06,2.71,0.11,26.6,0.01,0.01,623.045,1776184085000
1776184087.171,187.171,0.94,2.71,0.89,26.6,0.95,59.7,0.96,77.7,0.05,59.7,0.04,77.7,0.06,2.71,0.11,26.6,0.01,0.01,623.012,1776184086000
1776184088.256,188.256,0.94,2.71,0.89,26.6,0.95,59.7,0.96,77.7,0.05,59.7,0.04,77.7,0.06,2.71,0.11,26.6,0.01,0.01,623.006,1776184087000
1776184089.238,189.238,0.94,2.71,0.89,26.6,0.95,59.7,0.96,77.7,0.05,59.7,0.04,77.7,0.06,2.71,0.11,26.6,0.01,0.01,623.005,1776184088000
1776184090.227,190.227,0.94,2.71,0.89,26.6,0.95,59.7,0.96,77.7,0.05,59.7,0.04,77.7,0.06,2.71,0.11,26.6,0.01,0.01,623.005,1776184089000
1776184091.168,191.168,0.94,2.71,0.89,26.6,0.95,59.7,0.96,77.7,0.05,59.7,0.04,77.7,0.06,2.71,0.11,26.6,0.01,0.01,623.037,1776184090000
1776184092.212,192.212,0.94,2.71,0.89,26.6,0.95,59.7,0.96,77.7,0.05,59.7,0.04,77.7,0.06,2.71,0.11,26.6,0.01,0.01,622.977,1776184091000
1776184093.277,193.277,0.94,2.71,0.89,26.6,0.95,59.7,0.96,77.7,0.05,59.7,0.04,77.7,0.06,2.71,0.11,26.6,0.01,0.01,622.977,1776184092000
1776184093.868,193.868,0.77,10.0,0.76,6.5,0.81,44.0,0.84,19.3,0.05,59.7,0.04,77.7,0.06,2.71,0.11,26.6,0.04,0.01,622.977,1776184092000
1776184094.351,194.351,0.77,10.0,0.76,6.5,0.81,44.0,0.84,19.3,0.19,44.0,0.16,19.3,0.23,10.0,0.24,6.5,0.04,0.04,622.964,1776184093000
1776184094.851,194.851,0.77,10.0,0.76,6.5,0.81,44.0,0.84,19.3,0.19,44.0,0.16,19.3,0.23,10.0,0.24,6.5,0.04,0.04,622.964,1776184094000
1776184095.863,195.863,0.77,10.0,0.76,6.5,0.81,44.0,0.84,19.3,0.19,44.0,0.16,19.3,0.23,10.0,0.24,6.5,0.04,0.04,622.949,1776184095000
1776184097.392,197.392,0.65,5.0,0.63,5.0,0.71,27.5,0.81,60.89,0.29,27.5,0.19,60.89,0.35,5.0,0.37,5.0,0.06,0.06,622.894,1776184096000
1776184097.92,197.92,0.65,5.0,0.63,5.0,0.71,27.5,0.81,60.89,0.29,27.5,0.19,60.89,0.35,5.0,0.37,5.0,0.06,0.06,622.87939,1776184097000
1776184098.664,198.664,0.62,6.03,0.6,8.0,0.77,12.1,0.78,15.2,0.29,27.5,0.19,60.89,0.35,5.0,0.37,5.0,0.15,0.06,622.87939,1776184097000
1776184099.031,199.031,0.62,6.03,0.57,13.0,0.71,39.0,0.74,10.0,0.23,12.1,0.22,15.2,0.38,6.03,0.4,8.0,0.09,0.15,622.87939,1776184097000
1776184100.125,200.125,0.62,1.03,0.56,8.0,0.66,14.92,0.7,10.0,0.29,39.0,0.26,10.0,0.38,6.03,0.43,13.0,0.04,0.09,622.787,1776184098000
1776184101.208,201.208,0.62,1.03,0.56,8.0,0.66,14.92,0.7,10.0,0.34,14.92,0.3,10.0,0.38,1.03,0.44,8.0,0.04,0.04,622.72907,1776184100000
1776184101.54,201.54,0.63,0.79,0.56,8.0,0.64,13.88,0.66,29.84,0.34,14.92,0.3,10.0,0.38,1.03,0.44,8.0,0.01,0.04,622.72907,1776184100000
1776184102.194,202.194,0.63,0.79,0.56,8.0,0.64,13.88,0.66,29.84,0.36,13.88,0.34,29.84,0.37,0.79,0.44,8.0,0.01,0.01,622.725194,1776184101000
1776184103.162,203.162,0.63,0.79,0.56,8.0,0.64,13.88,0.66,29.84,0.36,13.88,0.34,29.84,0.37,0.79,0.44,8.0,0.01,0.01,622.670609,1776184102000
1776184104.276,204.276,0.63,0.79,0.56,8.0,0.64,13.88,0.66,29.84,0.36,13.88,0.34,29.84,0.37,0.79,0.44,8.0,0.01,0.01,622.671,1776184103000
1776184105.302,205.302,0.63,0.79,0.56,8.0,0.64,13.88,0.66,29.84,0.36,13.88,0.34,29.84,0.37,0.79,0.44,8.0,0.01,0.01,622.701,1776184104000
1776184105.866,205.866,0.63,0.79,0.56,8.0,0.64,13.88,0.66,29.84,0.36,13.88,0.34,29.84,0.37,0.79,0.44,8.0,0.01,0.01,622.701,1776184105000
1776184106.903,206.903,0.63,0.79,0.56,8.0,0.64,13.88,0.66,29.84,0.36,13.88,0.34,29.84,0.37,0.79,0.44,8.0,0.01,0.01,622.711,1776184106000
1776184107.969,207.969,0.63,0.79,0.56,8.0,0.64,13.88,0.66,29.84,0.36,13.88,0.34,29.84,0.37,0.79,0.44,8.0,0.01,0.01,622.719,1776184107000
1776184109.058,209.058,0.63,0.79,0.56,8.0,0.64,13.88,0.66,29.84,0.36,13.88,0.34,29.84,0.37,0.79,0.44,8.0,0.01,0.01,622.727,1776184108000
1776184110.074,210.074,0.63,0.79,0.56,8.0,0.64,13.88,0.66,29.84,0.36,13.88,0.34,29.84,0.37,0.79,0.44,8.0,0.01,0.01,622.727,1776184109000
1776184111.51,211.51,0.63,0.79,0.56,8.0,0.64,13.88,0.66,29.84,0.36,13.88,0.34,29.84,0.37,0.79,0.44,8.0,0.01,0.01,622.728,1776184110000
1776184112.618,212.618,0.63,0.79,0.56,8.0,0.64,13.88,0.66,29.84,0.36,13.88,0.34,29.84,0.37,0.79,0.44,8.0,0.01,0.01,622.728,1776184111000
1776184113.389,213.389,0.63,0.79,0.56,8.0,0.64,13.88,0.66,29.84,0.36,13.88,0.34,29.84,0.37,0.79,0.44,8.0,0.01,0.01,622.723891,1776184112000
1776184114.001,214.001,0.63,0.79,0.55,7.67,0.64,23.88,0.65,10.0,0.36,13.88,0.34,29.84,0.37,0.79,0.44,8.0,0.01,0.01,622.723891,1776184112000
1776184115.619,215.619,0.63,0.79,0.55,7.67,0.64,23.88,0.65,10.0,0.36,23.88,0.35,10.0,0.37,0.79,0.45,7.67,0.01,0.01,622.719,1776184114000
1776184116.4,216.4,0.63,0.79,0.55,7.67,0.64,23.88,0.65,10.0,0.36,23.88,0.35,10.0,0.37,0.79,0.45,7.67,0.01,0.01,622.722,1776184115000
1776184117.192,217.192,0.63,6.87,0.59,10.7,0.64,33.88,0.66,29.84,0.36,33.88,0.34,29.84,0.37,6.87,0.41,10.7,0.01,0.01,622.722,1776184116000
1776184118.795,218.795,0.63,6.87,0.59,10.7,0.64,33.88,0.66,29.84,0.36,33.88,0.34,29.84,0.37,6.87,0.41,10.7,0.01,0.01,622.795,1776184117000
1776184119.512,219.512,0.63,6.87,0.59,10.7,0.64,33.88,0.66,29.84,0.36,33.88,0.34,29.84,0.37,6.87,0.41,10.7,0.01,0.01,622.762,1776184118000
1776184120.253,220.253,0.63,6.87,0.59,10.7,0.64,33.88,0.66,29.84,0.36,33.88,0.34,29.84,0.37,6.87,0.41,10.7,0.01,0.01,622.762,1776184119000
1776184120.582,220.582,0.63,18.07,0.62,11.0,0.64,13.6,0.65,10.0,0.36,33.88,0.34,29.84,0.37,6.87,0.41,10.7,0.01,0.01,622.762,1776184119000
1776184121.692,221.692,0.63,18.07,0.62,11.0,0.64,13.6,0.65,10.0,0.36,13.6,0.35,10.0,0.37,18.07,0.38,11.0,0.01,0.01,622.758,1776184120000
1776184122.418,222.418,0.63,18.07,0.62,11.0,0.64,13.6,0.65,10.0,0.36,13.6,0.35,10.0,0.37,18.07,0.38,11.0,0.01,0.01,622.764,1776184121000
1776184123.264,223.264,0.63,18.07,0.62,11.0,0.64,13.6,0.65,10.0,0.36,13.6,0.35,10.0,0.37,18.07,0.38,11.0,0.01,0.01,622.759,1776184122000
1776184124.686,224.686,0.63,18.07,0.62,11.0,0.64,13.6,0.65,10.0,0.36,13.6,0.35,10.0,0.37,18.07,0.38,11.0,0.01,0.01,622.758,1776184123000
1776184125.491,225.491,0.63,18.07,0.62,11.0,0.64,13.6,0.65,10.0,0.36,13.6,0.35,10.0,0.37,18.07,0.38,11.0,0.01,0.01,622.744,1776184124000
1776184126.225,226.225,0.58,25.87,0.57,10.6,0.59,13.89,0.64,13.6,0.41,13.89,0.36,13.6,0.42,25.87,0.43,10.6,0.01,0.01,622.744,1776184125000
1776184127.629,227.629,0.58,25.87,0.57,10.6,0.59,13.89,0.64,13.6,0.41,13.89,0.36,13.6,0.42,25.87,0.43,10.6,0.01,0.01,622.72,1776184126000
1776184128.375,228.375,0.58,25.87,0.57,10.6,0.59,13.89,0.64,13.6,0.41,13.89,0.36,13.6,0.42,25.87,0.43,10.6,0.01,0.01,622.727,1776184127000
1776184128.979,228.979,0.58,25.87,0.57,10.6,0.59,13.89,0.64,13.6,0.41,13.89,0.36,13.6,0.42,25.87,0.43,10.6,0.01,0.01,622.727,1776184128000
1776184129.593,229.593,0.58,25.87,0.57,10.6,0.59,8.88,0.64,13.6,0.41,13.89,0.36,13.6,0.42,25.87,0.43,10.6,0.01,0.01,622.727,1776184128000
1776184130.711,230.711,0.58,25.87,0.57,10.6,0.59,8.88,0.64,13.6,0.41,8.88,0.36,13.6,0.42,25.87,0.43,10.6,0.01,0.01,622.702,1776184129000
1776184131.229,231.229,0.58,25.87,0.57,10.6,0.59,8.88,0.64,13.6,0.41,8.88,0.36,13.6,0.42,25.87,0.43,10.6,0.01,0.01,622.702,1776184130000
1776184132.341,232.341,0.58,25.87,0.57,10.6,0.59,8.88,0.64,13.6,0.41,8.88,0.36,13.6,0.42,25.87,0.43,10.6,0.01,0.01,622.685,1776184131000
1776184133.401,233.401,0.58,25.87,0.57,10.6,0.59,8.88,0.64,13.6,0.41,8.88,0.36,13.6,0.42,25.87,0.43,10.6,0.01,0.01,622.684,1776184132000
1776184134.073,234.073,0.58,25.87,0.57,10.6,0.59,8.88,0.64,13.6,0.41,8.88,0.36,13.6,0.42,25.87,0.43,10.6,0.01,0.01,622.684,1776184133000
1776184135.092,235.092,0.58,25.87,0.57,10.6,0.59,8.88,0.64,13.6,0.41,8.88,0.36,13.6,0.42,25.87,0.43,10.6,0.01,0.01,622.682,1776184134000
1776184136.241,236.241,0.58,25.87,0.57,10.6,0.59,8.88,0.64,13.6,0.41,8.88,0.36,13.6,0.42,25.87,0.43,10.6,0.01,0.01,622.682,1776184135000
1776184137.352,237.352,0.58,25.87,0.57,10.6,0.59,8.88,0.64,13.6,0.41,8.88,0.36,13.6,0.42,25.87,0.43,10.6,0.01,0.01,622.685,1776184136000
1776184137.927,237.927,0.58,25.87,0.57,10.6,0.59,8.88,0.64,13.6,0.41,8.88,0.36,13.6,0.42,25.87,0.43,10.6,0.01,0.01,622.691,1776184137000
1776184138.665,238.665,0.58,25.87,0.57,10.6,0.59,3.79,0.64,3.6,0.41,8.88,0.36,13.6,0.42,25.87,0.43,10.6,0.01,0.01,622.691,1776184137000
1776184139.048,239.048,0.58,25.87,0.57,10.6,0.59,3.79,0.64,3.6,0.41,3.79,0.36,3.6,0.42,25.87,0.43,10.6,0.01,0.01,622.691,1776184138000
1776184140.132,240.132,0.58,25.87,0.57,10.6,0.59,3.79,0.64,3.6,0.41,3.79,0.36,3.6,0.42,25.87,0.43,10.6,0.01,0.01,622.702,1776184139000
1776184140.574,240.574,0.61,46.21,0.58,32.7,0.64,3.6,0.66,29.84,0.41,3.79,0.36,3.6,0.42,25.87,0.43,10.6,0.03,0.01,622.702,1776184139000
1776184141.407,241.407,0.61,46.21,0.58,32.7,0.64,3.6,0.66,29.84,0.36,3.6,0.34,29.84,0.39,46.21,0.42,32.7,0.03,0.03,622.707,1776184140000
1776184142.584,242.584,0.61,46.21,0.58,32.7,0.64,3.6,0.66,29.84,0.36,3.6,0.34,29.84,0.39,46.21,0.42,32.7,0.03,0.03,622.755818,1776184141000
1776184143.112,243.112,0.61,46.21,0.58,32.7,0.64,3.6,0.66,29.84,0.36,3.6,0.34,29.84,0.39,46.21,0.42,32.7,0.03,0.03,622.760092,1776184142000
1776184143.519,243.519,0.63,29.2,0.62,11.0,0.66,29.84,0.86,21.6,0.36,3.6,0.34,29.84,0.39,46.21,0.42,32.7,0.03,0.03,622.760092,1776184142000
1776184144.231,244.231,0.63,29.2,0.62,11.0,0.66,29.84,0.86,21.6,0.34,29.84,0.14,21.6,0.37,29.2,0.38,11.0,0.03,0.03,622.781,1776184143000
1776184145.175,245.175,0.63,29.2,0.62,11.0,0.66,29.84,0.86,21.6,0.34,29.84,0.14,21.6,0.37,29.2,0.38,11.0,0.03,0.03,622.801,1776184144000
1776184146.33,246.33,0.71,24.66,0.65,25.4,0.96,66.5,0.97,89.3,0.04,66.5,0.03,89.3,0.29,24.66,0.35,25.4,0.25,0.25,622.80059,1776184145000
1776184147.363,247.363,0.71,24.66,0.65,25.4,0.96,66.5,0.97,89.3,0.04,66.5,0.03,89.3,0.29,24.66,0.35,25.4,0.25,0.25,622.827,1776184146000
1776184147.931,247.931,0.71,24.66,0.65,25.4,0.96,66.5,0.97,89.3,0.04,66.5,0.03,89.3,0.29,24.66,0.35,25.4,0.25,0.25,622.827,1776184147000
1776184148.349,248.349,0.71,105.26,0.7,12.4,0.97,74.72,0.98,192.69,0.04,66.5,0.03,89.3,0.29,24.66,0.35,25.4,0.26,0.25,622.827,1776184147000
1776184148.964,248.964,0.71,105.26,0.7,12.4,0.97,71.62,0.98,192.69,0.03,71.62,0.02,192.69,0.29,105.26,0.3,12.4,0.26,0.26,622.839,1776184148000
1776184150.025,250.025,0.71,105.26,0.7,12.4,0.97,71.62,0.98,192.69,0.03,71.62,0.02,192.69,0.29,105.26,0.3,12.4,0.26,0.26,622.89,1776184149000
1776184151.074,251.074,0.71,105.26,0.7,12.4,0.97,71.62,0.98,192.69,0.03,71.62,0.02,192.69,0.29,105.26,0.3,12.4,0.26,0.26,622.879,1776184150000
1776184152.094,252.094,0.71,105.26,0.7,12.4,0.97,71.62,0.98,192.69,0.03,71.62,0.02,192.69,0.29,105.26,0.3,12.4,0.26,0.26,622.868,1776184151000
1776184152.572,252.572,0.77,6.0,0.76,14.3,0.91,46.7,0.94,46.1,0.03,71.62,0.02,192.69,0.29,105.26,0.3,12.4,0.14,0.26,622.868,1776184151000
1776184153.113,253.113,0.77,6.0,0.76,14.3,0.91,46.7,0.94,46.1,0.09,46.7,0.06,46.1,0.23,6.0,0.24,14.3,0.14,0.14,622.882,1776184152000
1776184154.17,254.17,0.77,6.0,0.76,14.3,0.91,46.7,0.94,46.1,0.09,46.7,0.06,46.1,0.23,6.0,0.24,14.3,0.14,0.14,622.882,1776184153000
1776184155.211,255.211,0.77,6.0,0.76,14.3,0.91,46.7,0.94,46.1,0.09,46.7,0.06,46.1,0.23,6.0,0.24,14.3,0.14,0.14,622.825,1776184154000
1776184156.194,256.194,0.77,6.0,0.76,14.3,0.91,46.7,0.94,46.1,0.09,46.7,0.06,46.1,0.23,6.0,0.24,14.3,0.14,0.14,622.825,1776184155000
1776184157.225,257.225,0.77,6.0,0.76,14.3,0.91,46.7,0.94,46.1,0.09,46.7,0.06,46.1,0.23,6.0,0.24,14.3,0.14,0.14,622.819,1776184156000
1776184158.789,258.789,0.77,6.0,0.76,14.3,0.91,46.7,0.94,46.1,0.09,46.7,0.06,46.1,0.23,6.0,0.24,14.3,0.14,0.14,622.807,1776184157000
1776184159.405,259.405,0.77,6.0,0.76,14.3,0.91,46.7,0.94,46.1,0.09,46.7,0.06,46.1,0.23,6.0,0.24,14.3,0.14,0.14,622.81,1776184158000
1776184160.235,260.235,0.77,6.0,0.76,14.3,0.91,46.7,0.94,46.1,0.09,46.7,0.06,46.1,0.23,6.0,0.24,14.3,0.14,0.14,622.80313,1776184159000
1776184161.261,261.261,0.77,6.0,0.76,14.3,0.91,46.7,0.94,46.1,0.09,46.7,0.06,46.1,0.23,6.0,0.24,14.3,0.14,0.14,622.8,1776184160000
1776184162.206,262.206,0.77,6.0,0.76,14.3,0.91,46.7,0.94,46.1,0.09,46.7,0.06,46.1,0.23,6.0,0.24,14.3,0.14,0.14,622.801,1776184161000
1776184163.042,263.042,0.81,16.89,0.8,16.3,0.9,26.67,0.91,78.4,0.09,46.7,0.06,46.1,0.23,6.0,0.24,14.3,0.09,0.14,622.801,1776184161000
1776184164.15,264.15,0.81,16.89,0.8,16.3,0.9,26.67,0.91,78.4,0.1,26.67,0.09,78.4,0.19,16.89,0.2,16.3,0.09,0.09,622.787,1776184163000
1776184165.083,265.083,0.82,17.6,0.81,16.89,0.91,49.83,0.92,35.29,0.09,49.83,0.08,35.29,0.18,17.6,0.19,16.89,0.09,0.09,622.785,1776184164000
1776184166.122,266.122,0.82,17.6,0.81,16.89,0.91,49.83,0.92,35.29,0.09,49.83,0.08,35.29,0.18,17.6,0.19,16.89,0.09,0.09,622.785,1776184165000
1776184167.014,267.014,0.82,17.6,0.81,16.89,0.91,49.83,0.92,35.29,0.09,49.83,0.08,35.29,0.18,17.6,0.19,16.89,0.09,0.09,622.785,1776184166000
1776184168.002,268.002,0.82,17.6,0.81,16.89,0.91,49.83,0.92,35.29,0.09,49.83,0.08,35.29,0.18,17.6,0.19,16.89,0.09,0.09,622.776,1776184167000
1776184168.852,268.852,0.82,17.6,0.81,16.89,0.91,49.83,0.92,35.29,0.09,49.83,0.08,35.29,0.18,17.6,0.19,16.89,0.09,0.09,622.755,1776184168000
1776184169.853,269.853,0.82,17.6,0.81,16.89,0.91,49.83,0.92,35.29,0.09,49.83,0.08,35.29,0.18,17.6,0.19,16.89,0.09,0.09,622.755,1776184169000
1776184171.331,271.331,0.82,17.6,0.81,16.89,0.91,49.83,0.92,35.29,0.09,49.83,0.08,35.29,0.18,17.6,0.19,16.89,0.09,0.09,622.749,1776184170000
1776184172.348,272.348,0.82,17.6,0.81,16.89,0.91,49.83,0.92,35.29,0.09,49.83,0.08,35.29,0.18,17.6,0.19,16.89,0.09,0.09,622.746,1776184171000
1776184172.905,272.905,0.88,24.6,0.87,28.0,0.91,16.6,0.95,5.0,0.09,16.6,0.05,5.0,0.12,24.6,0.13,28.0,0.03,0.03,622.746,1776184172000
1776184174.056,274.056,0.88,24.6,0.87,28.0,0.91,16.6,0.95,5.0,0.09,16.6,0.05,5.0,0.12,24.6,0.13,28.0,0.03,0.03,622.844,1776184173000
1776184175.1,275.1,0.9,28.9,0.89,26.6,0.91,10.86,0.95,5.0,0.09,10.86,0.05,5.0,0.1,28.9,0.11,26.6,0.01,0.01,622.858,1776184174000
1776184175.605,275.605,0.87,5.0,0.81,50.0,0.91,5.8,0.95,5.0,0.09,10.86,0.05,5.0,0.1,28.9,0.11,26.6,0.04,0.01,622.858,1776184174000
1776184176.15,276.15,0.87,5.0,0.81,50.0,0.91,5.8,0.95,5.0,0.09,5.8,0.05,5.0,0.13,5.0,0.19,50.0,0.04,0.04,622.858,1776184175000
1776184177.153,277.153,0.87,5.0,0.81,50.0,0.91,5.8,0.95,5.0,0.09,5.8,0.05,5.0,0.13,5.0,0.19,50.0,0.04,0.04,622.857,1776184176000
1776184178.372,278.372,0.87,5.0,0.81,50.0,0.91,5.8,0.95,5.0,0.09,5.8,0.05,5.0,0.13,5.0,0.19,50.0,0.04,0.04,622.852,1776184177000
1776184179.463,279.463,0.87,5.0,0.81,50.0,0.91,5.8,0.95,5.0,0.09,5.8,0.05,5.0,0.13,5.0,0.19,50.0,0.04,0.04,622.855,1776184178000
1776184180.005,280.005,0.87,5.0,0.81,50.0,0.91,5.8,0.95,5.0,0.09,5.8,0.05,5.0,0.13,5.0,0.19,50.0,0.04,0.04,622.855,1776184179000
1776184181.02,281.02,0.87,5.0,0.81,50.0,0.91,5.8,0.95,5.0,0.09,5.8,0.05,5.0,0.13,5.0,0.19,50.0,0.04,0.04,622.854,1776184180000
1776184182.088,282.088,0.87,5.0,0.81,50.0,0.91,5.8,0.95,5.0,0.09,5.8,0.05,5.0,0.13,5.0,0.19,50.0,0.04,0.04,622.855,1776184181000
1776184183.097,283.097,0.87,5.0,0.81,50.0,0.91,5.8,0.95,5.0,0.09,5.8,0.05,5.0,0.13,5.0,0.19,50.0,0.04,0.04,622.835,1776184182000
1776184184.164,284.164,0.87,5.0,0.81,50.0,0.91,5.8,0.95,5.0,0.09,5.8,0.05,5.0,0.13,5.0,0.19,50.0,0.04,0.04,622.835,1776184183000
1776184185.339,285.339,0.87,5.0,0.81,50.0,0.91,5.8,0.95,5.0,0.09,5.8,0.05,5.0,0.13,5.0,0.19,50.0,0.04,0.04,622.85,1776184184000
1776184185.722,285.722,0.87,10.0,0.81,50.0,0.91,0.8,0.95,5.0,0.09,5.8,0.05,5.0,0.13,5.0,0.19,50.0,0.04,0.04,622.85,1776184184000
1776184186.321,286.321,0.87,10.0,0.81,50.0,0.91,0.8,0.95,5.0,0.09,0.8,0.05,5.0,0.13,10.0,0.19,50.0,0.04,0.04,622.846,1776184185000
1776184187.371,287.371,0.87,10.0,0.81,50.0,0.91,0.8,0.95,5.0,0.09,0.8,0.05,5.0,0.13,10.0,0.19,50.0,0.04,0.04,622.821,1776184186000
1776184187.938,287.938,0.87,10.0,0.81,50.0,0.91,0.8,0.95,5.0,0.09,0.8,0.05,5.0,0.13,10.0,0.19,50.0,0.04,0.04,622.821,1776184187000
1776184188.943,288.943,0.87,10.0,0.81,50.0,0.91,0.8,0.95,5.0,0.09,0.8,0.05,5.0,0.13,10.0,0.19,50.0,0.04,0.04,622.807,1776184188000
1776184190.007,290.007,0.87,10.0,0.81,50.0,0.91,0.8,0.95,5.0,0.09,0.8,0.05,5.0,0.13,10.0,0.19,50.0,0.04,0.04,622.801,1776184189000
1776184190.986,290.986,0.87,10.0,0.81,50.0,0.91,0.8,0.95,5.0,0.09,0.8,0.05,5.0,0.13,10.0,0.19,50.0,0.04,0.04,622.812,1776184190000
1776184192.099,292.099,0.87,10.0,0.81,50.0,0.91,0.8,0.95,5.0,0.09,0.8,0.05,5.0,0.13,10.0,0.19,50.0,0.04,0.04,622.811,1776184191000
1776184193.137,293.137,0.87,10.0,0.81,50.0,0.91,0.8,0.95,5.0,0.09,0.8,0.05,5.0,0.13,10.0,0.19,50.0,0.04,0.04,622.802,1776184192000
1776184193.945,293.945,0.87,5.0,0.81,50.0,0.99,207.52,,,0.09,0.8,0.05,5.0,0.13,10.0,0.19,50.0,0.12,0.04,622.802,1776184192000
1776184195.157,295.157,0.87,5.0,0.81,50.0,0.99,207.52,,,0.01,207.52,,,0.13,5.0,0.19,50.0,0.12,0.12,622.804,1776184194000
1776184196.194,296.194,0.87,5.0,0.81,50.0,0.99,207.52,,,0.01,207.52,,,0.13,5.0,0.19,50.0,0.12,0.12,622.812,1776184195000
1776184196.398,296.398,0.87,5.0,0.71,74.66,0.99,100.24,,,0.01,103.24,,,0.13,5.0,0.29,74.66,0.12,0.12,622.812,1776184195000
1776184196.744,296.744,0.87,5.0,0.71,74.66,0.99,71.69,,,0.01,76.24,,,0.13,5.0,0.29,74.66,0.12,0.12,622.812,1776184195000
1776184197.164,297.164,0.87,5.0,0.71,74.66,0.99,71.69,,,0.01,71.69,,,0.13,5.0,0.29,74.66,0.12,0.12,622.805,1776184196000
1776184197.388,297.388,0.87,5.0,0.71,74.66,0.99,67.14,,,0.01,71.69,,,0.13,5.0,0.29,74.66,0.12,0.12,622.805,1776184196000
1776184197.942,297.942,0.87,5.0,0.71,74.66,0.99,11.18,,,0.01,15.73,,,0.13,5.0,0.29,74.66,0.12,0.12,622.805,1776184196000
1776184198.365,298.365,0.87,5.0,0.71,74.66,,,,,0.01,1.18,,,0.13,5.0,0.29,74.66,,0.12,622.805,1776184196000
1776184198.769,298.769,0.87,5.0,0.71,74.66,,,,,,,,,0.13,5.0,0.29,74.66,,,622.72,1776184197000
1776184199.332,299.332,0.99,53.3,0.87,5.0,,,,,,,,,0.01,53.3,0.13,5.0,,,622.72,1776184198000
1776184200.393,300.393,0.99,53.3,0.87,5.0,,,,,,,,,0.01,53.3,0.13,5.0,,,622.706,1776184199000
1776184200.999,300.999,0.99,53.3,0.87,5.0,,,,,,,,,0.01,53.3,0.13,5.0,,,622.706,1776184200000
1776184202.102,302.102,0.99,53.3,0.87,5.0,,,,,,,,,0.01,53.3,0.13,5.0,,,622.7,1776184201000

# RESULT,winner=Up,slug=bnb-updown-5m-1776183900,ticks=333
