timestamp,elapsed_sec,up_bid_p1,up_bid_s1,up_bid_p2,up_bid_s2,up_ask_p1,up_ask_s1,up_ask_p2,up_ask_s2,down_bid_p1,down_bid_s1,down_bid_p2,down_bid_s2,down_ask_p1,down_ask_s1,down_ask_p2,down_ask_s2,up_spread,down_spread,bnb_price,bnb_oracle_ts
1776346504.46,4.46,0.48,5.0,0.47,5.0,0.5,10.0,0.51,50.0,0.51,5.0,0.5,10.0,0.59,37.0,0.6,33.0,0.02,0.08,623.372285,1776346503000
1776346508.899,8.899,0.48,3.07,0.47,5.0,0.5,15.0,0.51,5.0,0.5,10.0,0.49,50.0,0.52,5.0,0.53,5.0,0.02,0.02,623.30063,1776346508000
1776346509.213,9.213,0.47,5.0,0.46,5.0,0.49,5.0,0.5,20.0,0.5,15.0,0.49,5.0,0.52,3.07,0.53,5.0,0.02,0.02,623.30063,1776346508000
1776346513.578,13.578,0.49,5.0,0.48,5.0,0.5,6.88,0.53,5.0,0.51,5.0,0.5,20.0,0.53,5.0,0.54,5.0,0.01,0.02,623.26577,1776346512000
1776346516.747,16.747,0.48,5.0,0.47,5.0,0.5,6.88,0.54,5.0,0.5,6.88,0.47,5.0,0.51,5.0,0.52,5.0,0.02,0.01,623.309698,1776346515000
1776346521.472,21.472,0.48,4.9,0.47,5.0,0.5,6.88,0.54,10.0,0.5,6.88,0.46,5.0,0.52,5.0,0.53,5.0,0.02,0.02,623.30779,1776346520000
1776346524.736,24.736,0.37,2.0,0.36,13.0,0.38,5.0,0.39,5.0,0.5,6.88,0.46,10.0,0.52,4.9,0.53,5.0,0.01,0.02,623.315648,1776346523000
1776346524.979,24.979,0.38,5.0,0.37,7.0,0.4,5.0,0.41,5.0,0.62,5.0,0.61,5.0,0.63,2.0,0.64,13.0,0.02,0.01,623.315648,1776346523000
1776346543.577,43.577,0.31,54.0,0.3,10.0,0.38,10.0,0.39,5.0,0.59,5.0,0.58,5.0,0.62,5.0,0.63,7.0,0.07,0.03,623.175105,1776346542000
1776346549.502,49.502,0.27,10.0,0.26,18.5,0.29,5.0,0.3,5.0,0.62,10.0,0.61,5.0,0.69,54.0,0.7,10.0,0.02,0.07,623.146105,1776346548000
1776346553.466,53.466,0.23,16.7,0.22,15.2,0.24,5.0,0.25,5.0,0.71,5.0,0.7,5.0,0.73,10.0,0.74,18.5,0.01,0.02,623.10008,1776346552000
1776346555.014,55.014,0.21,62.7,0.2,21.2,0.22,5.0,0.23,5.0,0.75,5.0,0.74,5.0,0.77,16.7,0.78,15.2,0.01,0.02,623.10585,1776346553000
1776346555.428,55.428,0.21,52.7,0.2,21.2,0.22,5.0,0.23,5.0,0.78,5.0,0.77,5.0,0.79,62.7,0.8,21.2,0.01,0.01,623.025008,1776346554000
1776346557.099,57.099,0.19,13.89,0.18,17.6,0.2,10.0,0.21,30.0,0.78,5.0,0.77,5.0,0.79,52.7,0.8,21.2,0.01,0.01,622.996654,1776346555000
1776346557.842,57.842,0.19,12.89,0.18,17.6,0.2,10.0,0.21,30.0,0.8,10.0,0.79,30.0,0.81,13.89,0.82,17.6,0.01,0.01,622.96513,1776346556000
1776346561.24,61.24,0.17,13.39,0.16,19.3,0.18,5.0,0.19,5.0,0.8,10.0,0.79,30.0,0.81,12.89,0.82,17.6,0.01,0.01,622.87091,1776346559000
1776346563.049,63.049,0.15,17.39,0.14,21.6,0.16,5.0,0.17,10.0,0.82,5.0,0.81,5.0,0.83,13.39,0.84,19.3,0.01,0.01,622.87418,1776346561000
1776346565.245,65.245,0.14,26.6,0.13,28.0,0.15,26.0,0.18,5.0,0.84,5.0,0.83,10.0,0.85,17.39,0.86,21.6,0.01,0.01,622.84729,1776346563000
1776346566.581,66.581,0.26,5.0,0.25,5.0,0.27,7.0,0.28,60.0,0.85,26.0,0.82,5.0,0.86,26.6,0.87,28.0,0.01,0.01,622.79276,1776346565000
1776346569.17,69.17,0.17,2.0,0.15,20.39,0.18,5.0,0.19,5.0,0.73,7.0,0.72,60.0,0.74,5.0,0.75,5.0,0.01,0.01,622.974,1776346568000
1776346570.011,70.011,0.15,17.39,0.14,21.6,0.16,32.0,0.17,5.0,0.82,5.0,0.81,5.0,0.83,2.0,0.85,20.39,0.01,0.01,622.974,1776346568000
1776346570.294,70.294,0.15,17.39,0.14,21.6,0.16,22.36,0.17,5.0,0.84,32.0,0.83,5.0,0.85,17.39,0.86,21.6,0.01,0.01,622.968639,1776346569000
1776346574.315,74.315,0.2,5.0,0.19,5.0,0.21,2.0,0.22,10.0,0.84,22.36,0.83,5.0,0.85,17.39,0.86,21.6,0.01,0.01,622.872728,1776346571000
1776346578.126,78.126,0.18,5.6,0.17,18.39,0.19,22.0,0.2,5.0,0.79,2.0,0.78,10.0,0.8,5.0,0.81,5.0,0.01,0.01,622.89816,1776346576000
1776346586.099,86.099,0.21,30.0,0.18,5.0,0.22,5.0,0.23,5.0,0.81,22.0,0.8,5.0,0.82,5.6,0.83,18.39,0.01,0.01,622.89731,1776346584000
1776346587.42,87.42,0.21,11.48,0.19,5.0,0.22,5.0,0.23,5.0,0.78,5.0,0.77,5.0,0.79,30.0,0.82,5.0,0.01,0.01,622.85446,1776346586000
1776346591.398,91.398,0.21,32.18,0.2,21.2,0.22,14.0,0.26,5.0,0.78,5.0,0.77,5.0,0.79,11.48,0.81,5.0,0.01,0.01,622.897651,1776346590000
1776346599.684,99.684,0.21,8.48,0.14,21.6,0.22,16.0,0.23,5.0,0.78,4.9,0.75,5.0,0.79,32.18,0.8,21.2,0.01,0.01,622.9821,1776346598000
1776346599.923,99.923,0.21,3.48,0.13,23.0,0.22,16.0,0.23,5.0,0.78,16.0,0.77,5.0,0.79,8.48,0.86,21.6,0.01,0.01,622.9821,1776346598000
1776346609.517,109.517,0.11,26.6,0.1,38.9,0.12,26.0,0.13,5.0,0.78,16.0,0.77,5.0,0.88,24.6,0.89,26.6,0.01,0.1,622.735,1776346608000
1776346610.809,110.809,0.1,35.9,0.09,42.7,0.11,5.0,0.12,26.0,0.88,26.0,0.87,5.0,0.89,26.6,0.9,38.9,0.01,0.01,622.731924,1776346609000
1776346615.11,115.11,0.1,4.0,0.09,11.0,0.11,5.0,0.12,26.0,0.89,5.0,0.88,26.0,0.9,35.9,0.91,42.7,0.01,0.01,622.697,1776346613000
1776346615.386,115.386,0.09,10.0,0.08,12.0,0.11,5.0,0.12,31.0,0.89,5.0,0.88,26.0,0.9,4.0,0.91,11.0,0.02,0.01,622.697,1776346613000
1776346616.538,116.538,0.09,5.0,0.08,12.0,0.1,57.0,0.11,5.0,0.89,5.0,0.88,31.0,0.91,10.0,0.92,12.0,0.01,0.02,622.701152,1776346614000
1776346617.203,117.203,0.08,12.0,0.07,19.0,0.1,57.0,0.11,5.0,0.9,57.0,0.89,5.0,0.91,5.0,0.92,12.0,0.02,0.01,622.685209,1776346615000
1776346622.057,122.057,0.08,12.0,0.07,14.0,0.09,50.0,0.1,33.9,0.9,57.0,0.89,5.0,0.92,12.0,0.93,19.0,0.01,0.02,622.458698,1776346620000
1776346623.776,123.776,0.08,3.91,0.07,58.9,0.09,50.0,0.1,5.0,0.91,50.0,0.9,33.9,0.92,12.0,0.93,14.0,0.01,0.01,622.407,1776346622000
1776346640.862,140.862,0.08,0.75,0.07,19.0,0.09,79.7,0.1,33.9,0.91,50.0,0.9,5.0,0.92,3.91,0.93,58.9,0.01,0.01,622.55115,1776346639000
1776346648.134,148.134,0.07,17.2,0.06,21.0,0.09,79.7,0.1,33.9,0.91,79.7,0.9,33.9,0.92,0.75,0.93,19.0,0.02,0.01,622.567779,1776346646000
1776346652.262,152.262,0.07,12.89,0.06,21.0,0.08,40.29,0.09,95.68,0.91,79.7,0.9,33.9,0.93,17.2,0.94,21.0,0.01,0.02,622.55754,1776346650000
1776346653.293,153.293,0.06,21.0,0.05,25.0,0.08,40.29,0.09,95.68,0.92,40.29,0.91,95.68,0.93,12.89,0.94,21.0,0.02,0.01,622.55892,1776346652000
1776346658.923,158.923,0.06,15.68,0.05,25.0,0.07,83.9,0.08,51.15,0.92,40.29,0.91,95.68,0.94,21.0,0.95,25.0,0.01,0.02,622.56347,1776346657000
1776346659.436,159.436,0.05,25.0,0.04,36.0,0.07,83.9,0.08,51.15,0.93,83.9,0.92,51.15,0.94,15.68,0.95,25.0,0.02,0.01,622.57451,1776346658000
1776346663.533,163.533,0.05,0.24,0.04,36.0,0.06,87.1,0.07,55.65,0.93,83.9,0.92,51.15,0.95,25.0,0.96,36.0,0.01,0.02,622.48716,1776346662000
1776346665.062,165.062,0.04,16.23,0.03,38.0,0.06,97.73,0.07,44.9,0.94,87.1,0.93,55.65,0.95,0.24,0.96,36.0,0.02,0.01,622.48501,1776346663000
1776346665.859,165.859,0.04,14.69,0.03,38.0,0.05,59.7,0.06,97.73,0.94,97.73,0.93,44.9,0.96,16.23,0.97,38.0,0.01,0.02,622.459422,1776346664000
1776346671.284,171.284,0.04,9.41,0.03,38.0,0.05,59.7,0.06,97.73,0.95,59.7,0.94,97.73,0.96,14.69,0.97,38.0,0.01,0.01,622.26282,1776346670000
1776346672.581,172.581,0.04,3.31,0.03,38.0,0.05,59.7,0.06,97.73,0.95,59.7,0.94,97.73,0.96,9.41,0.97,38.0,0.01,0.01,622.23917,1776346671000
1776346674.221,174.221,0.03,28.36,0.02,209.69,0.05,70.22,0.06,87.1,0.95,59.7,0.94,97.73,0.96,3.31,0.97,38.0,0.02,0.01,622.220015,1776346673000
1776346686.395,186.395,0.03,86.04,0.02,209.69,0.05,10.52,0.06,36.0,0.95,70.22,0.94,87.1,0.97,28.36,0.98,209.69,0.02,0.02,622.584285,1776346685000
1776346691.042,191.042,0.04,5.0,0.03,91.04,0.06,27.16,0.07,5.0,0.94,36.0,0.93,5.0,0.96,5.0,0.97,91.04,0.02,0.02,622.613542,1776346689000
1776346693.641,193.641,0.05,1.63,0.04,5.0,0.06,34.0,0.07,5.0,0.94,27.16,0.93,5.0,0.96,5.0,0.97,91.04,0.01,0.02,622.60766,1776346692000
1776346700.631,200.631,0.06,5.0,0.05,5.0,0.07,29.0,0.08,40.29,0.94,34.0,0.93,5.0,0.95,1.63,0.96,5.0,0.01,0.01,622.687435,1776346699000
1776346701.898,201.898,0.07,4.73,0.06,5.0,0.11,5.0,0.12,26.0,0.93,29.0,0.92,40.29,0.94,5.0,0.95,5.0,0.04,0.01,622.693802,1776346700000
1776346703.551,203.551,0.05,54.7,0.04,72.7,0.07,5.0,0.08,5.0,0.89,5.0,0.88,26.0,0.93,4.73,0.94,5.0,0.02,0.04,622.784861,1776346702000
1776346707.336,207.336,0.07,5.0,0.06,5.0,0.08,5.0,0.09,5.0,0.93,5.0,0.92,5.0,0.95,54.7,0.96,72.7,0.01,0.02,622.816406,1776346706000
1776346709.395,209.395,0.07,5.0,0.05,5.0,0.09,5.0,0.1,5.0,0.92,5.0,0.91,5.0,0.93,5.0,0.94,5.0,0.02,0.01,622.81828,1776346708000
1776346711.625,211.625,0.07,5.0,0.05,5.0,0.09,5.0,0.1,5.0,0.91,5.0,0.9,5.0,0.93,5.0,0.95,5.0,0.02,0.02,622.805463,1776346710000
1776346717.076,217.076,0.06,2.5,0.05,5.0,0.08,5.0,0.09,5.0,0.91,5.0,0.9,5.0,0.93,5.0,0.95,5.0,0.02,0.02,622.841,1776346716000
1776346732.083,232.083,0.02,59.9,0.01,410.0,0.03,89.3,0.04,72.7,0.92,5.0,0.91,5.0,0.94,2.5,0.95,5.0,0.01,0.02,622.39352,1776346731000
1776346732.372,232.372,0.02,58.87,0.01,410.0,0.03,89.3,0.04,72.7,0.97,89.3,0.96,72.7,0.98,59.9,0.99,410.0,0.01,0.01,622.39352,1776346731000
1776346732.889,232.889,0.02,7.87,0.01,410.0,0.03,89.3,0.04,72.7,0.97,89.3,0.96,72.7,0.98,58.87,0.99,410.0,0.01,0.01,622.39352,1776346731000
1776346735.912,235.912,0.01,367.87,,,0.03,89.3,0.04,72.7,0.97,89.3,0.96,72.7,0.98,7.87,0.99,410.0,0.02,0.01,622.388315,1776346734000
1776346736.908,236.908,0.01,365.84,,,0.02,132.69,0.03,94.3,0.97,89.3,0.96,72.7,0.99,367.87,,,0.01,0.02,622.357802,1776346735000
1776346738.21,238.21,0.01,293.67,,,0.02,132.69,0.03,94.3,0.98,132.69,0.97,94.3,0.99,365.84,,,0.01,0.01,622.344026,1776346737000
1776346738.533,238.533,,,,,0.01,706.33,0.02,132.69,0.98,132.69,0.97,94.3,0.99,293.67,,,,0.01,622.344026,1776346737000
1776346738.899,238.899,,,,,0.01,709.86,0.02,137.69,0.99,706.33,0.98,132.69,,,,,,,622.344026,1776346737000
1776346739.286,239.286,,,,,0.01,706.44,0.02,137.69,0.99,709.86,0.98,137.69,,,,,,,622.343628,1776346738000
1776346741.172,241.172,,,,,0.01,960.98,0.02,137.69,0.99,706.44,0.98,137.69,,,,,,,622.319547,1776346739000

# RESULT,winner=Down,slug=bnb-updown-5m-1776346500,ticks=69
