timestamp,elapsed_sec,up_bid_p1,up_bid_s1,up_bid_p2,up_bid_s2,up_ask_p1,up_ask_s1,up_ask_p2,up_ask_s2,down_bid_p1,down_bid_s1,down_bid_p2,down_bid_s2,down_ask_p1,down_ask_s1,down_ask_p2,down_ask_s2,up_spread,down_spread,bnb_price,bnb_oracle_ts
1776380401.194,1.194,0.41,5.0,0.4,65.0,0.49,85.2,0.59,5.0,0.51,85.2,0.41,5.0,0.59,5.0,0.6,65.0,0.08,0.08,633.524142,1776380400000
1776380402.298,2.298,0.41,5.0,0.4,65.0,0.49,85.2,0.59,5.0,0.51,85.2,0.41,5.0,0.59,5.0,0.6,65.0,0.08,0.08,633.480216,1776380401000
1776380404.069,4.069,0.41,5.0,0.4,65.0,0.49,85.2,0.59,5.0,0.51,85.2,0.41,5.0,0.59,5.0,0.6,65.0,0.08,0.08,633.42686,1776380403000
1776380405.216,5.216,0.15,33.0,0.11,150.0,0.41,50.0,0.48,9.0,0.51,85.2,0.41,5.0,0.59,5.0,0.6,65.0,0.26,0.08,633.42686,1776380403000
1776380406.401,6.401,0.15,33.0,0.11,150.0,0.41,50.0,0.48,9.0,0.59,50.0,0.52,9.0,0.85,33.0,0.89,150.0,0.26,0.26,633.274531,1776380405000
1776380407.07,7.07,0.15,33.0,0.11,150.0,0.41,50.0,0.48,9.0,0.59,50.0,0.52,9.0,0.85,33.0,0.89,150.0,0.26,0.26,633.272393,1776380406000
1776380408.294,8.294,0.15,33.0,0.11,150.0,0.41,50.0,0.48,9.0,0.59,50.0,0.52,9.0,0.85,33.0,0.89,150.0,0.26,0.26,633.26941,1776380407000
1776380409.383,9.383,0.15,33.0,0.11,150.0,0.41,50.0,0.48,9.0,0.59,50.0,0.52,9.0,0.85,33.0,0.89,150.0,0.26,0.26,633.269371,1776380408000
1776380410.006,10.006,0.15,33.0,0.11,150.0,0.41,50.0,0.48,9.0,0.59,50.0,0.52,9.0,0.85,33.0,0.89,150.0,0.26,0.26,633.257756,1776380409000
1776380411.272,11.272,0.15,33.0,0.11,150.0,0.41,50.0,0.48,9.0,0.59,50.0,0.52,9.0,0.85,33.0,0.89,150.0,0.26,0.26,633.24767,1776380410000
1776380411.62,11.62,0.25,5.0,0.22,22.0,0.34,5.0,0.35,49.0,0.59,50.0,0.52,9.0,0.85,33.0,0.89,150.0,0.09,0.26,633.24767,1776380410000
1776380412.443,12.443,0.25,5.0,0.22,22.0,0.34,5.0,0.35,49.0,0.66,5.0,0.65,49.0,0.75,5.0,0.78,22.0,0.09,0.09,633.247768,1776380411000
1776380413.091,13.091,0.25,5.0,0.22,22.0,0.34,5.0,0.35,49.0,0.66,5.0,0.65,49.0,0.75,5.0,0.78,22.0,0.09,0.09,633.247795,1776380412000
1776380414.314,14.314,0.25,5.0,0.22,22.0,0.34,5.0,0.35,49.0,0.66,5.0,0.65,49.0,0.75,5.0,0.78,22.0,0.09,0.09,633.245254,1776380413000
1776380415.456,15.456,0.25,5.0,0.22,22.0,0.34,5.0,0.35,49.0,0.66,5.0,0.65,49.0,0.75,5.0,0.78,22.0,0.09,0.09,633.245254,1776380414000
1776380416.191,16.191,0.25,5.0,0.22,22.0,0.34,5.0,0.35,49.0,0.66,5.0,0.65,49.0,0.75,5.0,0.78,22.0,0.09,0.09,633.245784,1776380415000
1776380417.267,17.267,0.25,5.0,0.22,22.0,0.34,5.0,0.35,49.0,0.66,5.0,0.65,49.0,0.75,5.0,0.78,22.0,0.09,0.09,633.246604,1776380416000
1776380417.973,17.973,0.25,5.0,0.22,22.0,0.34,5.0,0.35,49.0,0.66,5.0,0.65,49.0,0.75,5.0,0.78,22.0,0.09,0.09,633.244909,1776380417000
1776380420.091,20.091,0.25,5.0,0.22,22.0,0.34,5.0,0.35,49.0,0.66,5.0,0.65,49.0,0.75,5.0,0.78,22.0,0.09,0.09,633.237719,1776380418000
1776380420.649,20.649,0.25,5.0,0.22,22.0,0.34,5.0,0.35,49.0,0.66,5.0,0.65,49.0,0.75,5.0,0.78,22.0,0.09,0.09,633.24391,1776380419000
1776380421.208,21.208,0.25,5.0,0.22,22.0,0.34,5.0,0.35,49.0,0.66,5.0,0.65,49.0,0.75,5.0,0.78,22.0,0.09,0.09,633.247576,1776380420000
1776380422.199,22.199,0.25,5.0,0.22,22.0,0.34,5.0,0.35,49.0,0.66,5.0,0.65,49.0,0.75,5.0,0.78,22.0,0.09,0.09,633.247541,1776380421000
1776380423.452,23.452,0.25,5.0,0.22,22.0,0.34,5.0,0.35,49.0,0.66,5.0,0.65,49.0,0.75,5.0,0.78,22.0,0.09,0.09,633.24758,1776380422000
1776380424.121,24.121,0.25,5.0,0.22,22.0,0.34,5.0,0.35,49.0,0.66,5.0,0.65,49.0,0.75,5.0,0.78,22.0,0.09,0.09,633.248656,1776380423000
1776380425.397,25.397,0.25,5.0,0.22,22.0,0.34,5.0,0.35,49.0,0.66,5.0,0.65,49.0,0.75,5.0,0.78,22.0,0.09,0.09,633.249382,1776380424000
1776380425.947,25.947,0.25,5.0,0.22,22.0,0.34,5.0,0.35,49.0,0.66,5.0,0.65,49.0,0.75,5.0,0.78,22.0,0.09,0.09,633.249382,1776380425000
1776380427.061,27.061,0.25,5.0,0.22,22.0,0.34,5.0,0.35,49.0,0.66,5.0,0.65,49.0,0.75,5.0,0.78,22.0,0.09,0.09,633.249209,1776380426000
1776380428.141,28.141,0.25,5.0,0.22,22.0,0.34,5.0,0.35,49.0,0.66,5.0,0.65,49.0,0.75,5.0,0.78,22.0,0.09,0.09,633.248335,1776380427000
1776380429.8,29.8,0.25,5.0,0.22,22.0,0.34,5.0,0.35,49.0,0.66,5.0,0.65,49.0,0.75,5.0,0.78,22.0,0.09,0.09,633.249293,1776380428000
1776380430.255,30.255,0.25,5.0,0.22,22.0,0.34,5.0,0.35,49.0,0.66,5.0,0.65,49.0,0.75,5.0,0.78,22.0,0.09,0.09,633.249269,1776380429000
1776380431.528,31.528,0.25,5.0,0.22,22.0,0.34,5.0,0.35,49.0,0.66,5.0,0.65,49.0,0.75,5.0,0.78,22.0,0.09,0.09,633.212951,1776380430000
1776380432.095,32.095,0.25,5.0,0.22,22.0,0.34,5.0,0.35,49.0,0.66,5.0,0.65,49.0,0.75,5.0,0.78,22.0,0.09,0.09,633.18863,1776380431000
1776380433.165,33.165,0.25,5.0,0.22,22.0,0.34,5.0,0.35,49.0,0.66,5.0,0.65,49.0,0.75,5.0,0.78,22.0,0.09,0.09,633.188661,1776380432000
1776380434.079,34.079,0.25,5.0,0.22,22.0,0.34,5.0,0.35,49.0,0.66,5.0,0.65,49.0,0.75,5.0,0.78,22.0,0.09,0.09,633.19753,1776380433000
1776380435.177,35.177,0.25,5.0,0.22,22.0,0.34,5.0,0.35,49.0,0.66,5.0,0.65,49.0,0.75,5.0,0.78,22.0,0.09,0.09,633.21001,1776380434000
1776380436.924,36.924,0.25,5.0,0.22,22.0,0.34,5.0,0.35,49.0,0.66,5.0,0.65,49.0,0.75,5.0,0.78,22.0,0.09,0.09,633.21448,1776380435000
1776380437.686,37.686,0.25,5.0,0.22,22.0,0.34,5.0,0.35,49.0,0.66,5.0,0.65,49.0,0.75,5.0,0.78,22.0,0.09,0.09,633.21296,1776380436000
1776380438.322,38.322,0.25,5.0,0.22,22.0,0.34,5.0,0.35,49.0,0.66,5.0,0.65,49.0,0.75,5.0,0.78,22.0,0.09,0.09,633.21984,1776380437000
1776380439.21,39.21,0.25,5.0,0.22,22.0,0.34,5.0,0.35,49.0,0.66,5.0,0.65,49.0,0.75,5.0,0.78,22.0,0.09,0.09,633.222268,1776380438000
1776380440.707,40.707,0.25,5.0,0.22,22.0,0.34,5.0,0.35,49.0,0.66,5.0,0.65,49.0,0.75,5.0,0.78,22.0,0.09,0.09,633.21862,1776380439000
1776380441.409,41.409,0.25,5.0,0.22,22.0,0.34,5.0,0.35,49.0,0.66,5.0,0.65,49.0,0.75,5.0,0.78,22.0,0.09,0.09,633.213205,1776380440000
1776380442.183,42.183,0.25,5.0,0.22,22.0,0.34,5.0,0.35,49.0,0.66,5.0,0.65,49.0,0.75,5.0,0.78,22.0,0.09,0.09,633.207568,1776380441000
1776380443.599,43.599,0.25,5.0,0.22,22.0,0.34,5.0,0.35,49.0,0.66,5.0,0.65,49.0,0.75,5.0,0.78,22.0,0.09,0.09,633.20713,1776380442000
1776380444.429,44.429,0.25,5.0,0.22,22.0,0.34,5.0,0.35,49.0,0.66,5.0,0.65,49.0,0.75,5.0,0.78,22.0,0.09,0.09,633.201252,1776380443000
1776380445.204,45.204,0.25,5.0,0.22,22.0,0.34,5.0,0.35,49.0,0.66,5.0,0.65,49.0,0.75,5.0,0.78,22.0,0.09,0.09,633.201169,1776380444000
1776380446.549,46.549,0.25,5.0,0.22,22.0,0.34,5.0,0.35,49.0,0.66,5.0,0.65,49.0,0.75,5.0,0.78,22.0,0.09,0.09,633.200966,1776380445000
1776380447.253,47.253,0.25,5.0,0.22,22.0,0.34,5.0,0.35,49.0,0.66,5.0,0.65,49.0,0.75,5.0,0.78,22.0,0.09,0.09,633.205965,1776380446000
1776380448.838,48.838,0.25,5.0,0.22,22.0,0.34,5.0,0.35,49.0,0.66,5.0,0.65,49.0,0.75,5.0,0.78,22.0,0.09,0.09,633.209047,1776380447000
1776380449.722,49.722,0.25,5.0,0.22,22.0,0.34,5.0,0.35,49.0,0.66,5.0,0.65,49.0,0.75,5.0,0.78,22.0,0.09,0.09,633.224442,1776380448000
1776380450.508,50.508,0.25,5.0,0.22,22.0,0.34,5.0,0.35,49.0,0.66,5.0,0.65,49.0,0.75,5.0,0.78,22.0,0.09,0.09,633.227537,1776380449000
1776380451.266,51.266,0.25,5.0,0.22,22.0,0.34,5.0,0.35,49.0,0.66,5.0,0.65,49.0,0.75,5.0,0.78,22.0,0.09,0.09,633.227537,1776380450000
1776380452.848,52.848,0.25,5.0,0.22,22.0,0.34,5.0,0.35,49.0,0.66,5.0,0.65,49.0,0.75,5.0,0.78,22.0,0.09,0.09,633.221487,1776380451000
1776380453.584,53.584,0.25,5.0,0.22,22.0,0.34,5.0,0.35,49.0,0.66,5.0,0.65,49.0,0.75,5.0,0.78,22.0,0.09,0.09,633.261471,1776380452000
1776380455.026,55.026,0.25,5.0,0.22,22.0,0.34,5.0,0.35,49.0,0.66,5.0,0.65,49.0,0.75,5.0,0.78,22.0,0.09,0.09,633.252083,1776380453000
1776380455.894,55.894,0.25,5.0,0.22,22.0,0.34,5.0,0.35,49.0,0.66,5.0,0.65,49.0,0.75,5.0,0.78,22.0,0.09,0.09,633.251859,1776380454000
1776380456.681,56.681,0.25,5.0,0.22,22.0,0.34,5.0,0.35,49.0,0.66,5.0,0.65,49.0,0.75,5.0,0.78,22.0,0.09,0.09,633.265189,1776380455000
1776380457.424,57.424,0.25,5.0,0.22,22.0,0.34,5.0,0.35,49.0,0.66,5.0,0.65,49.0,0.75,5.0,0.78,22.0,0.09,0.09,633.283145,1776380456000
1776380458.136,58.136,0.25,5.0,0.22,22.0,0.34,5.0,0.35,49.0,0.66,5.0,0.65,49.0,0.75,5.0,0.78,22.0,0.09,0.09,633.30263,1776380457000
1776380459.441,59.441,0.25,5.0,0.22,22.0,0.34,5.0,0.35,49.0,0.66,5.0,0.65,49.0,0.75,5.0,0.78,22.0,0.09,0.09,633.298904,1776380458000
1776380460.05,60.05,0.25,5.0,0.22,22.0,0.34,5.0,0.35,49.0,0.66,5.0,0.65,49.0,0.75,5.0,0.78,22.0,0.09,0.09,633.299045,1776380459000
1776380461.27,61.27,0.25,5.0,0.22,22.0,0.34,5.0,0.35,49.0,0.66,5.0,0.65,49.0,0.75,5.0,0.78,22.0,0.09,0.09,633.33178,1776380460000
1776380462.443,62.443,0.25,5.0,0.22,22.0,0.34,5.0,0.35,49.0,0.66,5.0,0.65,49.0,0.75,5.0,0.78,22.0,0.09,0.09,633.336178,1776380461000
1776380463.109,63.109,0.25,5.0,0.22,22.0,0.34,5.0,0.35,49.0,0.66,5.0,0.65,49.0,0.75,5.0,0.78,22.0,0.09,0.09,633.337624,1776380462000
1776380464.236,64.236,0.25,5.0,0.22,22.0,0.34,5.0,0.35,49.0,0.66,5.0,0.65,49.0,0.75,5.0,0.78,22.0,0.09,0.09,633.36816,1776380463000
1776380465.347,65.347,0.25,5.0,0.22,22.0,0.34,5.0,0.35,49.0,0.66,5.0,0.65,49.0,0.75,5.0,0.78,22.0,0.09,0.09,633.38225,1776380464000
1776380465.977,65.977,0.25,5.0,0.22,22.0,0.34,5.0,0.35,49.0,0.66,5.0,0.65,49.0,0.75,5.0,0.78,22.0,0.09,0.09,633.39781,1776380465000
1776380467.185,67.185,0.25,5.0,0.22,22.0,0.34,5.0,0.35,49.0,0.66,5.0,0.65,49.0,0.75,5.0,0.78,22.0,0.09,0.09,633.413325,1776380466000
1776380468.375,68.375,0.25,5.0,0.22,22.0,0.34,5.0,0.35,49.0,0.66,5.0,0.65,49.0,0.75,5.0,0.78,22.0,0.09,0.09,633.411477,1776380467000
1776380469.526,69.526,0.25,5.0,0.22,22.0,0.34,5.0,0.35,49.0,0.66,5.0,0.65,49.0,0.75,5.0,0.78,22.0,0.09,0.09,633.407437,1776380468000
1776380470.17,70.17,0.25,5.0,0.22,22.0,0.34,5.0,0.35,49.0,0.66,5.0,0.65,49.0,0.75,5.0,0.78,22.0,0.09,0.09,633.409667,1776380469000
1776380471.415,71.415,0.25,5.0,0.22,22.0,0.34,5.0,0.35,49.0,0.66,5.0,0.65,49.0,0.75,5.0,0.78,22.0,0.09,0.09,633.42163,1776380470000
1776380472.044,72.044,0.25,5.0,0.22,22.0,0.34,5.0,0.35,49.0,0.66,5.0,0.65,49.0,0.75,5.0,0.78,22.0,0.09,0.09,633.42356,1776380471000
1776380473.34,73.34,0.25,5.0,0.22,22.0,0.34,5.0,0.35,49.0,0.66,5.0,0.65,49.0,0.75,5.0,0.78,22.0,0.09,0.09,633.429872,1776380472000
1776380473.875,73.875,0.25,5.0,0.22,22.0,0.34,5.0,0.35,49.0,0.66,5.0,0.65,49.0,0.75,5.0,0.78,22.0,0.09,0.09,633.45314,1776380473000
1776380475.038,75.038,0.25,5.0,0.22,22.0,0.34,5.0,0.35,49.0,0.66,5.0,0.65,49.0,0.75,5.0,0.78,22.0,0.09,0.09,633.45277,1776380474000
1776380476.287,76.287,0.25,5.0,0.22,22.0,0.34,5.0,0.35,49.0,0.66,5.0,0.65,49.0,0.75,5.0,0.78,22.0,0.09,0.09,633.45273,1776380475000
1776380477.488,77.488,0.25,5.0,0.22,22.0,0.34,5.0,0.35,49.0,0.66,5.0,0.65,49.0,0.75,5.0,0.78,22.0,0.09,0.09,633.45145,1776380476000
1776380478.064,78.064,0.25,5.0,0.22,22.0,0.34,5.0,0.35,49.0,0.66,5.0,0.65,49.0,0.75,5.0,0.78,22.0,0.09,0.09,633.45143,1776380477000
1776380479.231,79.231,0.25,5.0,0.22,22.0,0.34,5.0,0.35,49.0,0.66,5.0,0.65,49.0,0.75,5.0,0.78,22.0,0.09,0.09,633.428912,1776380478000
1776380480.538,80.538,0.25,5.0,0.22,22.0,0.34,5.0,0.35,49.0,0.66,5.0,0.65,49.0,0.75,5.0,0.78,22.0,0.09,0.09,633.43328,1776380479000
1776380481.183,81.183,0.25,5.0,0.22,22.0,0.34,5.0,0.35,49.0,0.66,5.0,0.65,49.0,0.75,5.0,0.78,22.0,0.09,0.09,633.431221,1776380480000
1776380482.394,82.394,0.25,5.0,0.22,22.0,0.34,5.0,0.35,49.0,0.66,5.0,0.65,49.0,0.75,5.0,0.78,22.0,0.09,0.09,633.44329,1776380481000
1776380483.031,83.031,0.25,5.0,0.22,22.0,0.34,5.0,0.35,49.0,0.66,5.0,0.65,49.0,0.75,5.0,0.78,22.0,0.09,0.09,633.44224,1776380482000
1776380484.342,84.342,0.25,5.0,0.22,22.0,0.34,5.0,0.35,49.0,0.66,5.0,0.65,49.0,0.75,5.0,0.78,22.0,0.09,0.09,633.39599,1776380483000
1776380485.236,85.236,0.25,5.0,0.22,22.0,0.34,5.0,0.35,49.0,0.66,5.0,0.65,49.0,0.75,5.0,0.78,22.0,0.09,0.09,633.41393,1776380484000
1776380486.465,86.465,0.25,5.0,0.22,22.0,0.34,5.0,0.35,49.0,0.66,5.0,0.65,49.0,0.75,5.0,0.78,22.0,0.09,0.09,633.404446,1776380485000
1776380488.471,88.471,0.25,5.0,0.22,22.0,0.34,5.0,0.35,49.0,0.66,5.0,0.65,49.0,0.75,5.0,0.78,22.0,0.09,0.09,633.403475,1776380486000
1776380489.304,89.304,0.26,12.41,0.25,23.9,0.36,5.0,0.37,10.0,0.66,5.0,0.65,49.0,0.75,5.0,0.78,22.0,0.1,0.09,633.403475,1776380486000
1776380489.586,89.586,0.26,6.41,0.25,23.9,0.36,5.0,0.37,10.0,0.64,5.0,0.63,10.0,0.74,12.41,0.75,23.9,0.1,0.1,633.309104,1776380488000
1776380490.492,90.492,0.26,6.41,0.25,23.9,0.36,5.0,0.37,10.0,0.64,5.0,0.63,10.0,0.74,6.41,0.75,23.9,0.1,0.1,633.29695,1776380489000
1776380491.609,91.609,0.26,6.41,0.25,23.9,0.36,5.0,0.37,10.0,0.64,5.0,0.63,10.0,0.74,6.41,0.75,23.9,0.1,0.1,633.29932,1776380490000
1776380492.595,92.595,0.26,6.41,0.25,23.9,0.36,5.0,0.37,10.0,0.64,5.0,0.63,10.0,0.74,6.41,0.75,23.9,0.1,0.1,633.2991,1776380491000
1776380493.54,93.54,0.26,6.41,0.25,23.9,0.36,5.0,0.37,10.0,0.64,5.0,0.63,10.0,0.74,6.41,0.75,23.9,0.1,0.1,633.300174,1776380492000
1776380494.083,94.083,0.23,14.7,0.22,15.2,0.29,7.86,0.31,10.0,0.64,5.0,0.63,10.0,0.74,6.41,0.75,23.9,0.06,0.1,633.300174,1776380492000
1776380494.477,94.477,0.23,14.7,0.22,15.2,0.29,7.86,0.31,10.0,0.71,7.86,0.69,10.0,0.77,14.7,0.78,15.2,0.06,0.06,633.32158,1776380493000
1776380495.695,95.695,0.23,14.7,0.22,15.2,0.29,7.86,0.31,10.0,0.71,7.86,0.69,10.0,0.77,14.7,0.78,15.2,0.06,0.06,633.320198,1776380494000
1776380497.124,97.124,0.23,14.7,0.22,15.2,0.29,7.86,0.31,10.0,0.71,7.86,0.69,10.0,0.77,14.7,0.78,15.2,0.06,0.06,633.287615,1776380495000
1776380497.394,97.394,0.26,13.5,0.25,18.9,0.27,0.81,0.37,15.0,0.71,7.86,0.69,10.0,0.77,14.7,0.78,15.2,0.01,0.06,633.287615,1776380495000
1776380498.141,98.141,0.26,13.5,0.25,18.9,0.27,0.81,0.37,15.0,0.73,0.81,0.63,15.0,0.74,13.5,0.75,18.9,0.01,0.01,633.291565,1776380496000
1776380499.269,99.269,0.26,13.5,0.25,18.9,0.27,0.81,0.37,15.0,0.73,0.81,0.63,15.0,0.74,13.5,0.75,18.9,0.01,0.01,633.302958,1776380497000
1776380500.196,100.196,0.26,13.5,0.25,18.9,0.27,0.81,0.37,15.0,0.73,0.81,0.63,15.0,0.74,13.5,0.75,18.9,0.01,0.01,633.320198,1776380499000
1776380502.168,102.168,0.26,13.5,0.25,18.9,0.27,0.81,0.37,15.0,0.73,0.81,0.63,15.0,0.74,13.5,0.75,18.9,0.01,0.01,633.328277,1776380501000
1776380504.167,104.167,0.26,13.5,0.25,18.9,0.27,0.81,0.37,15.0,0.73,0.81,0.63,15.0,0.74,13.5,0.75,18.9,0.01,0.01,633.327721,1776380502000
1776380504.93,104.93,0.26,13.5,0.25,18.9,0.27,0.81,0.37,15.0,0.73,0.81,0.63,15.0,0.74,13.5,0.75,18.9,0.01,0.01,633.331456,1776380503000
1776380505.678,105.678,0.26,13.5,0.25,18.9,0.27,0.81,0.37,15.0,0.73,0.81,0.63,15.0,0.74,13.5,0.75,18.9,0.01,0.01,633.331415,1776380504000
1776380506.37,106.37,0.26,13.5,0.25,18.9,0.27,0.81,0.37,15.0,0.73,0.81,0.63,15.0,0.74,13.5,0.75,18.9,0.01,0.01,633.316759,1776380505000
1776380507.317,107.317,0.26,13.5,0.25,18.9,0.27,0.81,0.37,15.0,0.73,0.81,0.63,15.0,0.74,13.5,0.75,18.9,0.01,0.01,633.316205,1776380506000
1776380507.976,107.976,0.3,10.0,0.26,13.5,0.32,2.0,0.43,10.0,0.73,0.81,0.63,15.0,0.74,13.5,0.75,18.9,0.02,0.01,633.316205,1776380506000
1776380508.366,108.366,0.31,5.0,0.3,10.0,0.33,4.0,0.42,5.0,0.68,2.0,0.57,10.0,0.7,10.0,0.74,13.5,0.02,0.02,633.335763,1776380507000
1776380509.477,109.477,0.27,13.2,0.26,13.5,0.33,4.0,0.42,5.0,0.67,4.0,0.58,5.0,0.73,13.2,0.74,13.5,0.06,0.06,633.3622,1776380508000
1776380510.309,110.309,0.27,13.2,0.26,13.5,0.33,4.0,0.42,5.0,0.67,4.0,0.58,5.0,0.73,13.2,0.74,13.5,0.06,0.06,633.387219,1776380509000
1776380511.361,111.361,0.27,13.2,0.26,13.5,0.33,4.0,0.42,5.0,0.67,4.0,0.58,5.0,0.73,13.2,0.74,13.5,0.06,0.06,633.400433,1776380510000
1776380511.896,111.896,0.27,13.2,0.26,13.5,0.33,4.0,0.42,5.0,0.67,4.0,0.58,5.0,0.73,13.2,0.74,13.5,0.06,0.06,633.396885,1776380511000
1776380512.868,112.868,0.27,13.2,0.26,13.5,0.33,4.0,0.42,5.0,0.67,4.0,0.58,5.0,0.73,13.2,0.74,13.5,0.06,0.06,633.386692,1776380512000
1776380513.912,113.912,0.27,13.2,0.26,13.5,0.33,4.0,0.42,5.0,0.67,4.0,0.58,5.0,0.73,13.2,0.74,13.5,0.06,0.06,633.385407,1776380513000
1776380514.951,114.951,0.27,13.2,0.26,13.5,0.33,4.0,0.42,5.0,0.67,4.0,0.58,5.0,0.73,13.2,0.74,13.5,0.06,0.06,633.402219,1776380514000
1776380515.941,115.941,0.27,13.2,0.26,13.5,0.33,4.0,0.42,5.0,0.67,4.0,0.58,5.0,0.73,13.2,0.74,13.5,0.06,0.06,633.419698,1776380515000
1776380517.007,117.007,0.27,13.2,0.26,13.5,0.33,4.0,0.42,5.0,0.67,4.0,0.58,5.0,0.73,13.2,0.74,13.5,0.06,0.06,633.419457,1776380516000
1776380518.005,118.005,0.27,13.2,0.26,13.5,0.33,4.0,0.42,5.0,0.67,4.0,0.58,5.0,0.73,13.2,0.74,13.5,0.06,0.06,633.400873,1776380517000
1776380519.03,119.03,0.27,13.2,0.26,13.5,0.33,4.0,0.42,5.0,0.67,4.0,0.58,5.0,0.73,13.2,0.74,13.5,0.06,0.06,633.396076,1776380518000
1776380519.927,119.927,0.27,13.2,0.26,13.5,0.33,4.0,0.42,5.0,0.67,4.0,0.58,5.0,0.73,13.2,0.74,13.5,0.06,0.06,633.402995,1776380519000
1776380521.074,121.074,0.27,13.2,0.26,13.5,0.33,4.0,0.42,5.0,0.67,4.0,0.58,5.0,0.73,13.2,0.74,13.5,0.06,0.06,633.399234,1776380520000
1776380522.093,122.093,0.27,13.2,0.26,13.5,0.33,4.0,0.42,5.0,0.67,4.0,0.58,5.0,0.73,13.2,0.74,13.5,0.06,0.06,633.40402,1776380521000
1776380523.112,123.112,0.32,16.9,0.31,62.2,0.36,1.44,0.41,5.0,0.67,4.0,0.58,5.0,0.73,13.2,0.74,13.5,0.04,0.06,633.40402,1776380521000
1776380524.835,124.835,0.32,16.9,0.31,62.2,0.36,1.44,0.41,5.0,0.64,1.44,0.59,5.0,0.68,16.9,0.69,62.2,0.04,0.04,633.407371,1776380523000
1776380525.534,125.534,0.32,16.9,0.31,62.2,0.36,1.44,0.41,5.0,0.64,1.44,0.59,5.0,0.68,16.9,0.69,62.2,0.04,0.04,633.388632,1776380524000
1776380526.185,126.185,0.32,16.9,0.31,62.2,0.36,1.44,0.41,5.0,0.64,1.44,0.59,5.0,0.68,16.9,0.69,62.2,0.04,0.04,633.390099,1776380525000
1776380527.361,127.361,0.32,16.9,0.31,62.2,0.36,1.44,0.41,5.0,0.64,1.44,0.59,5.0,0.68,16.9,0.69,62.2,0.04,0.04,633.393341,1776380526000
1776380528.04,128.04,0.32,16.9,0.31,62.2,0.36,1.44,0.41,5.0,0.64,1.44,0.59,5.0,0.68,16.9,0.69,62.2,0.04,0.04,633.3911,1776380527000
1776380529.207,129.207,0.32,16.9,0.31,62.2,0.36,1.44,0.41,5.0,0.64,1.44,0.59,5.0,0.68,16.9,0.69,62.2,0.04,0.04,633.392007,1776380528000
1776380530.25,130.25,0.32,16.9,0.31,62.2,0.36,1.44,0.41,5.0,0.64,1.44,0.59,5.0,0.68,16.9,0.69,62.2,0.04,0.04,633.386334,1776380529000
1776380531.431,131.431,0.32,16.9,0.31,62.2,0.36,1.44,0.41,5.0,0.64,1.44,0.59,5.0,0.68,16.9,0.69,62.2,0.04,0.04,633.376435,1776380530000
1776380532.064,132.064,0.32,16.9,0.31,62.2,0.36,1.44,0.41,5.0,0.64,1.44,0.59,5.0,0.68,16.9,0.69,62.2,0.04,0.04,633.3477,1776380531000
1776380533.052,133.052,0.32,16.9,0.31,62.2,0.36,1.44,0.41,5.0,0.64,1.44,0.59,5.0,0.68,16.9,0.69,62.2,0.04,0.04,633.324,1776380532000
1776380534.07,134.07,0.32,16.9,0.31,62.2,0.36,1.44,0.41,5.0,0.64,1.44,0.59,5.0,0.68,16.9,0.69,62.2,0.04,0.04,633.331,1776380533000
1776380535.333,135.333,0.32,16.9,0.31,62.2,0.36,1.44,0.41,5.0,0.64,1.44,0.59,5.0,0.68,16.9,0.69,62.2,0.04,0.04,633.336232,1776380534000
1776380536.316,136.316,0.32,16.9,0.31,62.2,0.36,1.44,0.41,5.0,0.64,1.44,0.59,5.0,0.68,16.9,0.69,62.2,0.04,0.04,633.31534,1776380535000
1776380537.39,137.39,0.32,16.9,0.31,62.2,0.36,1.44,0.41,5.0,0.64,1.44,0.59,5.0,0.68,16.9,0.69,62.2,0.04,0.04,633.308458,1776380536000
1776380538.004,138.004,0.32,16.9,0.31,62.2,0.36,1.44,0.41,5.0,0.64,1.44,0.59,5.0,0.68,16.9,0.69,62.2,0.04,0.04,633.308462,1776380537000
1776380539.479,139.479,0.32,16.9,0.31,62.2,0.36,1.44,0.41,5.0,0.64,1.44,0.59,5.0,0.68,16.9,0.69,62.2,0.04,0.04,633.299069,1776380538000
1776380539.934,139.934,0.32,16.9,0.31,62.2,0.36,1.44,0.41,5.0,0.64,1.44,0.59,5.0,0.68,16.9,0.69,62.2,0.04,0.04,633.300087,1776380539000
1776380540.972,140.972,0.32,16.9,0.31,62.2,0.36,1.44,0.41,5.0,0.64,1.44,0.59,5.0,0.68,16.9,0.69,62.2,0.04,0.04,633.301196,1776380540000
1776380542.129,142.129,0.32,16.9,0.31,62.2,0.36,1.44,0.41,5.0,0.64,1.44,0.59,5.0,0.68,16.9,0.69,62.2,0.04,0.04,633.292956,1776380541000
1776380543.279,143.279,0.32,16.9,0.31,62.2,0.36,1.44,0.41,5.0,0.64,1.44,0.59,5.0,0.68,16.9,0.69,62.2,0.04,0.04,633.298041,1776380542000
1776380544.308,144.308,0.32,16.9,0.31,62.2,0.36,1.44,0.41,5.0,0.64,1.44,0.59,5.0,0.68,16.9,0.69,62.2,0.04,0.04,633.22454,1776380543000
1776380544.97,144.97,0.32,16.9,0.31,62.2,0.36,1.44,0.41,5.0,0.64,1.44,0.59,5.0,0.68,16.9,0.69,62.2,0.04,0.04,633.19516,1776380544000
1776380546.0,146.0,0.32,16.9,0.31,62.2,0.36,1.44,0.41,5.0,0.64,1.44,0.59,5.0,0.68,16.9,0.69,62.2,0.04,0.04,633.199091,1776380545000
1776380547.097,147.097,0.32,16.9,0.31,62.2,0.36,1.44,0.41,5.0,0.64,1.44,0.59,5.0,0.68,16.9,0.69,62.2,0.04,0.04,633.195268,1776380546000
1776380548.232,148.232,0.32,16.9,0.31,62.2,0.36,1.44,0.41,5.0,0.64,1.44,0.59,5.0,0.68,16.9,0.69,62.2,0.04,0.04,633.173398,1776380547000
1776380549.148,149.148,0.32,16.9,0.31,62.2,0.36,1.44,0.41,5.0,0.64,1.44,0.59,5.0,0.68,16.9,0.69,62.2,0.04,0.04,633.161123,1776380548000
1776380549.778,149.778,0.1,37.67,0.09,42.7,0.17,29.0,0.19,16.89,0.64,1.44,0.59,5.0,0.68,16.9,0.69,62.2,0.07,0.04,633.161123,1776380548000
1776380550.213,150.213,0.1,37.67,0.09,42.7,0.17,29.0,0.19,16.89,0.83,29.0,0.81,16.89,0.9,37.67,0.91,42.7,0.07,0.07,633.160711,1776380549000
1776380551.163,151.163,0.1,37.67,0.09,42.7,0.17,29.0,0.19,16.89,0.83,29.0,0.81,16.89,0.9,37.67,0.91,42.7,0.07,0.07,633.109899,1776380550000
1776380552.148,152.148,0.1,37.67,0.09,42.7,0.17,29.0,0.19,16.89,0.83,29.0,0.81,16.89,0.9,37.67,0.91,42.7,0.07,0.07,633.109899,1776380551000
1776380553.333,153.333,0.1,37.67,0.09,42.7,0.17,29.0,0.19,16.89,0.83,29.0,0.81,16.89,0.9,37.67,0.91,42.7,0.07,0.07,633.111429,1776380552000
1776380553.966,153.966,0.1,37.67,0.09,42.7,0.17,29.0,0.19,16.89,0.83,29.0,0.81,16.89,0.9,37.67,0.91,42.7,0.07,0.07,633.111597,1776380553000
1776380555.667,155.667,0.1,37.67,0.09,42.7,0.17,29.0,0.19,16.89,0.83,29.0,0.81,16.89,0.9,37.67,0.91,42.7,0.07,0.07,633.139632,1776380554000
1776380556.307,156.307,0.1,37.67,0.09,42.7,0.17,29.0,0.19,16.89,0.83,29.0,0.81,16.89,0.9,37.67,0.91,42.7,0.07,0.07,633.139342,1776380555000
1776380557.064,157.064,0.1,37.67,0.09,42.7,0.17,29.0,0.19,16.89,0.83,29.0,0.81,16.89,0.9,37.67,0.91,42.7,0.07,0.07,633.16358,1776380556000
1776380557.692,157.692,0.1,28.78,0.09,42.7,0.12,11.2,0.16,5.0,0.83,29.0,0.81,16.89,0.9,37.67,0.91,42.7,0.02,0.07,633.16358,1776380556000
1776380558.56,158.56,0.1,28.78,0.09,42.7,0.12,11.2,0.16,5.0,0.88,11.2,0.84,5.0,0.9,28.78,0.91,42.7,0.02,0.02,633.16287,1776380557000
1776380559.314,159.314,0.1,28.78,0.09,42.7,0.12,11.2,0.16,5.0,0.88,11.2,0.84,5.0,0.9,28.78,0.91,42.7,0.02,0.02,633.127353,1776380558000
1776380560.072,160.072,0.1,28.78,0.09,42.7,0.12,11.2,0.16,5.0,0.88,11.2,0.84,5.0,0.9,28.78,0.91,42.7,0.02,0.02,633.127353,1776380559000
1776380561.181,161.181,0.1,13.44,0.09,42.7,0.12,11.2,0.16,5.0,0.88,11.2,0.84,5.0,0.9,28.78,0.91,42.7,0.02,0.02,633.127353,1776380559000
1776380561.512,161.512,0.1,13.44,0.09,42.7,0.12,11.2,0.16,5.0,0.88,11.2,0.84,5.0,0.9,13.44,0.91,42.7,0.02,0.02,633.113755,1776380560000
1776380562.176,162.176,0.1,13.44,0.09,42.7,0.12,11.2,0.16,5.0,0.88,11.2,0.84,5.0,0.9,13.44,0.91,42.7,0.02,0.02,633.147351,1776380561000
1776380562.974,162.974,0.11,634.6,0.1,13.44,0.12,8.2,0.49,80.0,0.88,11.2,0.84,5.0,0.9,13.44,0.91,42.7,0.01,0.02,633.147351,1776380561000
1776380563.469,163.469,0.81,21.0,0.61,6.0,0.85,100.0,0.87,23.0,0.18,27.0,0.15,100.0,0.29,44.84,0.59,50.0,0.04,0.11,633.147351,1776380561000
1776380563.723,163.723,0.73,18.0,0.61,34.0,0.81,44.75,0.85,100.0,0.15,100.0,0.13,23.0,0.59,21.23,0.68,16.0,0.08,0.44,633.14617,1776380562000
1776380563.978,163.978,0.41,21.23,0.32,16.0,0.71,26.0,0.81,34.75,0.19,34.75,0.15,100.0,0.27,18.0,0.39,34.0,0.3,0.08,633.14617,1776380562000
1776380564.549,164.549,0.64,5.0,0.63,38.0,0.71,61.96,0.81,34.75,0.29,18.98,0.19,34.75,0.59,71.23,0.68,16.0,0.07,0.3,633.152836,1776380563000
1776380564.859,164.859,0.62,50.0,0.51,50.0,0.71,7.37,0.81,34.75,0.29,59.14,0.19,34.75,0.36,31.6,0.38,10.0,0.09,0.07,633.152836,1776380563000
1776380565.523,165.523,0.62,50.0,0.51,50.0,0.71,7.37,0.81,34.75,0.29,7.37,0.19,34.75,0.38,50.0,0.49,50.0,0.09,0.09,634.024579,1776380564000
1776380566.236,166.236,0.62,50.0,0.51,50.0,0.71,7.37,0.81,34.75,0.29,7.37,0.19,34.75,0.38,50.0,0.49,50.0,0.09,0.09,634.075718,1776380565000
1776380566.699,166.699,0.63,7.0,0.59,41.0,0.71,0.35,0.8,6.0,0.29,7.37,0.19,34.75,0.38,50.0,0.49,50.0,0.08,0.09,634.075718,1776380565000
1776380567.598,167.598,0.63,7.0,0.59,41.0,0.71,0.35,0.8,6.0,0.29,0.35,0.2,6.0,0.37,7.0,0.41,41.0,0.08,0.08,634.10873,1776380566000
1776380567.987,167.987,0.63,26.0,0.56,10.0,0.68,13.52,0.71,0.35,0.29,0.35,0.2,6.0,0.37,7.0,0.41,41.0,0.05,0.08,634.10873,1776380566000
1776380568.382,168.382,0.63,26.0,0.56,10.0,0.68,13.52,0.71,0.35,0.32,13.52,0.29,0.35,0.37,26.0,0.44,10.0,0.05,0.05,634.084522,1776380567000
1776380568.962,168.962,0.63,26.0,0.56,10.0,0.69,10.2,0.71,0.35,0.31,10.2,0.29,0.35,0.37,26.0,0.44,10.0,0.06,0.06,634.084522,1776380568000
1776380570.406,170.406,0.63,17.0,0.54,10.0,0.68,4.97,0.69,16.0,0.32,4.97,0.31,16.0,0.37,17.0,0.46,10.0,0.05,0.05,634.102785,1776380569000
1776380571.309,171.309,0.63,17.0,0.54,10.0,0.68,4.97,0.69,16.0,0.32,4.97,0.31,16.0,0.37,17.0,0.46,10.0,0.05,0.05,634.083742,1776380570000
1776380572.315,172.315,0.63,17.0,0.54,10.0,0.68,4.97,0.69,16.0,0.32,4.97,0.31,16.0,0.37,17.0,0.46,10.0,0.05,0.05,634.08816,1776380571000
1776380572.93,172.93,0.63,17.0,0.54,10.0,0.68,4.97,0.69,16.0,0.32,4.97,0.31,16.0,0.37,17.0,0.46,10.0,0.05,0.05,634.095687,1776380572000
1776380574.07,174.07,0.63,17.0,0.54,10.0,0.68,4.97,0.69,16.0,0.32,4.97,0.31,16.0,0.37,17.0,0.46,10.0,0.05,0.05,634.091701,1776380573000
1776380575.216,175.216,0.63,17.0,0.54,10.0,0.68,4.97,0.69,16.0,0.32,4.97,0.31,16.0,0.37,17.0,0.46,10.0,0.05,0.05,634.099518,1776380574000
1776380575.447,175.447,0.63,17.0,0.58,8.0,0.74,23.49,0.81,34.75,0.32,4.97,0.31,16.0,0.37,17.0,0.46,10.0,0.11,0.05,634.099518,1776380574000
1776380576.172,176.172,0.63,17.0,0.58,8.0,0.74,23.49,0.81,34.75,0.26,23.49,0.19,34.75,0.37,17.0,0.42,8.0,0.11,0.11,634.172942,1776380575000
1776380576.418,176.418,0.63,17.0,0.57,8.0,0.74,16.73,0.81,34.75,0.26,23.49,0.19,34.75,0.37,17.0,0.42,8.0,0.11,0.11,634.172942,1776380575000
1776380577.211,177.211,0.63,17.0,0.57,8.0,0.81,34.75,0.9,10.0,0.19,34.75,0.1,10.0,0.37,17.0,0.43,8.0,0.18,0.18,634.164862,1776380576000
1776380577.762,177.762,0.63,17.0,0.61,8.0,0.77,17.46,0.81,34.75,0.19,34.75,0.1,10.0,0.37,17.0,0.43,8.0,0.14,0.18,634.164862,1776380576000
1776380578.172,178.172,0.63,17.0,0.61,8.0,0.77,16.04,0.81,34.75,0.23,17.46,0.19,34.75,0.37,17.0,0.39,8.0,0.14,0.14,634.164862,1776380576000
1776380578.392,178.392,0.63,17.0,0.61,8.0,0.77,11.04,0.81,34.75,0.23,16.04,0.19,34.75,0.37,17.0,0.39,8.0,0.14,0.14,634.21681,1776380577000
1776380578.842,178.842,0.63,17.0,0.61,8.0,0.77,11.04,0.81,34.75,0.23,11.04,0.19,34.75,0.37,17.0,0.39,8.0,0.14,0.14,634.195104,1776380578000
1776380579.078,179.078,0.63,17.0,0.61,8.0,0.81,34.75,0.9,10.0,0.23,11.04,0.19,34.75,0.37,17.0,0.39,8.0,0.18,0.14,634.195104,1776380578000
1776380579.996,179.996,0.63,17.0,0.61,8.0,0.81,34.75,0.9,10.0,0.19,34.75,0.1,10.0,0.37,17.0,0.39,8.0,0.18,0.18,634.194383,1776380579000
1776380580.51,180.51,0.63,81.0,0.62,8.0,0.78,15.26,0.81,34.75,0.22,20.71,0.19,34.75,0.37,81.0,0.38,8.0,0.15,0.15,634.194383,1776380579000
1776380580.941,180.941,0.63,81.0,0.62,8.0,0.78,15.26,0.81,34.75,0.22,15.26,0.19,34.75,0.37,81.0,0.38,8.0,0.15,0.15,634.197914,1776380580000
1776380581.941,181.941,0.74,6.0,0.64,13.0,0.81,34.75,0.9,10.0,0.22,15.26,0.19,34.75,0.37,81.0,0.38,8.0,0.07,0.15,634.197914,1776380580000
1776380583.144,183.144,0.74,6.0,0.64,13.0,0.81,34.75,0.9,10.0,0.19,34.75,0.1,10.0,0.26,6.0,0.36,13.0,0.07,0.07,634.187347,1776380582000
1776380583.398,183.398,0.74,6.0,0.64,20.0,0.78,20.58,0.81,34.75,0.19,34.75,0.1,10.0,0.26,6.0,0.36,13.0,0.04,0.07,634.187347,1776380582000
1776380584.205,184.205,0.74,6.0,0.64,20.0,0.78,20.58,0.81,34.75,0.22,20.58,0.19,34.75,0.26,6.0,0.36,20.0,0.04,0.04,634.200815,1776380583000
1776380585.217,185.217,0.74,6.0,0.64,20.0,0.78,20.58,0.81,34.75,0.22,20.58,0.19,34.75,0.26,6.0,0.36,20.0,0.04,0.04,634.188083,1776380584000
1776380586.506,186.506,0.74,6.0,0.64,20.0,0.78,20.58,0.81,34.75,0.22,20.58,0.19,34.75,0.26,6.0,0.36,20.0,0.04,0.04,634.1866,1776380585000
1776380586.776,186.776,0.72,5.0,0.6,12.0,0.81,22.23,0.89,26.6,0.22,20.58,0.19,34.75,0.26,6.0,0.36,20.0,0.09,0.04,634.1866,1776380585000
1776380587.112,187.112,0.72,5.0,0.6,12.0,0.81,22.23,0.89,26.6,0.19,22.23,0.11,26.6,0.28,5.0,0.4,12.0,0.09,0.09,634.044741,1776380586000
1776380588.13,188.13,0.48,7.38,0.47,10.4,0.77,10.0,0.78,5.0,0.19,22.23,0.11,26.6,0.28,5.0,0.4,12.0,0.29,0.09,634.044741,1776380586000
1776380588.992,188.992,0.59,8.0,0.56,11.0,0.7,58.57,0.71,50.0,0.23,10.0,0.22,5.0,0.52,7.38,0.53,10.4,0.11,0.29,633.972777,1776380587000
1776380589.689,189.689,0.59,8.0,0.56,11.0,0.7,58.57,0.71,50.0,0.3,58.57,0.29,50.0,0.41,8.0,0.44,11.0,0.11,0.11,633.964079,1776380588000
1776380590.229,190.229,0.59,8.0,0.56,11.0,0.7,58.57,0.71,50.0,0.3,58.57,0.29,50.0,0.41,8.0,0.44,11.0,0.11,0.11,633.738457,1776380589000
1776380590.75,190.75,0.59,8.0,0.56,11.0,0.71,41.18,0.74,19.0,0.3,58.57,0.29,50.0,0.41,8.0,0.44,11.0,0.12,0.11,633.738457,1776380589000
1776380591.444,191.444,0.59,8.0,0.56,11.0,0.71,41.18,0.74,19.0,0.29,41.18,0.26,19.0,0.41,8.0,0.44,11.0,0.12,0.12,633.712073,1776380590000
1776380591.928,191.928,0.59,8.0,0.56,11.0,0.71,41.18,0.74,19.0,0.29,41.18,0.26,19.0,0.41,8.0,0.44,11.0,0.12,0.12,633.712073,1776380591000
1776380593.247,193.247,0.59,8.0,0.56,11.0,0.71,41.18,0.74,19.0,0.29,41.18,0.26,19.0,0.41,8.0,0.44,11.0,0.12,0.12,633.712083,1776380592000
1776380594.51,194.51,0.59,8.0,0.56,11.0,0.71,41.18,0.74,19.0,0.29,41.18,0.26,19.0,0.41,8.0,0.44,11.0,0.12,0.12,633.712083,1776380593000
1776380595.069,195.069,0.59,8.0,0.56,11.0,0.71,41.18,0.74,19.0,0.29,41.18,0.26,19.0,0.41,8.0,0.44,11.0,0.12,0.12,633.712083,1776380594000
1776380596.234,196.234,0.59,8.0,0.56,11.0,0.71,41.18,0.74,19.0,0.29,41.18,0.26,19.0,0.41,8.0,0.44,11.0,0.12,0.12,633.744287,1776380595000
1776380597.316,197.316,0.59,8.0,0.56,11.0,0.71,41.18,0.74,19.0,0.29,41.18,0.26,19.0,0.41,8.0,0.44,11.0,0.12,0.12,633.748314,1776380596000
1776380597.982,197.982,0.59,8.0,0.56,11.0,0.71,41.18,0.74,19.0,0.29,41.18,0.26,19.0,0.41,8.0,0.44,11.0,0.12,0.12,633.757371,1776380597000
1776380599.155,199.155,0.59,8.0,0.56,11.0,0.71,41.18,0.74,19.0,0.29,41.18,0.26,19.0,0.41,8.0,0.44,11.0,0.12,0.12,633.7727,1776380598000
1776380600.749,200.749,0.59,8.0,0.56,11.0,0.71,41.18,0.74,19.0,0.29,41.18,0.26,19.0,0.41,8.0,0.44,11.0,0.12,0.12,633.815592,1776380599000
1776380601.27,201.27,0.59,8.0,0.56,11.0,0.71,41.18,0.74,19.0,0.29,41.18,0.26,19.0,0.41,8.0,0.44,11.0,0.12,0.12,633.815592,1776380600000
1776380602.291,202.291,0.59,8.0,0.56,11.0,0.71,41.18,0.74,19.0,0.29,41.18,0.26,19.0,0.41,8.0,0.44,11.0,0.12,0.12,633.800149,1776380601000
1776380603.243,203.243,0.59,8.0,0.56,11.0,0.71,41.18,0.74,19.0,0.29,41.18,0.26,19.0,0.41,8.0,0.44,11.0,0.12,0.12,633.845801,1776380602000
1776380604.311,204.311,0.59,8.0,0.56,11.0,0.71,41.18,0.74,19.0,0.29,41.18,0.26,19.0,0.41,8.0,0.44,11.0,0.12,0.12,633.797387,1776380603000
1776380605.287,205.287,0.59,8.0,0.56,11.0,0.71,41.18,0.74,19.0,0.29,41.18,0.26,19.0,0.41,8.0,0.44,11.0,0.12,0.12,633.796029,1776380604000
1776380606.262,206.262,0.59,8.0,0.56,11.0,0.71,41.18,0.74,19.0,0.29,41.18,0.26,19.0,0.41,8.0,0.44,11.0,0.12,0.12,633.796528,1776380605000
1776380607.209,207.209,0.59,8.0,0.56,11.0,0.71,41.18,0.74,19.0,0.29,41.18,0.26,19.0,0.41,8.0,0.44,11.0,0.12,0.12,633.795973,1776380606000
1776380608.18,208.18,0.59,8.0,0.56,11.0,0.71,41.18,0.74,19.0,0.29,41.18,0.26,19.0,0.41,8.0,0.44,11.0,0.12,0.12,633.795685,1776380607000
1776380609.277,209.277,0.59,8.0,0.56,11.0,0.71,41.18,0.74,19.0,0.29,41.18,0.26,19.0,0.41,8.0,0.44,11.0,0.12,0.12,633.796103,1776380608000
1776380610.2,210.2,0.59,8.0,0.56,11.0,0.71,41.18,0.74,19.0,0.29,41.18,0.26,19.0,0.41,8.0,0.44,11.0,0.12,0.12,633.83812,1776380609000
1776380611.185,211.185,0.59,8.0,0.56,11.0,0.71,41.18,0.74,19.0,0.29,41.18,0.26,19.0,0.41,8.0,0.44,11.0,0.12,0.12,633.83625,1776380610000
1776380612.195,212.195,0.59,8.0,0.56,11.0,0.71,41.18,0.74,19.0,0.29,41.18,0.26,19.0,0.41,8.0,0.44,11.0,0.12,0.12,633.83756,1776380611000
1776380613.983,213.983,0.59,8.0,0.56,11.0,0.71,41.18,0.74,19.0,0.29,41.18,0.26,19.0,0.41,8.0,0.44,11.0,0.12,0.12,633.77146,1776380612000
1776380614.604,214.604,0.59,8.0,0.56,11.0,0.71,41.18,0.74,19.0,0.29,41.18,0.26,19.0,0.41,8.0,0.44,11.0,0.12,0.12,633.77146,1776380613000
1776380615.241,215.241,0.59,8.0,0.56,11.0,0.71,41.18,0.74,19.0,0.29,41.18,0.26,19.0,0.41,8.0,0.44,11.0,0.12,0.12,633.769285,1776380614000
1776380615.804,215.804,0.64,11.3,0.63,11.2,0.77,1.7,0.78,15.2,0.29,41.18,0.26,19.0,0.41,8.0,0.44,11.0,0.13,0.12,633.769285,1776380614000
1776380616.618,216.618,0.64,11.3,0.63,11.2,0.77,1.7,0.78,15.2,0.23,1.7,0.22,15.2,0.36,11.3,0.37,11.2,0.13,0.13,633.769285,1776380615000
1776380617.215,217.215,0.64,11.3,0.63,11.2,0.77,1.7,0.78,15.2,0.23,1.7,0.22,15.2,0.36,11.3,0.37,11.2,0.13,0.13,633.769285,1776380616000
1776380618.487,218.487,0.64,11.3,0.63,11.2,0.77,1.7,0.78,15.2,0.23,1.7,0.22,15.2,0.36,11.3,0.37,11.2,0.13,0.13,633.797841,1776380617000
1776380618.839,218.839,0.77,5.0,0.69,12.2,0.81,189.6,0.86,21.6,0.23,1.7,0.22,15.2,0.36,11.3,0.37,11.2,0.04,0.13,633.797841,1776380617000
1776380619.179,219.179,0.77,5.0,0.69,12.2,0.81,189.6,0.86,21.6,0.19,189.6,0.14,21.6,0.23,5.0,0.31,12.2,0.04,0.04,633.876727,1776380618000
1776380620.399,220.399,0.77,5.0,0.69,12.2,0.81,189.6,0.86,21.6,0.19,189.6,0.14,21.6,0.23,5.0,0.31,12.2,0.04,0.04,633.920043,1776380619000
1776380620.612,220.612,0.77,5.0,0.73,13.2,0.81,177.45,0.9,38.9,0.19,189.6,0.14,21.6,0.23,5.0,0.31,12.2,0.04,0.04,633.920043,1776380619000
1776380621.326,221.326,0.77,5.0,0.73,13.2,0.81,177.45,0.9,38.9,0.19,177.45,0.1,38.9,0.23,5.0,0.27,13.2,0.04,0.04,633.920453,1776380620000
1776380622.545,222.545,0.77,5.0,0.73,13.2,0.81,177.45,0.9,38.9,0.19,177.45,0.1,38.9,0.23,5.0,0.27,13.2,0.04,0.04,634.009884,1776380621000
1776380622.79,222.79,0.77,14.7,0.76,14.3,0.81,172.45,0.9,38.9,0.19,177.45,0.1,38.9,0.23,5.0,0.27,13.2,0.04,0.04,634.009884,1776380621000
1776380623.15,223.15,0.77,14.7,0.76,14.3,0.81,172.45,0.9,38.9,0.19,172.45,0.1,38.9,0.23,14.7,0.24,14.3,0.04,0.04,634.009884,1776380622000
1776380624.625,224.625,0.77,14.7,0.76,14.3,0.81,172.45,0.9,38.9,0.19,172.45,0.1,38.9,0.23,14.7,0.24,14.3,0.04,0.04,634.012127,1776380623000
1776380625.009,225.009,0.79,14.12,0.78,15.2,0.81,172.45,0.9,10.0,0.19,172.45,0.1,38.9,0.23,14.7,0.24,14.3,0.02,0.04,634.012127,1776380623000
1776380625.26,225.26,0.79,14.12,0.78,15.2,0.81,172.45,0.9,10.0,0.19,172.45,0.1,10.0,0.21,14.12,0.22,15.2,0.02,0.02,634.012127,1776380624000
1776380626.399,226.399,0.79,14.12,0.78,15.2,0.81,172.45,0.9,10.0,0.19,172.45,0.1,10.0,0.21,14.12,0.22,15.2,0.02,0.02,634.012659,1776380625000
1776380626.995,226.995,0.79,14.12,0.78,15.2,0.81,172.45,0.9,10.0,0.19,172.45,0.1,10.0,0.21,14.12,0.22,15.2,0.02,0.02,634.016246,1776380626000
1776380628.48,228.48,0.79,14.12,0.78,15.2,0.81,172.45,0.9,10.0,0.19,172.45,0.1,10.0,0.21,14.12,0.22,15.2,0.02,0.02,634.016176,1776380627000
1776380629.05,229.05,0.79,14.12,0.78,15.2,0.81,172.45,0.9,10.0,0.19,172.45,0.1,10.0,0.21,14.12,0.22,15.2,0.02,0.02,634.016119,1776380628000
1776380629.469,229.469,0.8,16.3,0.79,14.12,0.81,161.45,0.9,10.0,0.19,172.45,0.1,10.0,0.21,14.12,0.22,15.2,0.01,0.02,634.016119,1776380628000
1776380630.832,230.832,0.8,16.3,0.79,14.12,0.81,161.45,0.9,10.0,0.19,161.45,0.1,10.0,0.2,16.3,0.21,14.12,0.01,0.01,634.009732,1776380629000
1776380631.294,231.294,0.8,16.3,0.79,14.12,0.81,161.45,0.9,10.0,0.19,161.45,0.1,10.0,0.2,16.3,0.21,14.12,0.01,0.01,634.03246,1776380630000
1776380632.126,232.126,0.8,16.3,0.79,14.12,0.81,149.1,0.9,10.0,0.19,161.45,0.1,10.0,0.2,16.3,0.21,14.12,0.01,0.01,634.03246,1776380630000
1776380632.329,232.329,0.8,16.3,0.79,14.12,0.81,149.1,0.9,10.0,0.19,149.1,0.1,10.0,0.2,16.3,0.21,14.12,0.01,0.01,634.008732,1776380631000
1776380632.87,232.87,0.8,16.3,0.79,14.12,0.81,149.1,0.9,10.0,0.19,149.1,0.1,10.0,0.2,16.3,0.21,14.12,0.01,0.01,634.0481,1776380632000
1776380633.932,233.932,0.8,16.3,0.79,14.12,0.81,149.1,0.9,10.0,0.19,149.1,0.1,10.0,0.2,16.3,0.21,14.12,0.01,0.01,634.048526,1776380633000
1776380634.394,234.394,0.8,16.3,0.79,14.12,0.81,138.21,0.9,10.0,0.19,149.1,0.1,10.0,0.2,16.3,0.21,14.12,0.01,0.01,634.048526,1776380633000
1776380634.916,234.916,0.8,16.3,0.79,14.12,0.81,138.21,0.9,10.0,0.19,138.21,0.1,10.0,0.2,16.3,0.21,14.12,0.01,0.01,634.04065,1776380634000
1776380636.039,236.039,0.8,16.3,0.79,14.12,0.81,138.21,0.9,10.0,0.19,138.21,0.1,10.0,0.2,16.3,0.21,14.12,0.01,0.01,634.010203,1776380635000
1776380637.015,237.015,0.8,16.3,0.79,14.12,0.81,138.21,0.9,10.0,0.19,138.21,0.1,10.0,0.2,16.3,0.21,14.12,0.01,0.01,634.036602,1776380636000
1776380637.919,237.919,0.8,16.3,0.79,14.12,0.81,138.21,0.9,10.0,0.19,138.21,0.1,10.0,0.2,16.3,0.21,14.12,0.01,0.01,634.036468,1776380637000
1776380638.458,238.458,0.84,19.3,0.83,18.39,0.9,7.77,0.91,61.0,0.19,138.21,0.1,10.0,0.2,16.3,0.21,14.12,0.06,0.01,634.036468,1776380637000
1776380638.858,238.858,0.84,19.3,0.83,18.39,0.9,7.77,0.91,61.0,0.1,7.77,0.09,61.0,0.16,19.3,0.17,18.39,0.06,0.06,634.026004,1776380638000
1776380639.818,239.818,0.84,19.3,0.83,18.39,0.9,7.77,0.91,61.0,0.1,7.77,0.09,61.0,0.16,19.3,0.17,18.39,0.06,0.06,634.005348,1776380639000
1776380640.842,240.842,0.84,19.3,0.83,18.39,0.9,7.77,0.91,61.0,0.1,7.77,0.09,61.0,0.16,19.3,0.17,18.39,0.06,0.06,634.005348,1776380640000
1776380641.346,241.346,0.86,21.6,0.85,20.39,0.9,5.77,0.91,61.0,0.1,7.77,0.09,61.0,0.16,19.3,0.17,18.39,0.04,0.06,634.005348,1776380640000
1776380641.82,241.82,0.86,21.6,0.85,20.39,0.9,5.77,0.91,61.0,0.1,5.77,0.09,61.0,0.14,21.6,0.15,20.39,0.04,0.04,634.005348,1776380641000
1776380643.903,243.903,0.86,21.6,0.85,20.39,0.9,5.77,0.91,61.0,0.1,5.77,0.09,61.0,0.14,21.6,0.15,20.39,0.04,0.04,634.005348,1776380642000
1776380644.602,244.602,0.86,21.6,0.85,20.39,0.9,5.77,0.91,61.0,0.1,5.77,0.09,61.0,0.14,21.6,0.15,20.39,0.04,0.04,634.015176,1776380643000
1776380645.152,245.152,0.86,21.6,0.85,20.39,0.9,5.77,0.91,61.0,0.1,5.77,0.09,61.0,0.14,21.6,0.15,20.39,0.04,0.04,634.029062,1776380644000
1776380646.206,246.206,0.88,14.74,0.87,23.0,0.9,5.77,0.91,11.0,0.1,5.77,0.09,61.0,0.14,21.6,0.15,20.39,0.02,0.04,634.029062,1776380644000
1776380647.715,247.715,0.88,14.74,0.87,23.0,0.9,5.77,0.91,11.0,0.1,5.77,0.09,11.0,0.12,14.74,0.13,23.0,0.02,0.02,634.008743,1776380646000
1776380648.667,248.667,0.88,14.74,0.87,23.0,0.9,5.77,0.91,11.0,0.1,5.77,0.09,11.0,0.12,14.74,0.13,23.0,0.02,0.02,634.008743,1776380647000
1776380649.312,249.312,0.88,14.74,0.87,23.0,0.9,5.77,0.91,11.0,0.1,5.77,0.09,11.0,0.12,14.74,0.13,23.0,0.02,0.02,634.012096,1776380648000
1776380650.101,250.101,0.88,14.74,0.87,23.0,0.9,5.77,0.91,11.0,0.1,5.77,0.09,11.0,0.12,14.74,0.13,23.0,0.02,0.02,634.012096,1776380649000
1776380651.327,251.327,0.88,14.74,0.87,23.0,0.9,5.77,0.91,11.0,0.1,5.77,0.09,11.0,0.12,14.74,0.13,23.0,0.02,0.02,634.011871,1776380650000
1776380652.471,252.471,0.88,14.74,0.87,23.0,0.9,5.77,0.91,11.0,0.1,5.77,0.09,11.0,0.12,14.74,0.13,23.0,0.02,0.02,634.011871,1776380651000
1776380653.078,253.078,0.88,14.74,0.87,23.0,0.9,5.77,0.91,11.0,0.1,5.77,0.09,11.0,0.12,14.74,0.13,23.0,0.02,0.02,634.013486,1776380652000
1776380654.18,254.18,0.88,14.74,0.87,23.0,0.9,5.77,0.91,11.0,0.1,5.77,0.09,11.0,0.12,14.74,0.13,23.0,0.02,0.02,634.013486,1776380653000
1776380655.336,255.336,0.89,26.6,0.88,14.74,0.91,11.0,0.92,12.0,0.09,11.0,0.08,12.0,0.11,26.6,0.12,14.74,0.02,0.02,634.027683,1776380654000
1776380655.965,255.965,0.89,26.6,0.88,14.74,0.91,11.0,0.92,12.0,0.09,11.0,0.08,12.0,0.11,26.6,0.12,14.74,0.02,0.02,634.013486,1776380655000
1776380657.174,257.174,0.9,28.9,0.89,26.6,0.91,9.07,0.92,12.0,0.09,9.07,0.08,12.0,0.1,28.9,0.11,26.6,0.01,0.01,634.013486,1776380656000
1776380658.431,258.431,0.9,28.9,0.89,26.6,0.91,9.07,0.92,12.0,0.09,9.07,0.08,12.0,0.1,28.9,0.11,26.6,0.01,0.01,634.013486,1776380657000
1776380658.79,258.79,0.9,28.9,0.89,26.6,0.92,12.0,0.93,14.0,0.09,9.07,0.08,12.0,0.1,28.9,0.11,26.6,0.02,0.01,634.013486,1776380657000
1776380660.085,260.085,0.9,28.9,0.89,26.6,0.92,12.0,0.93,14.0,0.08,12.0,0.07,14.0,0.1,28.9,0.11,26.6,0.02,0.02,634.018754,1776380659000
1776380661.162,261.162,0.9,28.9,0.89,26.6,0.92,12.0,0.93,14.0,0.08,12.0,0.07,14.0,0.1,28.9,0.11,26.6,0.02,0.02,634.0322,1776380660000
1776380661.431,261.431,0.91,31.7,0.9,28.9,0.93,14.0,0.94,16.0,0.08,12.0,0.07,14.0,0.1,28.9,0.11,26.6,0.02,0.02,634.0322,1776380660000
1776380662.595,262.595,0.91,31.7,0.9,28.9,0.93,14.0,0.94,16.0,0.07,14.0,0.06,16.0,0.09,31.7,0.1,28.9,0.02,0.02,634.013486,1776380661000
1776380663.075,263.075,0.91,31.7,0.9,28.9,0.93,14.0,0.94,16.0,0.07,14.0,0.06,16.0,0.09,31.7,0.1,28.9,0.02,0.02,634.035656,1776380662000
1776380664.256,264.256,0.91,31.7,0.9,28.9,0.93,14.0,0.94,16.0,0.07,14.0,0.06,16.0,0.09,31.7,0.1,28.9,0.02,0.02,634.021884,1776380663000
1776380665.343,265.343,0.91,31.7,0.9,28.9,0.93,14.0,0.94,16.0,0.07,14.0,0.06,16.0,0.09,31.7,0.1,28.9,0.02,0.02,634.021708,1776380664000
1776380665.933,265.933,0.91,31.7,0.9,28.9,0.93,14.0,0.94,16.0,0.07,14.0,0.06,16.0,0.09,31.7,0.1,28.9,0.02,0.02,634.021567,1776380665000
1776380666.626,266.626,0.92,35.29,0.91,31.7,0.93,6.19,0.94,16.0,0.07,14.0,0.06,16.0,0.09,31.7,0.1,28.9,0.01,0.02,634.021567,1776380665000
1776380667.1,267.1,0.92,35.29,0.91,31.7,0.93,6.19,0.94,16.0,0.07,6.19,0.06,16.0,0.08,35.29,0.09,31.7,0.01,0.01,634.035782,1776380666000
1776380667.883,267.883,0.92,35.29,0.91,31.7,0.93,6.19,0.94,16.0,0.07,6.19,0.06,16.0,0.08,35.29,0.09,31.7,0.01,0.01,634.035859,1776380667000
1776380668.429,268.429,0.92,35.29,0.91,31.7,0.94,16.0,0.95,20.0,0.07,6.19,0.06,16.0,0.08,35.29,0.09,31.7,0.02,0.01,634.035859,1776380667000
1776380668.973,268.973,0.92,35.29,0.91,31.7,0.94,16.0,0.95,20.0,0.06,16.0,0.05,20.0,0.08,35.29,0.09,31.7,0.02,0.02,634.034932,1776380668000
1776380670.247,270.247,0.92,35.29,0.91,31.7,0.94,16.0,0.95,20.0,0.06,16.0,0.05,20.0,0.08,35.29,0.09,31.7,0.02,0.02,634.036585,1776380669000
1776380670.469,270.469,0.93,39.9,0.92,35.29,0.95,20.0,0.96,25.0,0.06,16.0,0.05,20.0,0.08,35.29,0.09,31.7,0.02,0.02,634.036585,1776380669000
1776380671.226,271.226,0.93,39.9,0.92,35.29,0.95,20.0,0.96,25.0,0.05,20.0,0.04,25.0,0.07,39.9,0.08,35.29,0.02,0.02,634.023351,1776380670000
1776380672.352,272.352,0.93,39.9,0.92,35.29,0.95,20.0,0.96,25.0,0.05,20.0,0.04,25.0,0.07,39.9,0.08,35.29,0.02,0.02,634.021513,1776380671000
1776380672.575,272.575,0.94,46.1,0.93,39.9,0.96,19.75,0.97,33.0,0.05,20.0,0.04,25.0,0.07,39.9,0.08,35.29,0.02,0.02,634.021513,1776380671000
1776380672.883,272.883,0.95,54.7,0.94,46.1,0.96,14.75,0.97,33.0,0.04,19.75,0.03,33.0,0.06,46.1,0.07,39.9,0.01,0.02,634.021513,1776380671000
1776380674.052,274.052,0.95,54.7,0.94,46.1,0.96,14.75,0.97,33.0,0.04,14.75,0.03,33.0,0.05,54.7,0.06,46.1,0.01,0.01,634.115589,1776380673000
1776380674.493,274.493,0.95,54.7,0.94,46.1,0.97,33.0,0.98,60.0,0.04,14.75,0.03,33.0,0.05,54.7,0.06,46.1,0.02,0.01,634.115589,1776380673000
1776380675.198,275.198,0.95,54.7,0.94,46.1,0.97,33.0,0.98,60.0,0.03,33.0,0.02,60.0,0.05,54.7,0.06,46.1,0.02,0.02,634.093687,1776380674000
1776380675.542,275.542,0.82,60.0,0.81,101.0,0.97,17.69,0.98,60.0,0.03,33.0,0.02,60.0,0.05,54.7,0.06,46.1,0.15,0.02,634.093687,1776380674000
1776380676.205,276.205,0.82,109.0,0.81,50.0,0.97,12.54,0.98,60.0,0.03,17.69,0.02,60.0,0.18,60.0,0.19,101.0,0.15,0.15,634.093687,1776380674000
1776380676.495,276.495,0.82,109.0,0.81,50.0,0.97,12.54,0.98,60.0,0.03,12.54,0.02,60.0,0.18,109.0,0.19,50.0,0.15,0.15,634.080353,1776380675000
1776380677.143,277.143,0.82,109.0,0.81,50.0,0.97,12.54,0.98,60.0,0.03,12.54,0.02,60.0,0.18,109.0,0.19,50.0,0.15,0.15,634.079861,1776380676000
1776380678.61,278.61,0.82,109.0,0.81,50.0,0.97,12.54,0.98,60.0,0.03,12.54,0.02,60.0,0.18,109.0,0.19,50.0,0.15,0.15,634.079965,1776380677000
1776380679.256,279.256,0.82,109.0,0.81,50.0,0.97,12.54,0.98,60.0,0.03,12.54,0.02,60.0,0.18,109.0,0.19,50.0,0.15,0.15,634.079965,1776380678000
1776380679.952,279.952,0.82,109.0,0.81,50.0,0.97,12.54,0.98,60.0,0.03,12.54,0.02,60.0,0.18,109.0,0.19,50.0,0.15,0.15,634.079992,1776380679000
1776380681.206,281.206,0.82,109.0,0.81,50.0,0.97,12.54,0.98,60.0,0.03,12.54,0.02,60.0,0.18,109.0,0.19,50.0,0.15,0.15,634.079992,1776380680000
1776380681.882,281.882,0.82,49.0,0.81,50.0,0.97,11.5,0.98,60.0,0.03,12.54,0.02,60.0,0.18,109.0,0.19,50.0,0.15,0.15,634.079992,1776380680000
1776380682.476,282.476,0.82,49.0,0.81,50.0,0.98,58.97,0.99,230.16,0.02,58.97,0.01,230.16,0.18,49.0,0.19,50.0,0.16,0.16,634.073193,1776380681000
1776380682.992,282.992,0.82,49.0,0.81,50.0,0.98,58.97,0.99,230.16,0.02,58.97,0.01,230.16,0.18,49.0,0.19,50.0,0.16,0.16,634.073193,1776380682000
1776380683.289,283.289,0.82,49.0,0.81,50.0,0.98,57.94,0.99,220.16,0.02,58.97,0.01,230.16,0.18,49.0,0.19,50.0,0.16,0.16,634.073193,1776380682000
1776380684.262,284.262,0.82,49.0,0.81,50.0,0.98,54.85,0.99,220.16,0.02,54.85,0.01,220.16,0.18,49.0,0.19,50.0,0.16,0.16,634.077,1776380683000
1776380684.513,284.513,0.82,49.0,0.81,50.0,0.98,44.85,0.99,220.16,0.02,54.85,0.01,220.16,0.18,49.0,0.19,50.0,0.16,0.16,634.077,1776380683000
1776380684.891,284.891,0.82,49.0,0.81,50.0,0.98,43.82,0.99,220.16,0.02,44.85,0.01,220.16,0.18,49.0,0.19,50.0,0.16,0.16,634.077,1776380683000
1776380685.36,285.36,0.81,50.0,0.71,50.0,0.98,42.79,0.99,220.16,0.02,43.82,0.01,220.16,0.18,49.0,0.19,50.0,0.17,0.16,634.077,1776380683000
1776380686.058,286.058,0.81,50.0,0.71,50.0,0.98,38.83,0.99,220.16,0.02,38.83,0.01,220.16,0.19,50.0,0.29,50.0,0.17,0.17,634.079,1776380685000
1776380687.159,287.159,0.81,50.0,0.71,50.0,0.98,38.83,0.99,220.16,0.02,38.83,0.01,220.16,0.19,50.0,0.29,50.0,0.17,0.17,634.0789,1776380686000
1776380687.552,287.552,0.99,838.51,0.86,79.1,,,,,,,,,0.01,741.01,0.14,79.1,,,634.0789,1776380686000
1776380688.377,288.377,0.99,835.78,0.86,79.1,,,,,,,,,0.01,835.78,0.14,79.1,,,634.09281,1776380687000
1776380688.97,288.97,0.99,835.78,0.86,79.1,,,,,,,,,0.01,835.78,0.14,79.1,,,634.09281,1776380688000

# RESULT,winner=Up,slug=bnb-updown-5m-1776380400,ticks=332
