timestamp,elapsed_sec,up_bid_p1,up_bid_s1,up_bid_p2,up_bid_s2,up_ask_p1,up_ask_s1,up_ask_p2,up_ask_s2,down_bid_p1,down_bid_s1,down_bid_p2,down_bid_s2,down_ask_p1,down_ask_s1,down_ask_p2,down_ask_s2,up_spread,down_spread,bnb_price,bnb_oracle_ts
1776196211.229,11.229,,,,,,,,,,,,,,,,,,,613.897,1776196210000
1776196211.483,11.483,0.41,10.0,0.4,5.0,0.49,5.0,0.5,15.0,0.51,5.0,0.5,15.0,0.59,10.0,0.6,5.0,0.08,0.08,613.897,1776196210000
1776196211.932,11.932,0.41,5.0,0.4,5.0,0.49,5.0,0.5,15.0,0.51,5.0,0.5,15.0,0.59,10.0,0.6,5.0,0.08,0.08,613.897,1776196210000
1776196212.413,12.413,0.41,5.0,0.4,5.0,0.49,5.0,0.5,15.0,0.51,5.0,0.5,15.0,0.59,5.0,0.6,5.0,0.08,0.08,613.952,1776196211000
1776196212.934,12.934,0.41,5.0,0.4,5.0,0.49,5.0,0.5,15.0,0.51,5.0,0.5,15.0,0.59,5.0,0.6,5.0,0.08,0.08,613.952,1776196212000
1776196214.437,14.437,0.41,5.0,0.4,5.0,0.49,5.0,0.5,15.0,0.51,5.0,0.5,15.0,0.59,5.0,0.6,5.0,0.08,0.08,613.922,1776196213000
1776196215.212,15.212,0.41,5.0,0.4,5.0,0.49,5.0,0.5,15.0,0.51,5.0,0.5,15.0,0.59,5.0,0.6,5.0,0.08,0.08,613.912,1776196214000
1776196216.703,16.703,0.41,5.0,0.4,5.0,0.49,5.0,0.5,15.0,0.51,5.0,0.5,15.0,0.59,5.0,0.6,5.0,0.08,0.08,613.926,1776196215000
1776196217.492,17.492,0.41,5.0,0.4,5.0,0.49,5.0,0.5,15.0,0.51,5.0,0.5,15.0,0.59,5.0,0.6,5.0,0.08,0.08,613.935,1776196216000
1776196218.127,18.127,0.41,5.0,0.4,5.0,0.49,5.0,0.5,15.0,0.51,5.0,0.5,15.0,0.59,5.0,0.6,5.0,0.08,0.08,613.937,1776196217000
1776196219.474,19.474,0.41,5.0,0.4,5.0,0.49,5.0,0.5,15.0,0.51,5.0,0.5,15.0,0.59,5.0,0.6,5.0,0.08,0.08,613.937,1776196218000
1776196220.255,20.255,0.41,5.0,0.4,5.0,0.49,5.0,0.5,15.0,0.51,5.0,0.5,15.0,0.59,5.0,0.6,5.0,0.08,0.08,613.935,1776196219000
1776196221.566,21.566,0.41,5.0,0.4,5.0,0.49,5.0,0.5,15.0,0.51,5.0,0.5,15.0,0.59,5.0,0.6,5.0,0.08,0.08,613.931,1776196220000
1776196222.221,22.221,0.41,5.0,0.4,5.0,0.49,5.0,0.5,15.0,0.51,5.0,0.5,15.0,0.59,5.0,0.6,5.0,0.08,0.08,613.957,1776196221000
1776196223.487,23.487,0.41,5.0,0.4,5.0,0.49,5.0,0.5,15.0,0.51,5.0,0.5,15.0,0.59,5.0,0.6,5.0,0.08,0.08,613.957,1776196222000
1776196224.353,24.353,0.41,5.0,0.4,5.0,0.49,5.0,0.5,15.0,0.51,5.0,0.5,15.0,0.59,5.0,0.6,5.0,0.08,0.08,613.973,1776196223000
1776196225.519,25.519,0.41,5.0,0.4,5.0,0.49,5.0,0.5,15.0,0.51,5.0,0.5,15.0,0.59,5.0,0.6,5.0,0.08,0.08,613.973,1776196224000
1776196226.211,26.211,0.41,5.0,0.4,5.0,0.49,5.0,0.5,15.0,0.51,5.0,0.5,15.0,0.59,5.0,0.6,5.0,0.08,0.08,614.034,1776196225000
1776196227.32,27.32,0.41,5.0,0.4,5.0,0.49,5.0,0.5,15.0,0.51,5.0,0.5,15.0,0.59,5.0,0.6,5.0,0.08,0.08,614.057,1776196226000
1776196228.334,28.334,0.41,5.0,0.4,5.0,0.49,5.0,0.5,15.0,0.51,5.0,0.5,15.0,0.59,5.0,0.6,5.0,0.08,0.08,614.056,1776196227000
1776196229.318,29.318,0.41,5.0,0.4,5.0,0.49,5.0,0.5,15.0,0.51,5.0,0.5,15.0,0.59,5.0,0.6,5.0,0.08,0.08,614.085,1776196228000
1776196230.381,30.381,0.41,5.0,0.4,5.0,0.49,5.0,0.5,15.0,0.51,5.0,0.5,15.0,0.59,5.0,0.6,5.0,0.08,0.08,614.172,1776196229000
1776196231.018,31.018,0.41,5.0,0.4,5.0,0.49,5.0,0.5,15.0,0.51,5.0,0.5,15.0,0.59,5.0,0.6,5.0,0.08,0.08,614.171599,1776196230000
1776196232.065,32.065,0.41,5.0,0.4,5.0,0.49,5.0,0.5,15.0,0.51,5.0,0.5,15.0,0.59,5.0,0.6,5.0,0.08,0.08,614.167,1776196231000
1776196233.074,33.074,0.41,5.0,0.4,5.0,0.49,5.0,0.5,15.0,0.51,5.0,0.5,15.0,0.59,5.0,0.6,5.0,0.08,0.08,614.157,1776196232000
1776196234.101,34.101,0.41,5.0,0.4,5.0,0.49,5.0,0.5,15.0,0.51,5.0,0.5,15.0,0.59,5.0,0.6,5.0,0.08,0.08,614.164,1776196233000
1776196235.166,35.166,0.41,5.0,0.4,5.0,0.49,5.0,0.5,15.0,0.51,5.0,0.5,15.0,0.59,5.0,0.6,5.0,0.08,0.08,614.161,1776196234000
1776196236.155,36.155,0.41,5.0,0.4,5.0,0.49,5.0,0.5,15.0,0.51,5.0,0.5,15.0,0.59,5.0,0.6,5.0,0.08,0.08,614.115878,1776196235000
1776196237.233,37.233,0.41,5.0,0.4,5.0,0.49,5.0,0.5,15.0,0.51,5.0,0.5,15.0,0.59,5.0,0.6,5.0,0.08,0.08,614.134592,1776196236000
1776196238.234,38.234,0.41,5.0,0.4,5.0,0.49,5.0,0.5,15.0,0.51,5.0,0.5,15.0,0.59,5.0,0.6,5.0,0.08,0.08,614.16189,1776196237000
1776196239.147,39.147,0.41,5.0,0.4,5.0,0.49,5.0,0.5,15.0,0.51,5.0,0.5,15.0,0.59,5.0,0.6,5.0,0.08,0.08,614.162,1776196238000
1776196240.57,40.57,0.41,5.0,0.4,5.0,0.49,5.0,0.5,15.0,0.51,5.0,0.5,15.0,0.59,5.0,0.6,5.0,0.08,0.08,614.16,1776196239000
1776196242.087,42.087,0.41,5.0,0.4,5.0,0.49,5.0,0.5,15.0,0.51,5.0,0.5,15.0,0.59,5.0,0.6,5.0,0.08,0.08,614.158,1776196240000
1776196242.79,42.79,0.41,5.0,0.4,5.0,0.49,5.0,0.5,15.0,0.51,5.0,0.5,15.0,0.59,5.0,0.6,5.0,0.08,0.08,614.066,1776196241000
1776196243.314,43.314,0.41,5.0,0.4,5.0,0.49,5.0,0.5,15.0,0.51,5.0,0.5,15.0,0.59,5.0,0.6,5.0,0.08,0.08,614.038645,1776196242000
1776196244.098,44.098,0.41,5.0,0.4,5.0,0.49,5.0,0.5,15.0,0.51,5.0,0.5,15.0,0.59,5.0,0.6,5.0,0.08,0.08,614.015,1776196243000
1776196245.346,45.346,0.41,5.0,0.4,5.0,0.49,5.0,0.5,15.0,0.51,5.0,0.5,15.0,0.59,5.0,0.6,5.0,0.08,0.08,614.015,1776196244000
1776196246.691,46.691,0.41,5.0,0.4,5.0,0.49,5.0,0.5,15.0,0.51,5.0,0.5,15.0,0.59,5.0,0.6,5.0,0.08,0.08,613.975472,1776196245000
1776196247.278,47.278,0.41,5.0,0.4,5.0,0.49,5.0,0.5,15.0,0.51,5.0,0.5,15.0,0.59,5.0,0.6,5.0,0.08,0.08,613.96,1776196246000
1776196248.66,48.66,0.41,5.0,0.4,5.0,0.49,5.0,0.5,15.0,0.51,5.0,0.5,15.0,0.59,5.0,0.6,5.0,0.08,0.08,613.971,1776196247000
1776196249.231,49.231,0.41,5.0,0.4,5.0,0.49,5.0,0.5,15.0,0.51,5.0,0.5,15.0,0.59,5.0,0.6,5.0,0.08,0.08,613.984,1776196248000
1776196250.608,50.608,0.41,5.0,0.4,5.0,0.49,5.0,0.5,15.0,0.51,5.0,0.5,15.0,0.59,5.0,0.6,5.0,0.08,0.08,613.98,1776196249000
1776196251.187,51.187,0.41,5.0,0.4,5.0,0.49,5.0,0.5,15.0,0.51,5.0,0.5,15.0,0.59,5.0,0.6,5.0,0.08,0.08,613.98,1776196250000
1776196252.484,52.484,0.41,5.0,0.4,5.0,0.49,5.0,0.5,15.0,0.51,5.0,0.5,15.0,0.59,5.0,0.6,5.0,0.08,0.08,613.98,1776196251000
1776196253.122,53.122,0.41,5.0,0.4,5.0,0.49,5.0,0.5,15.0,0.51,5.0,0.5,15.0,0.59,5.0,0.6,5.0,0.08,0.08,613.944,1776196252000
1776196254.536,54.536,0.41,5.0,0.4,5.0,0.49,5.0,0.5,15.0,0.51,5.0,0.5,15.0,0.59,5.0,0.6,5.0,0.08,0.08,613.956,1776196253000
1776196255.099,55.099,0.47,5.0,0.46,5.0,0.51,27.71,0.58,5.0,0.49,27.71,0.42,5.0,0.53,5.0,0.54,5.0,0.04,0.04,614.058,1776196254000
1776196256.558,56.558,0.47,5.0,0.46,5.0,0.51,27.71,0.58,5.0,0.49,27.71,0.42,5.0,0.53,5.0,0.54,5.0,0.04,0.04,614.062,1776196255000
1776196257.363,57.363,0.47,5.0,0.46,5.0,0.51,27.71,0.58,5.0,0.49,27.71,0.42,5.0,0.53,5.0,0.54,5.0,0.04,0.04,614.074051,1776196256000
1776196258.48,58.48,0.47,5.0,0.46,5.0,0.51,27.71,0.58,5.0,0.49,27.71,0.42,5.0,0.53,5.0,0.54,5.0,0.04,0.04,614.079,1776196257000
1776196259.041,59.041,0.47,5.0,0.46,5.0,0.51,27.71,0.58,5.0,0.49,27.71,0.42,5.0,0.53,5.0,0.54,5.0,0.04,0.04,614.079,1776196258000
1776196259.981,59.981,0.47,5.0,0.46,5.0,0.51,27.71,0.58,5.0,0.49,27.71,0.42,5.0,0.53,5.0,0.54,5.0,0.04,0.04,614.066,1776196259000
1776196261.018,61.018,0.47,5.0,0.46,5.0,0.51,27.71,0.58,5.0,0.49,27.71,0.42,5.0,0.53,5.0,0.54,5.0,0.04,0.04,614.069,1776196260000
1776196261.653,61.653,0.46,10.0,0.45,5.0,0.51,27.71,0.59,10.0,0.49,27.71,0.42,5.0,0.53,5.0,0.54,5.0,0.05,0.04,614.069,1776196260000
1776196262.162,62.162,0.46,10.0,0.45,5.0,0.51,27.71,0.59,10.0,0.49,27.71,0.41,10.0,0.54,10.0,0.55,5.0,0.05,0.05,614.068,1776196261000
1776196263.202,63.202,0.46,10.0,0.45,5.0,0.51,27.71,0.59,10.0,0.49,27.71,0.41,10.0,0.54,10.0,0.55,5.0,0.05,0.05,614.071,1776196262000
1776196264.195,64.195,0.46,10.0,0.45,5.0,0.51,27.71,0.59,10.0,0.49,27.71,0.41,10.0,0.54,10.0,0.55,5.0,0.05,0.05,614.07,1776196263000
1776196265.266,65.266,0.46,10.0,0.45,5.0,0.51,27.71,0.59,10.0,0.49,27.71,0.41,10.0,0.54,10.0,0.55,5.0,0.05,0.05,614.007,1776196264000
1776196266.281,66.281,0.46,10.0,0.45,5.0,0.51,27.71,0.59,10.0,0.49,27.71,0.41,10.0,0.54,10.0,0.55,5.0,0.05,0.05,614.011,1776196265000
1776196267.524,67.524,0.46,10.0,0.45,5.0,0.51,27.71,0.59,10.0,0.49,27.71,0.41,10.0,0.54,10.0,0.55,5.0,0.05,0.05,614.101,1776196266000
1776196268.014,68.014,0.46,10.0,0.45,5.0,0.51,27.71,0.59,10.0,0.49,27.71,0.41,10.0,0.54,10.0,0.55,5.0,0.05,0.05,614.101,1776196267000
1776196269.107,69.107,0.46,10.0,0.45,5.0,0.51,27.71,0.59,10.0,0.49,27.71,0.41,10.0,0.54,10.0,0.55,5.0,0.05,0.05,614.112,1776196268000
1776196270.181,70.181,0.46,10.0,0.45,5.0,0.51,27.71,0.59,10.0,0.49,27.71,0.41,10.0,0.54,10.0,0.55,5.0,0.05,0.05,614.119,1776196269000
1776196271.202,71.202,0.46,10.0,0.45,5.0,0.51,27.71,0.59,10.0,0.49,27.71,0.41,10.0,0.54,10.0,0.55,5.0,0.05,0.05,614.117,1776196270000
1776196272.151,72.151,0.49,5.0,0.48,10.0,0.51,22.71,0.6,5.0,0.49,27.71,0.41,10.0,0.54,10.0,0.55,5.0,0.02,0.05,614.117,1776196270000
1776196272.654,72.654,0.49,10.0,0.48,5.0,0.51,17.71,0.62,10.0,0.49,22.71,0.4,5.0,0.51,5.0,0.52,10.0,0.02,0.02,614.114,1776196271000
1776196272.875,72.875,0.49,10.0,0.48,5.0,0.51,17.71,0.62,10.0,0.49,17.71,0.38,10.0,0.51,10.0,0.52,5.0,0.02,0.02,614.114,1776196272000
1776196273.847,73.847,0.51,32.29,0.49,15.4,0.64,5.0,0.69,12.2,0.49,17.71,0.38,10.0,0.51,10.0,0.52,5.0,0.13,0.02,614.114,1776196272000
1776196274.286,74.286,0.51,32.29,0.49,15.4,0.64,5.0,0.69,12.2,0.36,5.0,0.31,12.2,0.49,32.29,0.51,15.4,0.13,0.13,614.109,1776196273000
1776196275.487,75.487,0.51,32.29,0.49,15.4,0.64,5.0,0.69,12.2,0.36,5.0,0.31,12.2,0.49,32.29,0.51,15.4,0.13,0.13,614.15,1776196274000
1776196276.081,76.081,0.51,32.29,0.49,15.4,0.64,5.0,0.69,12.2,0.36,5.0,0.31,12.2,0.49,32.29,0.51,15.4,0.13,0.13,614.15,1776196275000
1776196277.248,77.248,0.51,32.29,0.49,15.4,0.64,5.0,0.69,12.2,0.36,5.0,0.31,12.2,0.49,32.29,0.51,15.4,0.13,0.13,614.191,1776196276000
1776196278.351,78.351,0.51,32.29,0.49,15.4,0.64,5.0,0.69,12.2,0.36,5.0,0.31,12.2,0.49,32.29,0.51,15.4,0.13,0.13,614.181,1776196277000
1776196279.498,79.498,0.51,32.29,0.49,15.4,0.64,5.0,0.69,12.2,0.36,5.0,0.31,12.2,0.49,32.29,0.51,15.4,0.13,0.13,614.162,1776196278000
1776196280.036,80.036,0.51,32.29,0.49,15.4,0.64,5.0,0.69,12.2,0.36,5.0,0.31,12.2,0.49,32.29,0.51,15.4,0.13,0.13,614.162,1776196279000
1776196281.096,81.096,0.51,32.29,0.49,15.4,0.64,5.0,0.69,12.2,0.36,5.0,0.31,12.2,0.49,32.29,0.51,15.4,0.13,0.13,614.161,1776196280000
1776196282.337,82.337,0.51,32.29,0.49,15.4,0.64,5.0,0.69,12.2,0.36,5.0,0.31,12.2,0.49,32.29,0.51,15.4,0.13,0.13,614.102,1776196281000
1776196282.935,82.935,0.51,32.29,0.49,15.4,0.64,5.0,0.69,12.2,0.36,5.0,0.31,12.2,0.49,32.29,0.51,15.4,0.13,0.13,614.11,1776196282000
1776196284.049,84.049,0.51,32.29,0.49,15.4,0.64,5.0,0.69,12.2,0.36,5.0,0.31,12.2,0.49,32.29,0.51,15.4,0.13,0.13,614.114,1776196283000
1776196285.176,85.176,0.51,32.29,0.49,15.4,0.64,5.0,0.69,12.2,0.36,5.0,0.31,12.2,0.49,32.29,0.51,15.4,0.13,0.13,614.076,1776196284000
1776196286.298,86.298,0.51,32.29,0.49,15.4,0.64,5.0,0.69,12.2,0.36,5.0,0.31,12.2,0.49,32.29,0.51,15.4,0.13,0.13,614.077,1776196285000
1776196287.368,87.368,0.51,32.29,0.49,15.4,0.64,5.0,0.69,12.2,0.36,5.0,0.31,12.2,0.49,32.29,0.51,15.4,0.13,0.13,614.06,1776196286000
1776196287.987,87.987,0.51,32.29,0.49,15.4,0.64,5.0,0.69,12.2,0.36,5.0,0.31,12.2,0.49,32.29,0.51,15.4,0.13,0.13,614.06,1776196287000
1776196289.16,89.16,0.51,32.29,0.49,15.4,0.64,5.0,0.69,12.2,0.36,5.0,0.31,12.2,0.49,32.29,0.51,15.4,0.13,0.13,614.065,1776196288000
1776196290.246,90.246,0.51,32.29,0.49,15.4,0.64,5.0,0.69,12.2,0.36,5.0,0.31,12.2,0.49,32.29,0.51,15.4,0.13,0.13,614.062,1776196289000
1776196291.469,91.469,0.51,32.29,0.49,15.4,0.64,5.0,0.69,12.2,0.36,5.0,0.31,12.2,0.49,32.29,0.51,15.4,0.13,0.13,614.062,1776196290000
1776196292.48,92.48,0.51,32.29,0.49,15.4,0.64,5.0,0.69,12.2,0.36,5.0,0.31,12.2,0.49,32.29,0.51,15.4,0.13,0.13,614.06,1776196291000
1776196293.008,93.008,0.51,32.29,0.49,15.4,0.64,5.0,0.69,12.2,0.36,5.0,0.31,12.2,0.49,32.29,0.51,15.4,0.13,0.13,614.06,1776196292000
1776196294.242,94.242,0.51,32.29,0.49,15.4,0.64,5.0,0.69,12.2,0.36,5.0,0.31,12.2,0.49,32.29,0.51,15.4,0.13,0.13,614.061,1776196293000
1776196295.261,95.261,0.51,32.29,0.49,15.4,0.64,5.0,0.69,12.2,0.36,5.0,0.31,12.2,0.49,32.29,0.51,15.4,0.13,0.13,614.05,1776196294000
1776196296.31,96.31,0.51,32.29,0.49,15.4,0.64,5.0,0.69,12.2,0.36,5.0,0.31,12.2,0.49,32.29,0.51,15.4,0.13,0.13,614.051,1776196295000
1776196296.982,96.982,0.51,32.29,0.49,15.4,0.64,5.0,0.69,12.2,0.36,5.0,0.31,12.2,0.49,32.29,0.51,15.4,0.13,0.13,614.051,1776196296000
1776196297.193,97.193,0.53,4.25,0.52,5.0,0.6,20.8,0.61,10.9,0.36,5.0,0.31,12.2,0.49,32.29,0.51,15.4,0.07,0.13,614.051,1776196296000
1776196298.07,98.07,0.53,4.25,0.52,5.0,0.6,20.8,0.61,10.9,0.4,20.8,0.39,10.9,0.47,4.25,0.48,5.0,0.07,0.07,614.044,1776196297000
1776196299.439,99.439,0.53,4.25,0.52,5.0,0.6,20.8,0.61,10.9,0.4,20.8,0.39,10.9,0.47,4.25,0.48,5.0,0.07,0.07,613.995,1776196298000
1776196300.062,100.062,0.53,4.25,0.52,5.0,0.6,20.8,0.61,10.9,0.4,20.8,0.39,10.9,0.47,4.25,0.48,5.0,0.07,0.07,613.995,1776196299000
1776196301.397,101.397,0.53,4.25,0.52,5.0,0.6,20.8,0.61,10.9,0.4,20.8,0.39,10.9,0.47,4.25,0.48,5.0,0.07,0.07,614.018,1776196300000
1776196302.567,102.567,0.53,4.25,0.52,5.0,0.6,20.8,0.61,10.9,0.4,20.8,0.39,10.9,0.47,4.25,0.48,5.0,0.07,0.07,614.018,1776196301000
1776196303.034,103.034,0.53,4.25,0.52,5.0,0.6,20.8,0.61,10.9,0.4,20.8,0.39,10.9,0.47,4.25,0.48,5.0,0.07,0.07,614.023,1776196302000
1776196304.279,104.279,0.53,4.25,0.52,5.0,0.6,20.8,0.61,10.9,0.4,20.8,0.39,10.9,0.47,4.25,0.48,5.0,0.07,0.07,614.028,1776196303000
1776196305.323,105.323,0.53,4.25,0.52,5.0,0.6,20.8,0.61,10.9,0.4,20.8,0.39,10.9,0.47,4.25,0.48,5.0,0.07,0.07,614.028,1776196304000
1776196306.446,106.446,0.53,4.25,0.52,5.0,0.6,20.8,0.61,10.9,0.4,20.8,0.39,10.9,0.47,4.25,0.48,5.0,0.07,0.07,614.028,1776196305000
1776196306.998,106.998,0.53,4.25,0.52,5.0,0.6,20.8,0.61,10.9,0.4,20.8,0.39,10.9,0.47,4.25,0.48,5.0,0.07,0.07,614.028,1776196306000
1776196308.064,108.064,0.53,4.25,0.52,5.0,0.6,20.8,0.61,10.9,0.4,20.8,0.39,10.9,0.47,4.25,0.48,5.0,0.07,0.07,614.031,1776196307000
1776196309.119,109.119,0.53,4.25,0.52,5.0,0.6,20.8,0.61,10.9,0.4,20.8,0.39,10.9,0.47,4.25,0.48,5.0,0.07,0.07,614.039,1776196308000
1776196310.299,110.299,0.53,4.25,0.52,5.0,0.6,20.8,0.61,10.9,0.4,20.8,0.39,10.9,0.47,4.25,0.48,5.0,0.07,0.07,614.046,1776196309000
1776196312.329,112.329,0.53,4.25,0.52,5.0,0.6,20.8,0.61,10.9,0.4,20.8,0.39,10.9,0.47,4.25,0.48,5.0,0.07,0.07,614.039,1776196311000
1776196312.893,112.893,0.53,4.25,0.52,5.0,0.6,20.8,0.61,10.9,0.4,20.8,0.39,10.9,0.47,4.25,0.48,5.0,0.07,0.07,614.039,1776196312000
1776196314.164,114.164,0.53,4.25,0.52,5.0,0.6,20.8,0.61,10.9,0.4,20.8,0.39,10.9,0.47,4.25,0.48,5.0,0.07,0.07,614.043,1776196313000
1776196315.285,115.285,0.53,4.25,0.52,5.0,0.6,20.8,0.61,10.9,0.4,20.8,0.39,10.9,0.47,4.25,0.48,5.0,0.07,0.07,614.042,1776196314000
1776196316.576,116.576,0.53,4.25,0.52,5.0,0.6,20.8,0.61,10.9,0.4,20.8,0.39,10.9,0.47,4.25,0.48,5.0,0.07,0.07,614.042,1776196315000
1776196317.276,117.276,0.53,4.25,0.52,5.0,0.6,20.8,0.61,10.9,0.4,20.8,0.39,10.9,0.47,4.25,0.48,5.0,0.07,0.07,614.038,1776196316000
1776196318.539,118.539,0.53,4.25,0.52,5.0,0.6,20.8,0.61,10.9,0.4,20.8,0.39,10.9,0.47,4.25,0.48,5.0,0.07,0.07,614.026,1776196317000
1776196319.822,119.822,0.53,4.25,0.52,5.0,0.6,20.8,0.61,10.9,0.4,20.8,0.39,10.9,0.47,4.25,0.48,5.0,0.07,0.07,614.036,1776196318000
1776196320.517,120.517,0.53,4.25,0.52,5.0,0.6,20.8,0.61,10.9,0.4,20.8,0.39,10.9,0.47,4.25,0.48,5.0,0.07,0.07,614.036,1776196319000
1776196321.432,121.432,0.53,4.25,0.52,5.0,0.6,20.8,0.61,10.9,0.4,20.8,0.39,10.9,0.47,4.25,0.48,5.0,0.07,0.07,614.024,1776196320000
1776196322.191,122.191,0.53,4.25,0.52,5.0,0.6,20.8,0.61,10.9,0.4,20.8,0.39,10.9,0.47,4.25,0.48,5.0,0.07,0.07,614.044,1776196321000
1776196323.575,123.575,0.53,4.25,0.52,5.0,0.6,20.8,0.61,10.9,0.4,20.8,0.39,10.9,0.47,4.25,0.48,5.0,0.07,0.07,614.058,1776196322000
1776196324.299,124.299,0.53,4.25,0.52,5.0,0.6,20.8,0.61,10.9,0.4,20.8,0.39,10.9,0.47,4.25,0.48,5.0,0.07,0.07,614.064,1776196323000
1776196325.762,125.762,0.53,4.25,0.52,5.0,0.6,20.8,0.61,10.9,0.4,20.8,0.39,10.9,0.47,4.25,0.48,5.0,0.07,0.07,614.061,1776196324000
1776196326.051,126.051,0.53,5.0,0.51,50.0,0.58,5.0,0.65,11.4,0.4,20.8,0.39,10.9,0.47,4.25,0.48,5.0,0.05,0.07,614.061,1776196324000
1776196326.586,126.586,0.53,5.0,0.51,50.0,0.58,5.0,0.65,11.4,0.42,5.0,0.35,11.4,0.47,5.0,0.49,50.0,0.05,0.05,614.065,1776196325000
1776196327.251,127.251,0.53,5.0,0.51,50.0,0.58,5.0,0.65,11.4,0.42,5.0,0.35,11.4,0.47,5.0,0.49,50.0,0.05,0.05,614.065,1776196326000
1776196328.76,128.76,0.53,5.0,0.51,50.0,0.58,5.0,0.65,11.4,0.42,5.0,0.35,11.4,0.47,5.0,0.49,50.0,0.05,0.05,614.138,1776196327000
1776196329.468,129.468,0.53,5.0,0.51,50.0,0.58,5.0,0.65,11.4,0.42,5.0,0.35,11.4,0.47,5.0,0.49,50.0,0.05,0.05,614.168,1776196328000
1776196330.132,130.132,0.53,5.0,0.51,50.0,0.58,5.0,0.65,11.4,0.42,5.0,0.35,11.4,0.47,5.0,0.49,50.0,0.05,0.05,614.168,1776196329000
1776196331.57,131.57,0.53,5.0,0.51,50.0,0.58,5.0,0.65,11.4,0.42,5.0,0.35,11.4,0.47,5.0,0.49,50.0,0.05,0.05,614.175,1776196330000
1776196332.188,132.188,0.53,5.0,0.51,50.0,0.58,5.0,0.65,11.4,0.42,5.0,0.35,11.4,0.47,5.0,0.49,50.0,0.05,0.05,614.175,1776196331000
1776196333.455,133.455,0.61,50.0,0.58,5.0,0.67,8.0,0.72,5.0,0.42,5.0,0.35,11.4,0.47,5.0,0.49,50.0,0.06,0.05,614.175,1776196331000
1776196333.723,133.723,0.61,50.0,0.58,5.0,0.67,8.0,0.72,5.0,0.33,8.0,0.28,5.0,0.39,50.0,0.42,5.0,0.06,0.06,614.188,1776196332000
1776196334.357,134.357,0.61,50.0,0.58,5.0,0.67,8.0,0.72,5.0,0.33,8.0,0.28,5.0,0.39,50.0,0.42,5.0,0.06,0.06,614.28375,1776196333000
1776196334.651,134.651,0.61,50.0,0.58,5.0,0.71,5.0,0.72,5.0,0.33,8.0,0.28,5.0,0.39,50.0,0.42,5.0,0.1,0.06,614.28375,1776196333000
1776196335.199,135.199,0.61,50.0,0.58,5.0,0.71,5.0,0.72,5.0,0.29,5.0,0.28,5.0,0.39,50.0,0.42,5.0,0.1,0.1,614.28398,1776196334000
1776196336.263,136.263,0.61,47.17,0.59,10.7,0.71,5.0,0.72,5.0,0.29,5.0,0.28,5.0,0.39,50.0,0.42,5.0,0.1,0.1,614.28398,1776196334000
1776196336.494,136.494,0.61,47.17,0.59,10.7,0.71,5.0,0.72,5.0,0.29,5.0,0.28,5.0,0.39,47.17,0.41,10.7,0.1,0.1,614.266898,1776196335000
1776196337.531,137.531,0.61,47.17,0.59,10.7,0.71,5.0,0.72,5.0,0.29,5.0,0.28,5.0,0.39,47.17,0.41,10.7,0.1,0.1,614.272,1776196336000
1776196338.09,138.09,0.61,47.17,0.59,10.7,0.71,5.0,0.72,5.0,0.29,5.0,0.28,5.0,0.39,47.17,0.41,10.7,0.1,0.1,614.272,1776196337000
1776196339.111,139.111,0.61,47.17,0.59,10.7,0.71,5.0,0.72,5.0,0.29,5.0,0.28,5.0,0.39,47.17,0.41,10.7,0.1,0.1,614.276,1776196338000
1776196340.076,140.076,0.61,47.17,0.59,10.7,0.71,5.0,0.72,5.0,0.29,5.0,0.28,5.0,0.39,47.17,0.41,10.7,0.1,0.1,614.276,1776196339000
1776196341.055,141.055,0.61,47.17,0.59,10.7,0.71,5.0,0.72,5.0,0.29,5.0,0.28,5.0,0.39,47.17,0.41,10.7,0.1,0.1,614.254,1776196340000
1776196342.028,142.028,0.61,47.17,0.59,10.7,0.71,5.0,0.72,5.0,0.29,5.0,0.28,5.0,0.39,47.17,0.41,10.7,0.1,0.1,614.241,1776196341000
1776196343.07,143.07,0.61,47.17,0.59,10.7,0.71,5.0,0.72,5.0,0.29,5.0,0.28,5.0,0.39,47.17,0.41,10.7,0.1,0.1,614.199,1776196342000
1776196343.977,143.977,0.61,47.17,0.59,10.7,0.71,5.0,0.72,5.0,0.29,5.0,0.28,5.0,0.39,47.17,0.41,10.7,0.1,0.1,614.221,1776196343000
1776196345.011,145.011,0.61,47.17,0.59,10.7,0.71,5.0,0.72,5.0,0.29,5.0,0.28,5.0,0.39,47.17,0.41,10.7,0.1,0.1,614.229,1776196344000
1776196345.952,145.952,0.61,47.17,0.59,10.7,0.71,5.0,0.72,5.0,0.29,5.0,0.28,5.0,0.39,47.17,0.41,10.7,0.1,0.1,614.225,1776196345000
1776196346.902,146.902,0.61,47.17,0.59,10.7,0.71,5.0,0.72,5.0,0.29,5.0,0.28,5.0,0.39,47.17,0.41,10.7,0.1,0.1,614.223,1776196346000
1776196347.973,147.973,0.61,47.17,0.59,10.7,0.71,5.0,0.72,5.0,0.29,5.0,0.28,5.0,0.39,47.17,0.41,10.7,0.1,0.1,614.222,1776196347000
1776196348.968,148.968,0.61,47.17,0.59,10.7,0.71,5.0,0.72,5.0,0.29,5.0,0.28,5.0,0.39,47.17,0.41,10.7,0.1,0.1,614.236177,1776196348000
1776196350.518,150.518,0.61,47.17,0.59,10.7,0.71,5.0,0.72,5.0,0.29,5.0,0.28,5.0,0.39,47.17,0.41,10.7,0.1,0.1,614.254,1776196349000
1776196351.061,151.061,0.61,47.17,0.59,10.7,0.71,5.0,0.72,5.0,0.29,5.0,0.28,5.0,0.39,47.17,0.41,10.7,0.1,0.1,614.254,1776196350000
1776196351.277,151.277,0.72,12.9,0.71,12.6,0.8,3.75,0.81,50.0,0.29,5.0,0.28,5.0,0.39,47.17,0.41,10.7,0.08,0.1,614.254,1776196350000
1776196352.021,152.021,0.72,12.9,0.71,12.6,0.8,3.75,0.81,50.0,0.2,3.75,0.19,50.0,0.28,12.9,0.29,12.6,0.08,0.08,614.259,1776196351000
1776196353.061,153.061,0.72,12.9,0.71,12.6,0.8,3.75,0.81,50.0,0.2,3.75,0.19,50.0,0.28,12.9,0.29,12.6,0.08,0.08,614.259,1776196352000
1776196354.156,154.156,0.72,12.9,0.71,12.6,0.8,3.75,0.81,50.0,0.2,3.75,0.19,50.0,0.28,12.9,0.29,12.6,0.08,0.08,614.321,1776196353000
1776196355.164,155.164,0.72,12.9,0.71,12.6,0.8,3.75,0.81,50.0,0.2,3.75,0.19,50.0,0.28,12.9,0.29,12.6,0.08,0.08,614.321,1776196354000
1776196356.221,156.221,0.72,12.9,0.71,12.6,0.8,3.75,0.81,50.0,0.2,3.75,0.19,50.0,0.28,12.9,0.29,12.6,0.08,0.08,614.329,1776196355000
1776196357.232,157.232,0.72,12.9,0.71,12.6,0.8,3.75,0.81,50.0,0.2,3.75,0.19,50.0,0.28,12.9,0.29,12.6,0.08,0.08,614.365,1776196356000
1776196358.277,158.277,0.72,12.9,0.71,12.6,0.8,3.75,0.81,50.0,0.2,3.75,0.19,50.0,0.28,12.9,0.29,12.6,0.08,0.08,614.424,1776196357000
1776196359.372,159.372,0.72,12.9,0.71,12.6,0.8,3.75,0.81,50.0,0.2,3.75,0.19,50.0,0.28,12.9,0.29,12.6,0.08,0.08,614.427,1776196358000
1776196360.319,160.319,0.72,12.9,0.71,12.6,0.8,3.75,0.81,50.0,0.2,3.75,0.19,50.0,0.28,12.9,0.29,12.6,0.08,0.08,614.446,1776196359000
1776196361.346,161.346,0.72,12.9,0.71,12.6,0.8,3.75,0.81,50.0,0.2,3.75,0.19,50.0,0.28,12.9,0.29,12.6,0.08,0.08,614.446,1776196360000
1776196362.306,162.306,0.72,12.9,0.71,12.6,0.8,3.75,0.81,50.0,0.2,3.75,0.19,50.0,0.28,12.9,0.29,12.6,0.08,0.08,614.417016,1776196361000
1776196363.934,163.934,0.72,12.9,0.71,12.6,0.8,3.75,0.81,50.0,0.2,3.75,0.19,50.0,0.28,12.9,0.29,12.6,0.08,0.08,614.417401,1776196362000
1776196365.059,165.059,0.72,12.9,0.71,12.6,0.8,3.75,0.81,50.0,0.2,3.75,0.19,50.0,0.28,12.9,0.29,12.6,0.08,0.08,614.409267,1776196363000
1776196365.611,165.611,0.72,12.9,0.71,12.6,0.8,3.75,0.81,50.0,0.2,3.75,0.19,50.0,0.28,12.9,0.29,12.6,0.08,0.08,614.31,1776196364000
1776196366.236,166.236,0.72,12.9,0.71,12.6,0.8,3.75,0.81,50.0,0.2,3.75,0.19,50.0,0.28,12.9,0.29,12.6,0.08,0.08,614.30342,1776196365000
1776196367.628,167.628,0.72,12.9,0.71,12.6,0.8,3.75,0.81,50.0,0.2,3.75,0.19,50.0,0.28,12.9,0.29,12.6,0.08,0.08,614.241,1776196366000
1776196368.186,168.186,0.72,12.9,0.71,12.6,0.8,3.75,0.81,50.0,0.2,3.75,0.19,50.0,0.28,12.9,0.29,12.6,0.08,0.08,614.241,1776196367000
1776196369.64,169.64,0.72,12.9,0.71,12.6,0.8,3.75,0.81,50.0,0.2,3.75,0.19,50.0,0.28,12.9,0.29,12.6,0.08,0.08,614.238,1776196368000
1776196370.212,170.212,0.72,12.9,0.71,12.6,0.8,3.75,0.81,50.0,0.2,3.75,0.19,50.0,0.28,12.9,0.29,12.6,0.08,0.08,614.238,1776196369000
1776196371.537,171.537,0.72,12.9,0.71,12.6,0.8,3.75,0.81,50.0,0.2,3.75,0.19,50.0,0.28,12.9,0.29,12.6,0.08,0.08,614.228,1776196370000
1776196372.121,172.121,0.72,12.9,0.71,12.6,0.8,3.75,0.81,50.0,0.2,3.75,0.19,50.0,0.28,12.9,0.29,12.6,0.08,0.08,614.231,1776196371000
1776196373.452,173.452,0.72,12.9,0.71,12.6,0.8,3.75,0.81,50.0,0.2,3.75,0.19,50.0,0.28,12.9,0.29,12.6,0.08,0.08,614.231,1776196372000
1776196374.009,174.009,0.63,3.84,0.62,6.0,0.7,10.0,0.71,50.0,0.3,10.0,0.29,50.0,0.37,3.84,0.38,6.0,0.07,0.07,614.208,1776196373000
1776196375.158,175.158,0.63,3.84,0.62,6.0,0.7,10.0,0.71,50.0,0.3,10.0,0.29,50.0,0.37,3.84,0.38,6.0,0.07,0.07,614.173787,1776196374000
1776196376.512,176.512,0.63,3.84,0.62,6.0,0.7,10.0,0.71,50.0,0.3,10.0,0.29,50.0,0.37,3.84,0.38,6.0,0.07,0.07,614.144,1776196375000
1776196377.105,177.105,0.63,3.84,0.62,6.0,0.7,10.0,0.71,50.0,0.3,10.0,0.29,50.0,0.37,3.84,0.38,6.0,0.07,0.07,614.168,1776196376000
1776196378.288,178.288,0.63,3.84,0.62,6.0,0.7,10.0,0.71,50.0,0.3,10.0,0.29,50.0,0.37,3.84,0.38,6.0,0.07,0.07,614.148,1776196377000
1776196379.543,179.543,0.63,3.84,0.62,6.0,0.7,10.0,0.71,50.0,0.3,10.0,0.29,50.0,0.37,3.84,0.38,6.0,0.07,0.07,614.177,1776196378000
1776196380.59,180.59,0.63,3.84,0.62,6.0,0.7,10.0,0.71,50.0,0.3,10.0,0.29,50.0,0.37,3.84,0.38,6.0,0.07,0.07,614.181,1776196379000
1776196381.161,181.161,0.63,3.84,0.62,6.0,0.7,10.0,0.71,50.0,0.3,10.0,0.29,50.0,0.37,3.84,0.38,6.0,0.07,0.07,614.181,1776196380000
1776196382.369,182.369,0.63,3.84,0.62,6.0,0.7,10.0,0.71,50.0,0.3,10.0,0.29,50.0,0.37,3.84,0.38,6.0,0.07,0.07,614.178,1776196381000
1776196383.071,183.071,0.63,3.84,0.62,6.0,0.7,10.0,0.71,50.0,0.3,10.0,0.29,50.0,0.37,3.84,0.38,6.0,0.07,0.07,614.18,1776196382000
1776196383.484,183.484,0.63,5.0,0.6,5.0,0.64,5.0,0.81,50.0,0.3,10.0,0.29,50.0,0.37,3.84,0.38,6.0,0.01,0.07,614.18,1776196382000
1776196384.149,184.149,0.7,9.0,0.63,27.0,0.81,50.0,0.84,19.3,0.19,50.0,0.16,19.3,0.3,9.0,0.37,27.0,0.11,0.11,614.183,1776196383000
1776196385.23,185.23,0.7,9.0,0.63,27.0,0.81,50.0,0.84,19.3,0.19,50.0,0.16,19.3,0.3,9.0,0.37,27.0,0.11,0.11,614.209649,1776196384000
1776196386.457,186.457,0.7,9.0,0.63,27.0,0.81,50.0,0.84,19.3,0.19,50.0,0.16,19.3,0.3,9.0,0.37,27.0,0.11,0.11,614.334,1776196385000
1776196387.053,187.053,0.7,9.0,0.63,27.0,0.81,50.0,0.84,19.3,0.19,50.0,0.16,19.3,0.3,9.0,0.37,27.0,0.11,0.11,614.334,1776196386000
1776196388.142,188.142,0.7,9.0,0.63,27.0,0.81,50.0,0.84,19.3,0.19,50.0,0.16,19.3,0.3,9.0,0.37,27.0,0.11,0.11,614.412363,1776196387000
1776196389.317,189.317,0.7,9.0,0.63,27.0,0.81,50.0,0.84,19.3,0.19,50.0,0.16,19.3,0.3,9.0,0.37,27.0,0.11,0.11,614.432,1776196388000
1776196389.988,189.988,0.7,9.0,0.63,27.0,0.81,50.0,0.84,19.3,0.19,50.0,0.16,19.3,0.3,9.0,0.37,27.0,0.11,0.11,614.432,1776196389000
1776196391.127,191.127,0.7,9.0,0.63,27.0,0.81,50.0,0.84,19.3,0.19,50.0,0.16,19.3,0.3,9.0,0.37,27.0,0.11,0.11,614.435,1776196390000
1776196392.194,192.194,0.7,9.0,0.63,27.0,0.81,50.0,0.84,19.3,0.19,50.0,0.16,19.3,0.3,9.0,0.37,27.0,0.11,0.11,614.438,1776196391000
1776196393.177,193.177,0.7,9.0,0.63,27.0,0.81,50.0,0.84,19.3,0.19,50.0,0.16,19.3,0.3,9.0,0.37,27.0,0.11,0.11,614.483,1776196392000
1776196393.908,193.908,0.81,15.0,0.79,5.0,0.91,48.46,0.92,10.0,0.09,48.46,0.08,10.0,0.19,15.0,0.21,5.0,0.1,0.1,614.483,1776196393000
1776196395.444,195.444,0.81,15.0,0.79,5.0,0.91,48.46,0.92,10.0,0.09,48.46,0.08,10.0,0.19,15.0,0.21,5.0,0.1,0.1,614.475,1776196394000
1776196396.18,196.18,0.81,15.0,0.79,5.0,0.91,48.46,0.92,10.0,0.09,48.46,0.08,10.0,0.19,15.0,0.21,5.0,0.1,0.1,614.475,1776196395000
1776196397.293,197.293,0.81,15.0,0.79,5.0,0.91,48.46,0.92,10.0,0.09,48.46,0.08,10.0,0.19,15.0,0.21,5.0,0.1,0.1,614.472,1776196396000
1776196398.737,198.737,0.81,15.0,0.79,5.0,0.91,48.46,0.92,10.0,0.09,48.46,0.08,10.0,0.19,15.0,0.21,5.0,0.1,0.1,614.473,1776196397000
1776196399.448,199.448,0.81,15.0,0.79,5.0,0.91,48.46,0.92,10.0,0.09,48.46,0.08,10.0,0.19,15.0,0.21,5.0,0.1,0.1,614.5,1776196398000
1776196400.026,200.026,0.81,15.0,0.79,5.0,0.91,48.46,0.92,10.0,0.09,48.46,0.08,10.0,0.19,15.0,0.21,5.0,0.1,0.1,614.5,1776196399000
1776196401.31,201.31,0.81,15.0,0.79,5.0,0.91,48.46,0.92,10.0,0.09,48.46,0.08,10.0,0.19,15.0,0.21,5.0,0.1,0.1,614.51,1776196400000
1776196402.132,202.132,0.86,21.6,0.85,20.39,0.93,8.92,0.94,46.1,0.09,48.46,0.08,10.0,0.19,15.0,0.21,5.0,0.07,0.1,614.51,1776196400000
1776196402.564,202.564,0.86,21.6,0.85,20.39,0.93,8.92,0.94,46.1,0.07,8.92,0.06,46.1,0.14,21.6,0.15,20.39,0.07,0.07,614.519,1776196401000
1776196403.201,203.201,0.86,21.6,0.85,20.39,0.93,8.92,0.94,46.1,0.07,8.92,0.06,46.1,0.14,21.6,0.15,20.39,0.07,0.07,614.528,1776196402000
1776196404.438,204.438,0.86,21.6,0.85,20.39,0.93,8.92,0.94,46.1,0.07,8.92,0.06,46.1,0.14,21.6,0.15,20.39,0.07,0.07,614.526,1776196403000
1776196404.904,204.904,0.89,26.6,0.88,24.6,0.93,6.76,0.94,46.1,0.07,8.92,0.06,46.1,0.14,21.6,0.15,20.39,0.04,0.07,614.526,1776196403000
1776196405.305,205.305,0.89,26.6,0.88,24.6,0.93,6.76,0.94,46.1,0.07,6.76,0.06,46.1,0.11,26.6,0.12,24.6,0.04,0.04,614.526,1776196404000
1776196406.0,206.0,0.89,26.6,0.88,24.6,0.94,7.87,0.96,67.7,0.07,6.76,0.06,46.1,0.11,26.6,0.12,24.6,0.05,0.04,614.526,1776196404000
1776196406.477,206.477,0.89,26.6,0.88,24.6,0.94,7.87,0.96,67.7,0.06,7.87,0.04,67.7,0.11,26.6,0.12,24.6,0.05,0.05,614.517,1776196405000
1776196407.193,207.193,0.89,26.6,0.88,24.6,0.94,7.87,0.96,67.7,0.06,7.87,0.04,67.7,0.11,26.6,0.12,24.6,0.05,0.05,614.517,1776196406000
1776196408.394,208.394,0.89,26.6,0.88,24.6,0.94,7.87,0.96,67.7,0.06,7.87,0.04,67.7,0.11,26.6,0.12,24.6,0.05,0.05,614.544793,1776196407000
1776196409.078,209.078,0.89,26.6,0.88,24.6,0.94,7.87,0.96,67.7,0.06,7.87,0.04,67.7,0.11,26.6,0.12,24.6,0.05,0.05,614.547,1776196408000
1776196409.391,209.391,0.92,35.29,0.91,31.7,0.97,94.3,0.98,142.69,0.06,7.87,0.04,67.7,0.11,26.6,0.12,24.6,0.05,0.05,614.547,1776196408000
1776196410.261,210.261,0.92,35.29,0.91,31.7,0.97,94.3,0.98,142.69,0.03,94.3,0.02,142.69,0.08,35.29,0.09,31.7,0.05,0.05,614.631937,1776196409000
1776196412.146,212.146,0.92,35.29,0.91,31.7,0.97,94.3,0.98,142.69,0.03,94.3,0.02,142.69,0.08,35.29,0.09,31.7,0.05,0.05,614.568,1776196411000
1776196413.706,213.706,0.89,26.6,0.88,24.6,0.91,50.0,0.95,54.7,0.09,50.0,0.05,54.7,0.11,26.6,0.12,24.6,0.02,0.02,614.581,1776196412000
1776196414.448,214.448,0.89,26.6,0.88,24.6,0.91,50.0,0.95,54.7,0.09,50.0,0.05,54.7,0.11,26.6,0.12,24.6,0.02,0.02,614.581,1776196413000
1776196415.256,215.256,0.89,26.6,0.88,24.6,0.91,50.0,0.95,54.7,0.09,50.0,0.05,54.7,0.11,26.6,0.12,24.6,0.02,0.02,614.528,1776196414000
1776196416.438,216.438,0.89,26.6,0.88,24.6,0.91,50.0,0.95,54.7,0.09,50.0,0.05,54.7,0.11,26.6,0.12,24.6,0.02,0.02,614.499,1776196415000
1776196417.089,217.089,0.89,26.6,0.88,24.6,0.91,50.0,0.95,54.7,0.09,50.0,0.05,54.7,0.11,26.6,0.12,24.6,0.02,0.02,614.434,1776196416000
1776196418.469,218.469,0.89,26.6,0.88,24.6,0.91,50.0,0.95,54.7,0.09,50.0,0.05,54.7,0.11,26.6,0.12,24.6,0.02,0.02,614.421,1776196417000
1776196418.952,218.952,0.76,5.0,0.74,13.5,0.81,40.0,0.91,81.7,0.09,50.0,0.05,54.7,0.11,26.6,0.12,24.6,0.05,0.02,614.421,1776196417000
1776196419.169,219.169,0.76,5.0,0.74,13.5,0.81,40.0,0.91,81.7,0.19,40.0,0.09,81.7,0.24,5.0,0.26,13.5,0.05,0.05,614.421,1776196418000
1776196420.395,220.395,0.76,5.0,0.74,13.5,0.81,40.0,0.91,81.7,0.19,40.0,0.09,81.7,0.24,5.0,0.26,13.5,0.05,0.05,614.392,1776196419000
1776196421.086,221.086,0.76,5.0,0.74,13.5,0.81,40.0,0.91,81.7,0.19,40.0,0.09,81.7,0.24,5.0,0.26,13.5,0.05,0.05,614.388075,1776196420000
1776196422.294,222.294,0.76,5.0,0.74,13.5,0.81,40.0,0.91,81.7,0.19,40.0,0.09,81.7,0.24,5.0,0.26,13.5,0.05,0.05,614.354,1776196421000
1776196423.606,223.606,0.76,5.0,0.74,13.5,0.81,40.0,0.91,81.7,0.19,40.0,0.09,81.7,0.24,5.0,0.26,13.5,0.05,0.05,614.376,1776196422000
1776196424.244,224.244,0.76,5.0,0.74,13.5,0.81,40.0,0.91,81.7,0.19,40.0,0.09,81.7,0.24,5.0,0.26,13.5,0.05,0.05,614.376,1776196423000
1776196425.484,225.484,0.76,5.0,0.74,13.5,0.81,40.0,0.91,81.7,0.19,40.0,0.09,81.7,0.24,5.0,0.26,13.5,0.05,0.05,614.356,1776196424000
1776196426.16,226.16,0.76,5.0,0.74,13.5,0.81,40.0,0.91,81.7,0.19,40.0,0.09,81.7,0.24,5.0,0.26,13.5,0.05,0.05,614.356,1776196425000
1776196427.388,227.388,0.76,5.0,0.74,13.5,0.81,40.0,0.91,81.7,0.19,40.0,0.09,81.7,0.24,5.0,0.26,13.5,0.05,0.05,614.356,1776196426000
1776196427.972,227.972,0.76,5.0,0.74,13.5,0.81,40.0,0.91,81.7,0.19,40.0,0.09,81.7,0.24,5.0,0.26,13.5,0.05,0.05,614.356,1776196427000
1776196429.102,229.102,0.76,5.0,0.74,13.5,0.81,40.0,0.91,81.7,0.19,40.0,0.09,81.7,0.24,5.0,0.26,13.5,0.05,0.05,614.324,1776196428000
1776196430.514,230.514,0.76,5.0,0.74,13.5,0.81,40.0,0.91,81.7,0.19,40.0,0.09,81.7,0.24,5.0,0.26,13.5,0.05,0.05,614.325437,1776196429000
1776196431.03,231.03,0.76,5.0,0.74,13.5,0.81,40.0,0.91,81.7,0.19,40.0,0.09,81.7,0.24,5.0,0.26,13.5,0.05,0.05,614.344,1776196430000
1776196432.176,232.176,0.76,5.0,0.74,13.5,0.81,40.0,0.91,81.7,0.19,40.0,0.09,81.7,0.24,5.0,0.26,13.5,0.05,0.05,614.339,1776196431000
1776196436.397,236.397,0.76,5.0,0.74,13.5,0.81,40.0,0.91,81.7,0.19,40.0,0.09,81.7,0.24,5.0,0.26,13.5,0.05,0.05,614.33,1776196432000
1776196436.997,236.997,0.76,5.0,0.74,13.5,0.81,40.0,0.91,81.7,0.19,40.0,0.09,81.7,0.24,5.0,0.26,13.5,0.05,0.05,614.333,1776196436000
1776196438.197,238.197,0.76,5.0,0.74,13.5,0.81,40.0,0.91,81.7,0.19,40.0,0.09,81.7,0.24,5.0,0.26,13.5,0.05,0.05,614.335,1776196437000
1776196439.299,239.299,0.76,5.0,0.74,13.5,0.81,40.0,0.91,81.7,0.19,40.0,0.09,81.7,0.24,5.0,0.26,13.5,0.05,0.05,614.256,1776196438000
1776196440.571,240.571,0.76,5.0,0.74,13.5,0.81,40.0,0.91,81.7,0.19,40.0,0.09,81.7,0.24,5.0,0.26,13.5,0.05,0.05,614.283,1776196439000
1776196441.166,241.166,0.76,5.0,0.74,13.5,0.81,40.0,0.91,81.7,0.19,40.0,0.09,81.7,0.24,5.0,0.26,13.5,0.05,0.05,614.283,1776196440000
1776196442.302,242.302,0.76,5.0,0.74,13.5,0.81,40.0,0.91,81.7,0.19,40.0,0.09,81.7,0.24,5.0,0.26,13.5,0.05,0.05,614.348,1776196441000
1776196443.465,243.465,0.76,5.0,0.74,13.5,0.81,40.0,0.91,81.7,0.19,40.0,0.09,81.7,0.24,5.0,0.26,13.5,0.05,0.05,614.336,1776196442000
1776196444.529,244.529,0.76,5.0,0.74,13.5,0.81,40.0,0.91,81.7,0.19,40.0,0.09,81.7,0.24,5.0,0.26,13.5,0.05,0.05,614.31,1776196443000
1776196445.12,245.12,0.76,5.0,0.74,13.5,0.81,40.0,0.91,81.7,0.19,40.0,0.09,81.7,0.24,5.0,0.26,13.5,0.05,0.05,614.31,1776196444000
1776196446.295,246.295,0.76,5.0,0.74,13.5,0.81,40.0,0.91,81.7,0.19,40.0,0.09,81.7,0.24,5.0,0.26,13.5,0.05,0.05,614.356,1776196445000
1776196447.334,247.334,0.76,5.0,0.74,13.5,0.81,40.0,0.91,81.7,0.19,40.0,0.09,81.7,0.24,5.0,0.26,13.5,0.05,0.05,614.355,1776196446000
1776196447.871,247.871,0.76,5.0,0.74,13.5,0.81,40.0,0.91,81.7,0.19,40.0,0.09,81.7,0.24,5.0,0.26,13.5,0.05,0.05,614.355,1776196447000
1776196448.977,248.977,0.76,5.0,0.74,13.5,0.81,40.0,0.91,81.7,0.19,40.0,0.09,81.7,0.24,5.0,0.26,13.5,0.05,0.05,614.356,1776196448000
1776196450.001,250.001,0.76,5.0,0.74,13.5,0.81,40.0,0.91,81.7,0.19,40.0,0.09,81.7,0.24,5.0,0.26,13.5,0.05,0.05,614.36,1776196449000
1776196451.04,251.04,0.76,5.0,0.74,13.5,0.81,40.0,0.91,81.7,0.19,40.0,0.09,81.7,0.24,5.0,0.26,13.5,0.05,0.05,614.343,1776196450000
1776196452.01,252.01,0.76,5.0,0.74,13.5,0.81,40.0,0.91,81.7,0.19,40.0,0.09,81.7,0.24,5.0,0.26,13.5,0.05,0.05,614.343,1776196451000
1776196453.106,253.106,0.76,5.0,0.74,13.5,0.81,40.0,0.91,81.7,0.19,40.0,0.09,81.7,0.24,5.0,0.26,13.5,0.05,0.05,614.344,1776196452000
1776196454.095,254.095,0.83,0.91,0.82,17.6,0.98,137.69,0.99,667.6,0.19,40.0,0.09,81.7,0.24,5.0,0.26,13.5,0.15,0.05,614.344,1776196452000
1776196455.168,255.168,0.82,13.64,0.81,66.89,0.98,137.69,0.99,667.6,0.02,137.69,0.01,667.6,0.18,13.64,0.19,66.89,0.16,0.16,614.389,1776196454000
1776196456.219,256.219,0.82,13.64,0.81,66.89,0.98,137.69,0.99,667.6,0.02,137.69,0.01,667.6,0.18,13.64,0.19,66.89,0.16,0.16,614.367,1776196455000
1776196457.186,257.186,0.82,13.64,0.81,66.89,0.98,137.69,0.99,667.6,0.02,137.69,0.01,667.6,0.18,13.64,0.19,66.89,0.16,0.16,614.298,1776196456000
1776196458.318,258.318,0.82,13.64,0.81,66.89,0.98,137.69,0.99,667.6,0.02,137.69,0.01,667.6,0.18,13.64,0.19,66.89,0.16,0.16,614.293,1776196457000
1776196458.925,258.925,0.82,13.64,0.81,66.89,0.98,137.69,0.99,667.6,0.02,137.69,0.01,667.6,0.18,13.64,0.19,66.89,0.16,0.16,614.308,1776196458000
1776196460.074,260.074,0.82,13.64,0.81,66.89,0.98,137.69,0.99,667.6,0.02,137.69,0.01,667.6,0.18,13.64,0.19,66.89,0.16,0.16,614.31,1776196459000
1776196461.157,261.157,0.82,13.64,0.81,66.89,0.98,137.69,0.99,667.6,0.02,137.69,0.01,667.6,0.18,13.64,0.19,66.89,0.16,0.16,614.303,1776196460000
1776196461.489,261.489,0.92,35.29,0.91,31.7,0.97,92.23,0.98,137.69,0.02,137.69,0.01,667.6,0.18,13.64,0.19,66.89,0.05,0.16,614.303,1776196460000
1776196462.324,262.324,0.92,35.29,0.91,31.7,0.97,92.23,0.98,137.69,0.03,92.23,0.02,137.69,0.08,35.29,0.09,31.7,0.05,0.05,614.297,1776196461000
1776196462.943,262.943,0.92,35.29,0.91,31.7,0.97,92.23,0.98,137.69,0.03,92.23,0.02,137.69,0.08,35.29,0.09,31.7,0.05,0.05,614.297,1776196462000
1776196464.203,264.203,0.92,35.29,0.91,31.7,0.97,92.23,0.98,137.69,0.03,92.23,0.02,137.69,0.08,35.29,0.09,31.7,0.05,0.05,614.299,1776196463000
1776196465.28,265.28,0.92,35.29,0.91,31.7,0.97,92.23,0.98,137.69,0.03,92.23,0.02,137.69,0.08,35.29,0.09,31.7,0.05,0.05,614.293,1776196464000
1776196466.453,266.453,0.92,35.29,0.91,31.7,0.97,92.23,0.98,137.69,0.03,92.23,0.02,137.69,0.08,35.29,0.09,31.7,0.05,0.05,614.275,1776196465000
1776196466.981,266.981,0.92,35.29,0.91,31.7,0.97,92.23,0.98,137.69,0.03,92.23,0.02,137.69,0.08,35.29,0.09,31.7,0.05,0.05,614.275,1776196466000
1776196468.028,268.028,0.92,35.29,0.91,31.7,0.97,92.23,0.98,137.69,0.03,92.23,0.02,137.69,0.08,35.29,0.09,31.7,0.05,0.05,614.286,1776196467000
1776196469.272,269.272,0.92,35.29,0.91,31.7,0.97,92.23,0.98,137.69,0.03,92.23,0.02,137.69,0.08,35.29,0.09,31.7,0.05,0.05,614.272,1776196468000
1776196470.528,270.528,0.92,35.29,0.91,31.7,0.97,92.23,0.98,137.69,0.03,92.23,0.02,137.69,0.08,35.29,0.09,31.7,0.05,0.05,614.246587,1776196469000
1776196470.912,270.912,0.92,35.29,0.91,31.7,0.97,92.23,0.98,137.69,0.03,92.23,0.02,137.69,0.08,35.29,0.09,31.7,0.05,0.05,614.236,1776196470000
1776196472.008,272.008,0.92,35.29,0.91,31.7,0.97,92.23,0.98,137.69,0.03,92.23,0.02,137.69,0.08,35.29,0.09,31.7,0.05,0.05,614.245,1776196471000
1776196473.072,273.072,0.92,35.29,0.91,31.7,0.97,92.23,0.98,137.69,0.03,92.23,0.02,137.69,0.08,35.29,0.09,31.7,0.05,0.05,614.229,1776196472000
1776196474.146,274.146,0.92,35.29,0.91,31.7,0.97,92.23,0.98,137.69,0.03,92.23,0.02,137.69,0.08,35.29,0.09,31.7,0.05,0.05,614.225,1776196473000
1776196475.175,275.175,0.92,35.29,0.91,31.7,0.97,92.23,0.98,137.69,0.03,92.23,0.02,137.69,0.08,35.29,0.09,31.7,0.05,0.05,614.213,1776196474000
1776196476.075,276.075,0.92,35.29,0.91,31.7,0.97,92.23,0.98,137.69,0.03,92.23,0.02,137.69,0.08,35.29,0.09,31.7,0.05,0.05,614.208,1776196475000
1776196477.06,277.06,0.92,35.29,0.91,31.7,0.97,92.23,0.98,137.69,0.03,92.23,0.02,137.69,0.08,35.29,0.09,31.7,0.05,0.05,614.11,1776196476000
1776196478.032,278.032,0.92,35.29,0.91,31.7,0.97,92.23,0.98,137.69,0.03,92.23,0.02,137.69,0.08,35.29,0.09,31.7,0.05,0.05,614.054,1776196477000
1776196478.555,278.555,0.61,50.0,0.51,50.0,0.79,58.9,0.91,50.0,0.03,92.23,0.02,137.69,0.08,35.29,0.09,31.7,0.18,0.05,614.054,1776196477000
1776196479.083,279.083,0.61,50.0,0.51,50.0,0.79,58.9,0.91,50.0,0.21,58.9,0.09,50.0,0.39,50.0,0.49,50.0,0.18,0.18,614.116,1776196478000
1776196480.099,280.099,0.61,50.0,0.51,50.0,0.79,58.9,0.91,50.0,0.21,58.9,0.09,50.0,0.39,50.0,0.49,50.0,0.18,0.18,614.116,1776196479000
1776196481.09,281.09,0.61,50.0,0.51,50.0,0.79,58.9,0.91,50.0,0.21,58.9,0.09,50.0,0.39,50.0,0.49,50.0,0.18,0.18,614.108,1776196480000
1776196482.119,282.119,0.61,50.0,0.51,50.0,0.79,58.9,0.91,50.0,0.21,58.9,0.09,50.0,0.39,50.0,0.49,50.0,0.18,0.18,614.108,1776196481000
1776196483.128,283.128,0.61,50.0,0.51,50.0,0.79,58.9,0.91,50.0,0.21,58.9,0.09,50.0,0.39,50.0,0.49,50.0,0.18,0.18,614.108,1776196482000
1776196484.203,284.203,0.61,50.0,0.51,50.0,0.79,58.9,0.91,50.0,0.21,58.9,0.09,50.0,0.39,50.0,0.49,50.0,0.18,0.18,614.111,1776196483000
1776196485.189,285.189,0.61,50.0,0.51,50.0,0.79,58.9,0.91,50.0,0.21,58.9,0.09,50.0,0.39,50.0,0.49,50.0,0.18,0.18,614.111,1776196484000
1776196485.443,285.443,0.61,50.0,0.51,50.0,0.91,50.0,0.96,200.0,0.21,58.9,0.09,50.0,0.39,50.0,0.49,50.0,0.3,0.18,614.111,1776196484000
1776196486.147,286.147,0.61,50.0,0.51,50.0,0.91,50.0,0.96,200.0,0.09,50.0,0.04,200.0,0.39,50.0,0.49,50.0,0.3,0.3,614.103,1776196485000
1776196487.265,287.265,0.61,50.0,0.51,50.0,0.91,50.0,0.96,200.0,0.09,50.0,0.04,200.0,0.39,50.0,0.49,50.0,0.3,0.3,614.07,1776196486000
1776196488.097,288.097,0.61,50.0,0.51,50.0,0.91,6.48,0.95,200.0,0.05,200.0,0.03,5.0,0.29,41.63,0.39,50.0,0.3,0.24,614.07,1776196486000
1776196488.332,288.332,0.71,44.99,0.61,50.0,0.91,6.48,0.95,200.0,0.09,6.48,0.05,200.0,0.29,44.99,0.39,50.0,0.2,0.2,614.082,1776196487000
1776196488.941,288.941,0.71,39.98,0.61,50.0,0.91,6.48,0.95,200.0,0.09,6.48,0.05,200.0,0.29,39.98,0.39,50.0,0.2,0.2,614.103,1776196488000
1776196490.057,290.057,0.71,39.98,0.61,50.0,0.91,6.48,0.95,200.0,0.09,6.48,0.05,200.0,0.29,39.98,0.39,50.0,0.2,0.2,614.118,1776196489000
1776196491.224,291.224,0.71,39.98,0.61,50.0,0.91,6.48,0.95,200.0,0.09,6.48,0.05,200.0,0.29,39.98,0.39,50.0,0.2,0.2,614.167,1776196490000
1776196491.965,291.965,0.71,39.98,0.61,50.0,0.91,6.48,0.95,200.0,0.09,6.48,0.05,200.0,0.29,39.98,0.39,50.0,0.2,0.2,614.173,1776196491000
1776196492.266,292.266,0.71,39.98,0.61,50.0,0.91,1.48,0.97,5.0,0.09,6.48,0.05,200.0,0.29,39.98,0.39,50.0,0.2,0.2,614.173,1776196491000
1776196493.033,293.033,0.71,39.98,0.61,50.0,0.91,1.48,0.97,5.0,0.09,1.48,0.03,5.0,0.29,39.98,0.39,50.0,0.2,0.2,614.159,1776196492000
1776196494.207,294.207,0.71,39.98,0.61,50.0,0.91,1.48,0.97,5.0,0.09,1.48,0.03,5.0,0.29,39.98,0.39,50.0,0.2,0.2,614.123,1776196493000
1776196495.339,295.339,0.81,50.0,0.71,39.98,0.97,5.0,0.98,105.0,0.03,5.0,0.02,105.0,0.19,50.0,0.29,39.98,0.16,0.16,614.121,1776196494000
1776196495.802,295.802,0.81,50.0,0.71,39.98,0.97,1.96,0.98,105.0,0.03,5.0,0.02,105.0,0.19,50.0,0.29,39.98,0.16,0.16,614.121,1776196494000
1776196496.489,296.489,0.81,50.0,0.71,39.98,0.97,0.83,0.98,5.0,0.03,1.96,0.02,105.0,0.19,50.0,0.29,39.98,0.16,0.16,614.121,1776196495000
1776196497.068,297.068,0.81,50.0,0.71,39.98,0.97,0.83,0.98,5.0,0.03,0.83,0.02,5.0,0.19,50.0,0.29,39.98,0.16,0.16,614.128,1776196496000
1776196497.334,297.334,0.81,50.0,0.71,39.98,0.99,92.68,,,0.03,0.83,0.02,5.0,0.19,50.0,0.29,39.98,0.18,0.16,614.128,1776196496000
1776196497.696,297.696,0.81,50.0,0.71,39.98,0.99,70.55,,,0.01,80.55,,,0.19,50.0,0.29,39.98,0.18,0.18,614.128,1776196496000
1776196497.924,297.924,0.81,6.77,0.71,39.98,0.99,70.55,,,0.01,70.55,,,0.19,50.0,0.29,39.98,0.18,0.18,614.128,1776196496000
1776196498.254,298.254,0.81,6.77,0.71,39.98,0.99,28.11,,,0.01,30.14,,,0.19,6.77,0.29,39.98,0.18,0.18,614.128,1776196496000
1776196498.523,298.523,0.81,6.77,0.71,39.98,,,,,0.01,7.0,,,0.19,6.77,0.29,39.98,,0.18,614.125,1776196497000
1776196498.986,298.986,0.81,6.77,0.71,39.98,,,,,,,,,0.19,6.77,0.29,39.98,,,614.125,1776196498000
1776196500.266,300.266,0.81,6.77,0.71,39.98,,,,,,,,,0.19,6.77,0.29,39.98,,,614.137,1776196499000

# RESULT,winner=Up,slug=bnb-updown-5m-1776196200,ticks=312
