timestamp,elapsed_sec,up_bid_p1,up_bid_s1,up_bid_p2,up_bid_s2,up_ask_p1,up_ask_s1,up_ask_p2,up_ask_s2,down_bid_p1,down_bid_s1,down_bid_p2,down_bid_s2,down_ask_p1,down_ask_s1,down_ask_p2,down_ask_s2,up_spread,down_spread,bnb_price,bnb_oracle_ts
1776208201.421,1.421,,,,,,,,,,,,,,,,,,,614.517579,1776208200000
1776208201.879,1.879,0.5,5.0,0.33,300.0,0.67,300.0,0.69,395.01,0.33,300.0,0.31,395.01,0.5,5.0,0.67,300.0,0.17,0.17,614.517579,1776208200000
1776208203.034,3.034,0.5,5.0,0.33,300.0,0.67,300.0,0.69,395.01,0.33,300.0,0.31,395.01,0.5,5.0,0.67,300.0,0.17,0.17,614.427,1776208202000
1776208203.978,3.978,0.5,5.0,0.33,300.0,0.67,300.0,0.69,395.01,0.33,300.0,0.31,395.01,0.5,5.0,0.67,300.0,0.17,0.17,614.411,1776208203000
1776208204.943,4.943,0.5,5.0,0.33,300.0,0.67,300.0,0.69,395.01,0.33,300.0,0.31,395.01,0.5,5.0,0.67,300.0,0.17,0.17,614.36179,1776208204000
1776208205.803,5.803,0.51,5.0,0.5,5.0,0.6,49.0,0.61,50.0,0.33,300.0,0.31,395.01,0.5,5.0,0.67,300.0,0.09,0.17,614.36179,1776208204000
1776208206.299,6.299,0.5,5.0,0.37,5.0,0.6,49.0,0.61,50.0,0.4,49.0,0.39,50.0,0.49,5.0,0.5,5.0,0.1,0.09,614.36179,1776208204000
1776208206.676,6.676,0.5,5.0,0.37,5.0,0.6,49.0,0.61,50.0,0.4,49.0,0.39,50.0,0.5,5.0,0.63,5.0,0.1,0.1,614.36179,1776208205000
1776208207.303,7.303,0.37,5.0,0.31,50.0,0.51,5.0,0.6,49.0,0.49,5.0,0.4,49.0,0.63,5.0,0.69,50.0,0.14,0.14,614.35892,1776208206000
1776208208.282,8.282,0.37,5.0,0.31,50.0,0.48,4.12,0.5,5.0,0.49,5.0,0.4,49.0,0.63,5.0,0.69,50.0,0.11,0.14,614.35892,1776208206000
1776208208.706,8.706,0.38,10.0,0.37,5.0,0.47,6.5,0.48,4.12,0.52,4.12,0.5,5.0,0.63,5.0,0.69,50.0,0.09,0.11,614.3574,1776208207000
1776208208.911,8.911,0.38,10.0,0.37,5.0,0.47,6.5,0.48,4.12,0.53,6.5,0.52,4.12,0.62,10.0,0.63,5.0,0.09,0.09,614.35725,1776208208000
1776208210.15,10.15,0.38,10.0,0.37,5.0,0.47,6.5,0.48,4.12,0.53,6.5,0.52,4.12,0.62,10.0,0.63,5.0,0.09,0.09,614.369,1776208209000
1776208211.225,11.225,0.38,10.0,0.37,5.0,0.47,6.5,0.48,4.12,0.53,6.5,0.52,4.12,0.62,10.0,0.63,5.0,0.09,0.09,614.382,1776208210000
1776208212.688,12.688,0.38,10.0,0.37,5.0,0.47,6.5,0.48,4.12,0.53,6.5,0.52,4.12,0.62,10.0,0.63,5.0,0.09,0.09,614.35393,1776208211000
1776208213.133,13.133,0.38,10.0,0.37,5.0,0.47,6.5,0.48,4.12,0.53,6.5,0.52,4.12,0.62,10.0,0.63,5.0,0.09,0.09,614.350808,1776208212000
1776208214.097,14.097,0.38,10.0,0.37,5.0,0.47,6.5,0.48,4.12,0.53,6.5,0.52,4.12,0.62,10.0,0.63,5.0,0.09,0.09,614.334,1776208213000
1776208215.112,15.112,0.38,10.0,0.37,5.0,0.47,6.5,0.48,4.12,0.53,6.5,0.52,4.12,0.62,10.0,0.63,5.0,0.09,0.09,614.342,1776208214000
1776208216.217,16.217,0.38,10.0,0.37,5.0,0.47,6.5,0.48,4.12,0.53,6.5,0.52,4.12,0.62,10.0,0.63,5.0,0.09,0.09,614.342,1776208215000
1776208217.052,17.052,0.38,10.0,0.37,5.0,0.47,6.5,0.48,4.12,0.53,6.5,0.52,4.12,0.62,10.0,0.63,5.0,0.09,0.09,614.34157,1776208216000
1776208218.089,18.089,0.38,10.0,0.37,5.0,0.47,6.5,0.48,4.12,0.53,6.5,0.52,4.12,0.62,10.0,0.63,5.0,0.09,0.09,614.297669,1776208217000
1776208219.112,19.112,0.38,10.0,0.37,5.0,0.47,6.5,0.48,4.12,0.53,6.5,0.52,4.12,0.62,10.0,0.63,5.0,0.09,0.09,614.212,1776208218000
1776208219.581,19.581,0.25,5.0,0.24,10.0,0.34,5.0,0.35,10.0,0.53,6.5,0.52,4.12,0.62,10.0,0.63,5.0,0.09,0.09,614.212,1776208218000
1776208220.1,20.1,0.25,5.0,0.24,10.0,0.34,5.0,0.35,10.0,0.66,5.0,0.65,10.0,0.75,5.0,0.76,10.0,0.09,0.09,614.21892,1776208219000
1776208221.048,21.048,0.25,5.0,0.24,10.0,0.34,5.0,0.35,10.0,0.66,5.0,0.65,10.0,0.75,5.0,0.76,10.0,0.09,0.09,614.21895,1776208220000
1776208221.986,21.986,0.25,5.0,0.24,10.0,0.34,5.0,0.35,10.0,0.66,5.0,0.65,10.0,0.75,5.0,0.76,10.0,0.09,0.09,614.208,1776208221000
1776208223.085,23.085,0.25,5.0,0.24,10.0,0.34,5.0,0.35,10.0,0.66,5.0,0.65,10.0,0.75,5.0,0.76,10.0,0.09,0.09,614.21054,1776208222000
1776208224.002,24.002,0.25,5.0,0.24,10.0,0.34,5.0,0.35,10.0,0.66,5.0,0.65,10.0,0.75,5.0,0.76,10.0,0.09,0.09,614.20611,1776208223000
1776208225.357,25.357,0.25,5.0,0.24,10.0,0.34,5.0,0.35,10.0,0.66,5.0,0.65,10.0,0.75,5.0,0.76,10.0,0.09,0.09,614.194,1776208224000
1776208225.838,25.838,0.25,5.0,0.24,10.0,0.34,5.0,0.35,10.0,0.66,5.0,0.65,10.0,0.75,5.0,0.76,10.0,0.09,0.09,614.196,1776208225000
1776208226.115,26.115,0.32,10.0,0.31,50.0,0.33,1.0,0.56,5.1,0.66,5.0,0.65,10.0,0.75,5.0,0.76,10.0,0.01,0.09,614.196,1776208225000
1776208227.267,27.267,0.32,10.0,0.31,50.0,0.56,5.1,0.61,50.0,0.44,5.1,0.39,50.0,0.68,10.0,0.69,50.0,0.24,0.24,614.2007,1776208226000
1776208228.431,28.431,0.32,10.0,0.31,50.0,0.56,5.1,0.61,50.0,0.44,5.1,0.39,50.0,0.68,10.0,0.69,50.0,0.24,0.24,614.317,1776208227000
1776208228.998,28.998,0.32,10.0,0.31,50.0,0.56,5.1,0.61,50.0,0.44,5.1,0.39,50.0,0.68,10.0,0.69,50.0,0.24,0.24,614.317,1776208228000
1776208230.207,30.207,0.32,10.0,0.31,50.0,0.56,5.1,0.61,50.0,0.44,5.1,0.39,50.0,0.68,10.0,0.69,50.0,0.24,0.24,614.326,1776208229000
1776208231.269,31.269,0.32,10.0,0.31,50.0,0.56,5.1,0.61,50.0,0.44,5.1,0.39,50.0,0.68,10.0,0.69,50.0,0.24,0.24,614.315,1776208230000
1776208232.433,32.433,0.32,10.0,0.31,50.0,0.56,5.1,0.61,50.0,0.44,5.1,0.39,50.0,0.68,10.0,0.69,50.0,0.24,0.24,614.318,1776208231000
1776208233.003,33.003,0.32,10.0,0.31,50.0,0.56,5.1,0.61,50.0,0.44,5.1,0.39,50.0,0.68,10.0,0.69,50.0,0.24,0.24,614.318,1776208232000
1776208233.979,33.979,0.32,10.0,0.31,50.0,0.56,5.1,0.61,50.0,0.44,5.1,0.39,50.0,0.68,10.0,0.69,50.0,0.24,0.24,614.295207,1776208233000
1776208235.075,35.075,0.32,10.0,0.31,50.0,0.56,5.1,0.61,50.0,0.44,5.1,0.39,50.0,0.68,10.0,0.69,50.0,0.24,0.24,614.272896,1776208234000
1776208236.272,36.272,0.32,10.0,0.31,50.0,0.56,5.1,0.61,50.0,0.44,5.1,0.39,50.0,0.68,10.0,0.69,50.0,0.24,0.24,614.259641,1776208235000
1776208243.381,43.381,0.32,10.0,0.31,50.0,0.56,5.1,0.61,50.0,0.44,5.1,0.39,50.0,0.68,10.0,0.69,50.0,0.24,0.24,614.30588,1776208242000
1776208244.347,44.347,0.32,10.0,0.31,50.0,0.56,5.1,0.61,50.0,0.44,5.1,0.39,50.0,0.68,10.0,0.69,50.0,0.24,0.24,614.29289,1776208243000
1776208244.896,44.896,0.32,10.0,0.31,50.0,0.56,5.1,0.61,50.0,0.44,5.1,0.39,50.0,0.68,10.0,0.69,50.0,0.24,0.24,614.29162,1776208244000
1776208245.916,45.916,0.32,10.0,0.31,50.0,0.56,5.1,0.61,50.0,0.44,5.1,0.39,50.0,0.68,10.0,0.69,50.0,0.24,0.24,614.321,1776208245000
1776208246.998,46.998,0.32,10.0,0.31,50.0,0.56,5.1,0.61,50.0,0.44,5.1,0.39,50.0,0.68,10.0,0.69,50.0,0.24,0.24,614.304,1776208246000
1776208248.172,48.172,0.32,10.0,0.31,50.0,0.56,5.1,0.61,50.0,0.44,5.1,0.39,50.0,0.68,10.0,0.69,50.0,0.24,0.24,614.266786,1776208247000
1776208249.202,49.202,0.32,10.0,0.31,50.0,0.56,5.1,0.61,50.0,0.44,5.1,0.39,50.0,0.68,10.0,0.69,50.0,0.24,0.24,614.247005,1776208248000
1776208250.242,50.242,0.32,10.0,0.31,50.0,0.56,5.1,0.61,50.0,0.44,5.1,0.39,50.0,0.68,10.0,0.69,50.0,0.24,0.24,614.247005,1776208249000
1776208251.325,51.325,0.32,10.0,0.31,50.0,0.56,5.1,0.61,50.0,0.44,5.1,0.39,50.0,0.68,10.0,0.69,50.0,0.24,0.24,614.259105,1776208250000
1776208251.943,51.943,0.32,10.0,0.31,50.0,0.56,5.1,0.61,50.0,0.44,5.1,0.39,50.0,0.68,10.0,0.69,50.0,0.24,0.24,614.259105,1776208251000
1776208253.187,53.187,0.32,10.0,0.31,50.0,0.56,5.1,0.61,50.0,0.44,5.1,0.39,50.0,0.68,10.0,0.69,50.0,0.24,0.24,614.259105,1776208252000
1776208254.121,54.121,0.32,10.0,0.31,50.0,0.56,5.1,0.61,50.0,0.44,5.1,0.39,50.0,0.68,10.0,0.69,50.0,0.24,0.24,614.259105,1776208253000
1776208255.741,55.741,0.32,10.0,0.31,50.0,0.56,5.1,0.61,50.0,0.44,5.1,0.39,50.0,0.68,10.0,0.69,50.0,0.24,0.24,614.26,1776208254000
1776208256.408,56.408,0.32,10.0,0.31,50.0,0.56,5.1,0.61,50.0,0.44,5.1,0.39,50.0,0.68,10.0,0.69,50.0,0.24,0.24,614.268,1776208255000
1776208257.303,57.303,0.32,10.0,0.31,50.0,0.56,5.1,0.61,50.0,0.44,5.1,0.39,50.0,0.68,10.0,0.69,50.0,0.24,0.24,614.27371,1776208256000
1776208258.16,58.16,0.32,10.0,0.31,50.0,0.56,5.1,0.61,50.0,0.44,5.1,0.39,50.0,0.68,10.0,0.69,50.0,0.24,0.24,614.27696,1776208257000
1776208259.492,59.492,0.32,10.0,0.31,50.0,0.56,5.1,0.61,50.0,0.44,5.1,0.39,50.0,0.68,10.0,0.69,50.0,0.24,0.24,614.27147,1776208258000
1776208260.202,60.202,0.32,10.0,0.31,50.0,0.56,5.1,0.61,50.0,0.44,5.1,0.39,50.0,0.68,10.0,0.69,50.0,0.24,0.24,614.23318,1776208259000
1776208261.59,61.59,0.32,10.0,0.31,50.0,0.56,5.1,0.61,50.0,0.44,5.1,0.39,50.0,0.68,10.0,0.69,50.0,0.24,0.24,614.220841,1776208260000
1776208262.322,62.322,0.32,10.0,0.31,50.0,0.56,5.1,0.61,50.0,0.44,5.1,0.39,50.0,0.68,10.0,0.69,50.0,0.24,0.24,614.220841,1776208261000
1776208263.682,63.682,0.32,10.0,0.31,50.0,0.56,5.1,0.61,50.0,0.44,5.1,0.39,50.0,0.68,10.0,0.69,50.0,0.24,0.24,614.22356,1776208262000
1776208264.442,64.442,0.32,10.0,0.31,50.0,0.56,5.1,0.61,50.0,0.44,5.1,0.39,50.0,0.68,10.0,0.69,50.0,0.24,0.24,614.22594,1776208263000
1776208265.195,65.195,0.32,10.0,0.31,50.0,0.56,5.1,0.61,50.0,0.44,5.1,0.39,50.0,0.68,10.0,0.69,50.0,0.24,0.24,614.22594,1776208264000
1776208266.633,66.633,0.32,10.0,0.31,50.0,0.56,5.1,0.61,50.0,0.44,5.1,0.39,50.0,0.68,10.0,0.69,50.0,0.24,0.24,614.220841,1776208265000
1776208266.871,66.871,0.32,15.0,0.31,55.0,0.35,10.0,0.37,10.0,0.44,5.1,0.39,50.0,0.68,10.0,0.69,50.0,0.03,0.24,614.220841,1776208265000
1776208267.256,67.256,0.32,15.0,0.31,55.0,0.35,10.0,0.37,10.0,0.65,10.0,0.63,10.0,0.68,15.0,0.69,55.0,0.03,0.03,614.22395,1776208266000
1776208268.836,68.836,0.32,15.0,0.31,55.0,0.35,10.0,0.37,10.0,0.65,10.0,0.63,10.0,0.68,15.0,0.69,55.0,0.03,0.03,614.31376,1776208267000
1776208269.563,69.563,0.32,15.0,0.31,55.0,0.35,10.0,0.37,10.0,0.65,10.0,0.63,10.0,0.68,15.0,0.69,55.0,0.03,0.03,614.31376,1776208268000
1776208270.159,70.159,0.32,15.0,0.31,55.0,0.35,10.0,0.37,10.0,0.65,10.0,0.63,10.0,0.68,15.0,0.69,55.0,0.03,0.03,614.31759,1776208269000
1776208271.537,71.537,0.32,15.0,0.31,55.0,0.35,10.0,0.37,10.0,0.65,10.0,0.63,10.0,0.68,15.0,0.69,55.0,0.03,0.03,614.32451,1776208270000
1776208272.722,72.722,0.32,15.0,0.31,55.0,0.35,10.0,0.37,10.0,0.65,10.0,0.63,10.0,0.68,15.0,0.69,55.0,0.03,0.03,614.32457,1776208271000
1776208273.246,73.246,0.32,15.0,0.31,55.0,0.35,10.0,0.37,10.0,0.65,10.0,0.63,10.0,0.68,15.0,0.69,55.0,0.03,0.03,614.32439,1776208272000
1776208274.965,74.965,0.32,15.0,0.31,55.0,0.35,10.0,0.37,10.0,0.65,10.0,0.63,10.0,0.68,15.0,0.69,55.0,0.03,0.03,614.303504,1776208274000
1776208275.822,75.822,0.31,38.75,0.27,13.2,0.39,10.0,0.44,5.0,0.65,10.0,0.63,10.0,0.68,15.0,0.69,55.0,0.08,0.03,614.303504,1776208274000
1776208276.384,76.384,0.31,37.11,0.3,5.0,0.39,24.0,0.41,5.0,0.61,10.0,0.56,5.0,0.69,38.75,0.73,13.2,0.08,0.08,614.303504,1776208274000
1776208277.186,77.186,0.31,37.11,0.3,5.0,0.39,24.0,0.41,5.0,0.61,24.0,0.59,5.0,0.69,37.11,0.7,5.0,0.08,0.08,614.315872,1776208276000
1776208278.636,78.636,0.31,37.11,0.3,5.0,0.39,24.0,0.41,5.0,0.61,24.0,0.59,5.0,0.69,37.11,0.7,5.0,0.08,0.08,614.269,1776208277000
1776208279.363,79.363,0.31,37.11,0.3,5.0,0.39,24.0,0.41,5.0,0.61,24.0,0.59,5.0,0.69,37.11,0.7,5.0,0.08,0.08,614.265486,1776208278000
1776208280.593,80.593,0.31,37.11,0.3,5.0,0.39,24.0,0.41,5.0,0.61,24.0,0.59,5.0,0.69,37.11,0.7,5.0,0.08,0.08,614.265486,1776208279000
1776208280.818,80.818,0.31,5.0,0.24,5.0,0.33,19.0,0.34,5.0,0.61,24.0,0.59,5.0,0.69,37.11,0.7,5.0,0.02,0.08,614.265486,1776208279000
1776208281.223,81.223,0.31,5.0,0.24,5.0,0.33,19.0,0.34,5.0,0.67,19.0,0.66,5.0,0.69,5.0,0.76,5.0,0.02,0.02,614.265486,1776208280000
1776208281.49,81.49,0.24,5.0,0.21,55.0,0.33,19.0,0.34,5.0,0.67,19.0,0.66,5.0,0.69,5.0,0.76,5.0,0.09,0.02,614.265486,1776208280000
1776208282.499,82.499,0.24,5.0,0.21,55.0,0.33,19.0,0.34,5.0,0.67,19.0,0.66,5.0,0.76,5.0,0.79,55.0,0.09,0.09,614.231354,1776208281000
1776208283.19,83.19,0.24,5.0,0.21,55.0,0.33,19.0,0.34,5.0,0.67,19.0,0.66,5.0,0.76,5.0,0.79,55.0,0.09,0.09,614.24416,1776208282000
1776208283.539,83.539,0.31,38.49,0.26,5.0,0.35,5.0,0.36,5.0,0.67,19.0,0.66,5.0,0.76,5.0,0.79,55.0,0.04,0.09,614.24416,1776208282000
1776208284.446,84.446,0.31,38.49,0.26,5.0,0.35,5.0,0.36,5.0,0.65,5.0,0.64,5.0,0.69,38.49,0.74,5.0,0.04,0.04,614.21781,1776208283000
1776208285.102,85.102,0.31,38.49,0.26,5.0,0.35,5.0,0.36,5.0,0.65,5.0,0.64,5.0,0.69,38.49,0.74,5.0,0.04,0.04,614.28113,1776208284000
1776208286.37,86.37,0.31,38.49,0.26,5.0,0.35,5.0,0.36,5.0,0.65,5.0,0.64,5.0,0.69,38.49,0.74,5.0,0.04,0.04,614.295471,1776208285000
1776208287.058,87.058,0.31,38.49,0.26,5.0,0.35,5.0,0.36,5.0,0.65,5.0,0.64,5.0,0.69,38.49,0.74,5.0,0.04,0.04,614.295471,1776208286000
1776208288.325,88.325,0.31,38.49,0.26,5.0,0.35,5.0,0.36,5.0,0.65,5.0,0.64,5.0,0.69,38.49,0.74,5.0,0.04,0.04,614.292939,1776208287000
1776208288.952,88.952,0.31,38.49,0.26,5.0,0.35,5.0,0.36,5.0,0.65,5.0,0.64,5.0,0.69,38.49,0.74,5.0,0.04,0.04,614.295471,1776208288000
1776208290.11,90.11,0.31,38.49,0.26,5.0,0.35,5.0,0.36,5.0,0.65,5.0,0.64,5.0,0.69,38.49,0.74,5.0,0.04,0.04,614.295471,1776208289000
1776208291.416,91.416,0.31,38.49,0.26,5.0,0.35,5.0,0.36,5.0,0.65,5.0,0.64,5.0,0.69,38.49,0.74,5.0,0.04,0.04,614.273445,1776208290000
1776208292.138,92.138,0.31,38.49,0.26,5.0,0.35,5.0,0.36,5.0,0.65,5.0,0.64,5.0,0.69,38.49,0.74,5.0,0.04,0.04,614.273445,1776208291000
1776208292.448,92.448,0.35,4.0,0.31,43.49,0.39,12.0,0.42,10.0,0.65,5.0,0.64,5.0,0.69,38.49,0.74,5.0,0.04,0.04,614.273445,1776208291000
1776208293.358,93.358,0.35,4.0,0.31,43.49,0.39,12.0,0.42,10.0,0.61,12.0,0.58,10.0,0.65,4.0,0.69,43.49,0.04,0.04,614.369,1776208292000
1776208293.854,93.854,0.35,4.0,0.31,43.49,0.39,12.0,0.42,10.0,0.61,12.0,0.58,10.0,0.65,4.0,0.69,43.49,0.04,0.04,614.369,1776208293000
1776208295.059,95.059,0.35,4.0,0.31,43.49,0.39,12.0,0.42,10.0,0.61,12.0,0.58,10.0,0.65,4.0,0.69,43.49,0.04,0.04,614.367,1776208294000
1776208296.187,96.187,0.35,4.0,0.31,43.49,0.39,12.0,0.42,10.0,0.61,12.0,0.58,10.0,0.65,4.0,0.69,43.49,0.04,0.04,614.352,1776208295000
1776208297.447,97.447,0.35,4.0,0.31,43.49,0.39,12.0,0.42,10.0,0.61,12.0,0.58,10.0,0.65,4.0,0.69,43.49,0.04,0.04,614.407891,1776208296000
1776208297.868,97.868,0.35,4.0,0.31,43.49,0.39,12.0,0.42,10.0,0.61,12.0,0.58,10.0,0.65,4.0,0.69,43.49,0.04,0.04,614.411,1776208297000
1776208299.004,99.004,0.35,4.0,0.31,43.49,0.39,12.0,0.42,10.0,0.61,12.0,0.58,10.0,0.65,4.0,0.69,43.49,0.04,0.04,614.412605,1776208298000
1776208300.24,100.24,0.35,4.0,0.31,43.49,0.39,12.0,0.42,10.0,0.61,12.0,0.58,10.0,0.65,4.0,0.69,43.49,0.04,0.04,614.428,1776208299000
1776208300.709,100.709,0.49,5.0,0.44,5.0,0.5,5.0,0.59,10.7,0.61,12.0,0.58,10.0,0.65,4.0,0.69,43.49,0.01,0.04,614.428,1776208299000
1776208301.15,101.15,0.49,5.0,0.44,5.0,0.5,5.0,0.59,10.7,0.5,5.0,0.41,10.7,0.51,5.0,0.56,5.0,0.01,0.01,614.443,1776208300000
1776208302.34,102.34,0.49,5.0,0.44,5.0,0.5,5.0,0.59,10.7,0.5,5.0,0.41,10.7,0.51,5.0,0.56,5.0,0.01,0.01,614.494,1776208301000
1776208302.872,102.872,0.49,5.0,0.44,5.0,0.5,5.0,0.59,10.7,0.5,5.0,0.41,10.7,0.51,5.0,0.56,5.0,0.01,0.01,614.494,1776208302000
1776208304.03,104.03,0.49,5.0,0.44,5.0,0.5,5.0,0.59,10.7,0.5,5.0,0.41,10.7,0.51,5.0,0.56,5.0,0.01,0.01,614.502396,1776208303000
1776208305.596,105.596,0.49,5.0,0.44,5.0,0.5,5.0,0.59,10.7,0.5,5.0,0.41,10.7,0.51,5.0,0.56,5.0,0.01,0.01,614.489,1776208304000
1776208306.129,106.129,0.49,5.0,0.44,5.0,0.5,5.0,0.59,10.7,0.5,5.0,0.41,10.7,0.51,5.0,0.56,5.0,0.01,0.01,614.489,1776208305000
1776208307.276,107.276,0.49,5.0,0.44,5.0,0.5,5.0,0.59,10.7,0.5,5.0,0.41,10.7,0.51,5.0,0.56,5.0,0.01,0.01,614.488,1776208306000
1776208307.883,107.883,0.55,6.73,0.54,5.0,0.62,10.0,0.63,11.2,0.37,11.2,0.36,11.3,0.5,15.0,0.56,10.6,0.07,0.13,614.488,1776208306000
1776208308.331,108.331,0.55,6.73,0.54,5.0,0.62,10.0,0.63,11.2,0.38,10.0,0.37,11.2,0.45,6.73,0.46,5.0,0.07,0.07,614.513401,1776208307000
1776208309.499,109.499,0.55,6.73,0.54,5.0,0.62,10.0,0.63,11.2,0.38,10.0,0.37,11.2,0.45,6.73,0.46,5.0,0.07,0.07,614.52,1776208308000
1776208309.999,109.999,0.55,6.73,0.54,5.0,0.62,10.0,0.63,11.2,0.38,10.0,0.37,11.2,0.45,6.73,0.46,5.0,0.07,0.07,614.52,1776208309000
1776208311.091,111.091,0.55,6.73,0.54,5.0,0.62,10.0,0.63,11.2,0.38,10.0,0.37,11.2,0.45,6.73,0.46,5.0,0.07,0.07,614.504618,1776208310000
1776208312.09,112.09,0.46,5.0,0.41,50.0,0.6,40.8,0.61,20.9,0.4,40.8,0.39,20.9,0.54,5.0,0.59,50.0,0.14,0.14,614.502792,1776208311000
1776208313.139,113.139,0.46,5.0,0.41,50.0,0.6,40.8,0.61,20.9,0.4,40.8,0.39,20.9,0.54,5.0,0.59,50.0,0.14,0.14,614.469649,1776208312000
1776208314.256,114.256,0.46,5.0,0.41,50.0,0.6,40.8,0.61,20.9,0.4,40.8,0.39,20.9,0.54,5.0,0.59,50.0,0.14,0.14,614.469649,1776208313000
1776208314.509,114.509,0.51,5.0,0.5,5.0,0.55,10.5,0.56,10.6,0.4,40.8,0.39,20.9,0.54,5.0,0.59,50.0,0.04,0.14,614.469649,1776208313000
1776208315.202,115.202,0.5,0.74,0.46,5.0,0.51,5.0,0.55,10.5,0.49,5.0,0.45,10.5,0.5,5.0,0.54,5.0,0.01,0.01,614.469649,1776208313000
1776208315.995,115.995,0.5,0.74,0.46,5.0,0.51,5.0,0.55,10.5,0.49,5.0,0.45,10.5,0.5,0.74,0.54,5.0,0.01,0.01,614.469649,1776208315000
1776208316.917,116.917,0.5,0.74,0.46,5.0,0.51,5.0,0.55,10.5,0.49,5.0,0.45,10.5,0.5,0.74,0.54,5.0,0.01,0.01,614.469649,1776208316000
1776208317.849,117.849,0.5,0.74,0.46,5.0,0.51,5.0,0.55,10.5,0.49,5.0,0.45,10.5,0.5,0.74,0.54,5.0,0.01,0.01,614.45087,1776208317000
1776208319.248,119.248,0.5,0.74,0.46,5.0,0.51,5.0,0.55,10.5,0.49,5.0,0.45,10.5,0.5,0.74,0.54,5.0,0.01,0.01,614.45087,1776208318000
1776208320.334,120.334,0.5,0.74,0.46,5.0,0.51,5.0,0.55,10.5,0.49,5.0,0.45,10.5,0.5,0.74,0.54,5.0,0.01,0.01,614.45087,1776208319000
1776208321.405,121.405,0.5,0.74,0.46,5.0,0.51,5.0,0.55,10.5,0.49,5.0,0.45,10.5,0.5,0.74,0.54,5.0,0.01,0.01,614.43209,1776208320000
1776208321.991,121.991,0.5,0.74,0.46,5.0,0.51,5.0,0.55,10.5,0.49,5.0,0.45,10.5,0.5,0.74,0.54,5.0,0.01,0.01,614.43209,1776208321000
1776208323.052,123.052,0.5,0.74,0.46,5.0,0.51,5.0,0.55,10.5,0.49,5.0,0.45,10.5,0.5,0.74,0.54,5.0,0.01,0.01,614.40415,1776208322000
1776208324.201,124.201,0.5,0.74,0.46,5.0,0.51,5.0,0.55,10.5,0.49,5.0,0.45,10.5,0.5,0.74,0.54,5.0,0.01,0.01,614.386428,1776208323000
1776208325.205,125.205,0.5,0.74,0.46,5.0,0.51,5.0,0.55,10.5,0.49,5.0,0.45,10.5,0.5,0.74,0.54,5.0,0.01,0.01,614.358925,1776208324000
1776208326.308,126.308,0.5,0.74,0.46,5.0,0.51,5.0,0.55,10.5,0.49,5.0,0.45,10.5,0.5,0.74,0.54,5.0,0.01,0.01,614.358925,1776208325000
1776208326.916,126.916,0.5,0.74,0.46,5.0,0.51,5.0,0.55,10.5,0.49,5.0,0.45,10.5,0.5,0.74,0.54,5.0,0.01,0.01,614.341,1776208326000
1776208328.004,128.004,0.5,0.74,0.46,5.0,0.51,5.0,0.55,10.5,0.49,5.0,0.45,10.5,0.5,0.74,0.54,5.0,0.01,0.01,614.313281,1776208327000
1776208329.021,129.021,0.5,0.74,0.46,5.0,0.51,5.0,0.55,10.5,0.49,5.0,0.45,10.5,0.5,0.74,0.54,5.0,0.01,0.01,614.313281,1776208328000
1776208330.192,130.192,0.5,0.74,0.46,5.0,0.51,5.0,0.55,10.5,0.49,5.0,0.45,10.5,0.5,0.74,0.54,5.0,0.01,0.01,614.313281,1776208329000
1776208331.163,131.163,0.5,0.74,0.46,5.0,0.51,5.0,0.55,10.5,0.49,5.0,0.45,10.5,0.5,0.74,0.54,5.0,0.01,0.01,614.313281,1776208330000
1776208332.211,132.211,0.5,0.74,0.46,5.0,0.51,5.0,0.55,10.5,0.49,5.0,0.45,10.5,0.5,0.74,0.54,5.0,0.01,0.01,614.315856,1776208331000
1776208333.339,133.339,0.5,0.74,0.46,5.0,0.51,5.0,0.55,10.5,0.49,5.0,0.45,10.5,0.5,0.74,0.54,5.0,0.01,0.01,614.315856,1776208332000
1776208333.926,133.926,0.5,0.74,0.46,5.0,0.51,5.0,0.55,10.5,0.49,5.0,0.45,10.5,0.5,0.74,0.54,5.0,0.01,0.01,614.307752,1776208333000
1776208334.918,134.918,0.5,0.74,0.46,5.0,0.51,5.0,0.55,10.5,0.49,5.0,0.45,10.5,0.5,0.74,0.54,5.0,0.01,0.01,614.279,1776208334000
1776208335.235,135.235,0.31,38.49,0.27,5.0,0.33,31.8,0.34,11.6,0.49,5.0,0.45,10.5,0.5,0.74,0.54,5.0,0.02,0.01,614.279,1776208334000
1776208335.952,135.952,0.31,38.49,0.27,5.0,0.33,31.8,0.34,11.6,0.67,31.8,0.66,11.6,0.69,38.49,0.73,5.0,0.02,0.02,614.279,1776208335000
1776208336.933,136.933,0.31,38.49,0.27,5.0,0.33,31.8,0.34,11.6,0.67,31.8,0.66,11.6,0.69,38.49,0.73,5.0,0.02,0.02,614.278423,1776208336000
1776208337.945,137.945,0.31,38.49,0.27,5.0,0.33,31.8,0.34,11.6,0.67,31.8,0.66,11.6,0.69,38.49,0.73,5.0,0.02,0.02,614.272163,1776208337000
1776208338.911,138.911,0.31,38.49,0.27,5.0,0.33,31.8,0.34,11.6,0.67,31.8,0.66,11.6,0.69,38.49,0.73,5.0,0.02,0.02,614.272163,1776208338000
1776208339.878,139.878,0.31,38.49,0.27,5.0,0.33,31.8,0.34,11.6,0.67,31.8,0.66,11.6,0.69,38.49,0.73,5.0,0.02,0.02,614.245823,1776208339000
1776208340.364,140.364,0.21,50.0,0.19,5.0,0.32,36.9,0.33,11.8,0.67,31.8,0.66,11.6,0.69,38.49,0.73,5.0,0.11,0.02,614.245823,1776208339000
1776208340.888,140.888,0.21,50.0,0.19,5.0,0.32,36.9,0.33,11.8,0.68,36.9,0.67,11.8,0.79,50.0,0.81,5.0,0.11,0.11,614.291,1776208340000
1776208341.888,141.888,0.21,50.0,0.19,5.0,0.32,36.9,0.33,11.8,0.68,36.9,0.67,11.8,0.79,50.0,0.81,5.0,0.11,0.11,614.267,1776208341000
1776208342.891,142.891,0.21,50.0,0.19,5.0,0.32,36.9,0.33,11.8,0.68,36.9,0.67,11.8,0.79,50.0,0.81,5.0,0.11,0.11,614.27,1776208342000
1776208343.904,143.904,0.21,50.0,0.19,5.0,0.32,36.9,0.33,11.8,0.68,36.9,0.67,11.8,0.79,50.0,0.81,5.0,0.11,0.11,614.279,1776208343000
1776208344.857,144.857,0.21,50.0,0.19,5.0,0.32,36.9,0.33,11.8,0.68,36.9,0.67,11.8,0.79,50.0,0.81,5.0,0.11,0.11,614.275,1776208344000
1776208346.357,146.357,0.21,50.0,0.19,5.0,0.32,36.9,0.33,11.8,0.68,36.9,0.67,11.8,0.79,50.0,0.81,5.0,0.11,0.11,614.275,1776208345000
1776208347.118,147.118,0.21,50.0,0.19,5.0,0.32,36.9,0.33,11.8,0.68,36.9,0.67,11.8,0.79,50.0,0.81,5.0,0.11,0.11,614.287,1776208346000
1776208348.281,148.281,0.21,50.0,0.19,5.0,0.32,36.9,0.33,11.8,0.68,36.9,0.67,11.8,0.79,50.0,0.81,5.0,0.11,0.11,614.28326,1776208347000
1776208348.757,148.757,0.21,5.0,0.17,11.76,0.29,2.42,0.3,12.4,0.72,2.32,0.71,12.6,0.79,5.0,0.83,11.76,0.08,0.07,614.28326,1776208347000
1776208349.422,149.422,0.21,5.0,0.17,11.76,0.29,2.42,0.3,12.4,0.71,2.42,0.7,12.4,0.79,5.0,0.83,11.76,0.08,0.08,614.239874,1776208348000
1776208349.974,149.974,0.21,5.0,0.17,11.76,0.29,2.42,0.3,12.4,0.71,2.42,0.7,12.4,0.79,5.0,0.83,11.76,0.08,0.08,614.283,1776208349000
1776208351.125,151.125,0.21,5.0,0.17,11.76,0.29,2.42,0.3,12.4,0.71,2.42,0.7,12.4,0.79,5.0,0.83,11.76,0.08,0.08,614.31094,1776208350000
1776208352.357,152.357,0.21,5.0,0.17,11.76,0.29,2.42,0.3,12.4,0.71,2.42,0.7,12.4,0.79,5.0,0.83,11.76,0.08,0.08,614.30916,1776208351000
1776208353.399,153.399,0.21,5.0,0.17,11.76,0.29,2.42,0.3,12.4,0.71,2.42,0.7,12.4,0.79,5.0,0.83,11.76,0.08,0.08,614.30849,1776208352000
1776208353.971,153.971,0.21,5.0,0.17,11.76,0.29,2.42,0.3,12.4,0.71,2.42,0.7,12.4,0.79,5.0,0.83,11.76,0.08,0.08,614.30892,1776208353000
1776208355.07,155.07,0.21,5.0,0.17,11.76,0.29,2.42,0.3,12.4,0.71,2.42,0.7,12.4,0.79,5.0,0.83,11.76,0.08,0.08,614.30651,1776208354000
1776208356.245,156.245,0.21,5.0,0.17,11.76,0.29,2.42,0.3,12.4,0.71,2.42,0.7,12.4,0.79,5.0,0.83,11.76,0.08,0.08,614.30684,1776208355000
1776208357.371,157.371,0.21,5.0,0.17,11.76,0.29,2.42,0.3,12.4,0.71,2.42,0.7,12.4,0.79,5.0,0.83,11.76,0.08,0.08,614.3067,1776208356000
1776208357.947,157.947,0.21,5.0,0.17,11.76,0.29,2.42,0.3,12.4,0.71,2.42,0.7,12.4,0.79,5.0,0.83,11.76,0.08,0.08,614.304,1776208357000
1776208359.107,159.107,0.21,5.0,0.17,11.76,0.29,2.42,0.3,12.4,0.71,2.42,0.7,12.4,0.79,5.0,0.83,11.76,0.08,0.08,614.293,1776208358000
1776208360.246,160.246,0.21,5.0,0.17,11.76,0.29,2.42,0.3,12.4,0.71,2.42,0.7,12.4,0.79,5.0,0.83,11.76,0.08,0.08,614.295,1776208359000
1776208363.483,163.483,0.21,5.0,0.17,11.76,0.29,2.42,0.3,12.4,0.71,2.42,0.7,12.4,0.79,5.0,0.83,11.76,0.08,0.08,614.293582,1776208362000
1776208364.088,164.088,0.21,5.0,0.17,11.76,0.29,2.42,0.3,12.4,0.71,2.42,0.7,12.4,0.79,5.0,0.83,11.76,0.08,0.08,614.296,1776208363000
1776208366.119,166.119,0.21,5.0,0.17,11.76,0.29,2.42,0.3,12.4,0.71,2.42,0.7,12.4,0.79,5.0,0.83,11.76,0.08,0.08,614.31549,1776208365000
1776208367.427,167.427,0.21,5.0,0.17,11.76,0.29,2.42,0.3,12.4,0.71,2.42,0.7,12.4,0.79,5.0,0.83,11.76,0.08,0.08,614.307,1776208366000
1776208368.217,168.217,0.21,5.0,0.17,11.76,0.29,2.42,0.3,12.4,0.71,2.42,0.7,12.4,0.79,5.0,0.83,11.76,0.08,0.08,614.22972,1776208367000
1776208369.628,169.628,0.21,5.0,0.17,11.76,0.29,2.42,0.3,12.4,0.71,2.42,0.7,12.4,0.79,5.0,0.83,11.76,0.08,0.08,614.19766,1776208368000
1776208370.333,170.333,0.21,5.0,0.17,11.76,0.29,2.42,0.3,12.4,0.71,2.42,0.7,12.4,0.79,5.0,0.83,11.76,0.08,0.08,614.19766,1776208369000
1776208371.059,171.059,0.21,5.0,0.17,11.76,0.29,2.42,0.3,12.4,0.71,2.42,0.7,12.4,0.79,5.0,0.83,11.76,0.08,0.08,614.19391,1776208370000
1776208371.621,171.621,0.08,38.11,0.07,39.9,0.18,17.6,0.19,16.89,0.71,2.42,0.7,12.4,0.79,5.0,0.83,11.76,0.1,0.08,614.19391,1776208370000
1776208372.533,172.533,0.08,38.11,0.07,39.9,0.18,17.6,0.19,16.89,0.82,17.6,0.81,16.89,0.92,38.11,0.93,39.9,0.1,0.1,614.17317,1776208371000
1776208373.287,173.287,0.08,38.11,0.07,39.9,0.18,17.6,0.19,16.89,0.82,17.6,0.81,16.89,0.92,38.11,0.93,39.9,0.1,0.1,614.14899,1776208372000
1776208374.065,174.065,0.08,38.11,0.07,39.9,0.18,17.6,0.19,16.89,0.82,17.6,0.81,16.89,0.92,38.11,0.93,39.9,0.1,0.1,614.15931,1776208373000
1776208375.535,175.535,0.08,38.11,0.07,39.9,0.18,17.6,0.19,16.89,0.82,17.6,0.81,16.89,0.92,38.11,0.93,39.9,0.1,0.1,614.17289,1776208374000
1776208375.87,175.87,0.08,56.26,0.07,44.9,0.15,20.39,0.16,19.3,0.82,17.6,0.81,16.89,0.92,38.11,0.93,39.9,0.07,0.1,614.17289,1776208374000
1776208376.342,176.342,0.08,56.26,0.07,44.9,0.15,20.39,0.16,19.3,0.85,20.39,0.84,19.3,0.92,56.26,0.93,44.9,0.07,0.07,614.16238,1776208375000
1776208377.021,177.021,0.08,56.26,0.07,44.9,0.15,20.39,0.16,19.3,0.85,20.39,0.84,19.3,0.92,56.26,0.93,44.9,0.07,0.07,614.1996,1776208376000
1776208378.464,178.464,0.08,56.26,0.07,44.9,0.15,20.39,0.16,19.3,0.85,20.39,0.84,19.3,0.92,56.26,0.93,44.9,0.07,0.07,614.19884,1776208377000
1776208379.246,179.246,0.08,56.26,0.07,44.9,0.15,20.39,0.16,19.3,0.85,20.39,0.84,19.3,0.92,56.26,0.93,44.9,0.07,0.07,614.18513,1776208378000
1776208380.707,180.707,0.08,56.26,0.07,44.9,0.15,20.39,0.16,19.3,0.85,20.39,0.84,19.3,0.92,56.26,0.93,44.9,0.07,0.07,614.19169,1776208379000
1776208381.534,181.534,0.08,56.26,0.07,44.9,0.15,20.39,0.16,19.3,0.85,20.39,0.84,19.3,0.92,56.26,0.93,44.9,0.07,0.07,614.19243,1776208380000
1776208382.625,182.625,0.13,20.87,0.12,24.6,0.25,13.9,0.26,24.0,0.85,20.39,0.84,19.3,0.92,56.26,0.93,44.9,0.12,0.07,614.19243,1776208380000
1776208383.216,183.216,0.13,20.87,0.12,24.6,0.25,13.9,0.26,24.0,0.75,13.9,0.74,24.0,0.87,20.87,0.88,24.6,0.12,0.12,614.23623,1776208382000
1776208384.315,184.315,0.13,20.87,0.12,24.6,0.25,13.9,0.26,24.0,0.75,13.9,0.74,24.0,0.87,20.87,0.88,24.6,0.12,0.12,614.23388,1776208383000
1776208385.292,185.292,0.13,20.87,0.12,24.6,0.25,13.9,0.26,24.0,0.75,13.9,0.74,24.0,0.87,20.87,0.88,24.6,0.12,0.12,614.24266,1776208384000
1776208385.887,185.887,0.13,20.87,0.12,24.6,0.25,13.9,0.26,24.0,0.75,13.9,0.74,24.0,0.87,20.87,0.88,24.6,0.12,0.12,614.24266,1776208385000
1776208386.822,186.822,0.14,20.43,0.13,20.87,0.24,14.3,0.25,13.9,0.75,13.9,0.74,24.0,0.87,20.87,0.88,24.6,0.1,0.12,614.24266,1776208385000
1776208388.056,188.056,0.14,20.43,0.13,20.87,0.24,14.3,0.25,13.9,0.76,14.3,0.75,13.9,0.86,20.43,0.87,20.87,0.1,0.1,614.24196,1776208387000
1776208389.195,189.195,0.14,20.43,0.13,20.87,0.24,14.3,0.25,13.9,0.76,14.3,0.75,13.9,0.86,20.43,0.87,20.87,0.1,0.1,614.24427,1776208388000
1776208390.256,190.256,0.14,20.43,0.13,20.87,0.24,14.3,0.25,13.9,0.76,14.3,0.75,13.9,0.86,20.43,0.87,20.87,0.1,0.1,614.323,1776208389000
1776208391.272,191.272,0.14,20.43,0.13,20.87,0.24,14.3,0.25,13.9,0.76,14.3,0.75,13.9,0.86,20.43,0.87,20.87,0.1,0.1,614.286,1776208390000
1776208391.956,191.956,0.14,20.43,0.13,20.87,0.24,14.3,0.25,13.9,0.76,14.3,0.75,13.9,0.86,20.43,0.87,20.87,0.1,0.1,614.286,1776208391000
1776208392.6,192.6,0.25,5.0,0.22,15.2,0.43,10.6,0.44,10.6,0.76,14.3,0.75,13.9,0.86,20.43,0.87,20.87,0.18,0.1,614.286,1776208391000
1776208392.937,192.937,0.25,5.0,0.22,15.2,0.43,10.6,0.44,10.6,0.57,10.6,0.56,10.6,0.75,5.0,0.78,15.2,0.18,0.18,614.332,1776208392000
1776208393.873,193.873,0.25,5.0,0.22,15.2,0.43,10.6,0.44,10.6,0.57,10.6,0.56,10.6,0.75,5.0,0.78,15.2,0.18,0.18,614.373388,1776208393000
1776208394.907,194.907,0.25,5.0,0.22,15.2,0.43,10.6,0.44,10.6,0.57,10.6,0.56,10.6,0.75,5.0,0.78,15.2,0.18,0.18,614.373388,1776208394000
1776208396.384,196.384,0.25,5.0,0.22,15.2,0.43,10.6,0.44,10.6,0.57,10.6,0.56,10.6,0.75,5.0,0.78,15.2,0.18,0.18,614.373388,1776208395000
1776208396.983,196.983,0.25,5.0,0.22,15.2,0.43,10.6,0.44,10.6,0.57,10.6,0.56,10.6,0.75,5.0,0.78,15.2,0.18,0.18,614.373388,1776208396000
1776208398.088,198.088,0.25,5.0,0.22,15.2,0.43,10.6,0.44,10.6,0.57,10.6,0.56,10.6,0.75,5.0,0.78,15.2,0.18,0.18,614.373388,1776208397000
1776208399.266,199.266,0.25,5.0,0.22,15.2,0.43,10.6,0.44,10.6,0.57,10.6,0.56,10.6,0.75,5.0,0.78,15.2,0.18,0.18,614.373388,1776208398000
1776208400.32,200.32,0.25,5.0,0.22,15.2,0.43,10.6,0.44,10.6,0.57,10.6,0.56,10.6,0.75,5.0,0.78,15.2,0.18,0.18,614.373388,1776208399000
1776208401.488,201.488,0.25,5.0,0.22,15.2,0.43,10.6,0.44,10.6,0.57,10.6,0.56,10.6,0.75,5.0,0.78,15.2,0.18,0.18,614.373388,1776208400000
1776208402.019,202.019,0.25,5.0,0.22,15.2,0.43,10.6,0.44,10.6,0.57,10.6,0.56,10.6,0.75,5.0,0.78,15.2,0.18,0.18,614.373388,1776208401000
1776208403.097,203.097,0.25,5.0,0.22,15.2,0.43,10.6,0.44,10.6,0.57,10.6,0.56,10.6,0.75,5.0,0.78,15.2,0.18,0.18,614.373388,1776208402000
1776208404.227,204.227,0.25,5.0,0.22,15.2,0.43,10.6,0.44,10.6,0.57,10.6,0.56,10.6,0.75,5.0,0.78,15.2,0.18,0.18,614.373388,1776208403000
1776208405.341,205.341,0.25,5.0,0.22,15.2,0.43,10.6,0.44,10.6,0.57,10.6,0.56,10.6,0.75,5.0,0.78,15.2,0.18,0.18,614.373388,1776208404000
1776208405.965,205.965,0.25,5.0,0.22,15.2,0.43,10.6,0.44,10.6,0.57,10.6,0.56,10.6,0.75,5.0,0.78,15.2,0.18,0.18,614.373388,1776208405000
1776208407.088,207.088,0.25,5.0,0.22,15.2,0.43,10.6,0.44,10.6,0.57,10.6,0.56,10.6,0.75,5.0,0.78,15.2,0.18,0.18,614.373388,1776208406000
1776208408.263,208.263,0.25,5.0,0.22,15.2,0.43,10.6,0.44,10.6,0.57,10.6,0.56,10.6,0.75,5.0,0.78,15.2,0.18,0.18,614.373388,1776208407000
1776208409.329,209.329,0.25,5.0,0.22,15.2,0.43,10.6,0.44,10.6,0.57,10.6,0.56,10.6,0.75,5.0,0.78,15.2,0.18,0.18,614.373388,1776208408000
1776208410.025,210.025,0.25,5.0,0.22,15.2,0.43,10.6,0.44,10.6,0.57,10.6,0.56,10.6,0.75,5.0,0.78,15.2,0.18,0.18,614.373388,1776208409000
1776208411.09,211.09,0.25,5.0,0.22,15.2,0.43,10.6,0.44,10.6,0.57,10.6,0.56,10.6,0.75,5.0,0.78,15.2,0.18,0.18,614.370886,1776208410000
1776208412.29,212.29,0.25,5.0,0.22,15.2,0.43,10.6,0.44,10.6,0.57,10.6,0.56,10.6,0.75,5.0,0.78,15.2,0.18,0.18,614.373388,1776208411000
1776208412.827,212.827,0.25,5.0,0.22,15.2,0.43,10.6,0.44,10.6,0.57,10.6,0.56,10.6,0.75,5.0,0.78,15.2,0.18,0.18,614.402691,1776208412000
1776208413.959,213.959,0.25,5.0,0.22,15.2,0.43,10.6,0.44,10.6,0.57,10.6,0.56,10.6,0.75,5.0,0.78,15.2,0.18,0.18,614.402691,1776208413000
1776208414.915,214.915,0.25,5.0,0.22,15.2,0.43,10.6,0.44,10.6,0.57,10.6,0.56,10.6,0.75,5.0,0.78,15.2,0.18,0.18,614.40399,1776208414000
1776208416.005,216.005,0.25,5.0,0.22,15.2,0.43,10.6,0.44,10.6,0.57,10.6,0.56,10.6,0.75,5.0,0.78,15.2,0.18,0.18,614.400189,1776208415000
1776208417.041,217.041,0.31,50.0,0.3,12.4,0.48,2.4,0.49,10.4,0.52,2.4,0.51,10.4,0.69,50.0,0.7,12.4,0.17,0.17,614.40616,1776208416000
1776208418.087,218.087,0.31,50.0,0.3,12.4,0.48,2.4,0.49,10.4,0.52,2.4,0.51,10.4,0.69,50.0,0.7,12.4,0.17,0.17,614.402691,1776208417000
1776208419.118,219.118,0.41,44.38,0.33,11.8,0.46,10.0,0.51,5.0,0.54,10.0,0.49,5.0,0.59,44.38,0.67,11.8,0.05,0.05,614.438456,1776208418000
1776208420.074,220.074,0.41,44.38,0.33,11.8,0.46,10.0,0.51,5.0,0.54,10.0,0.49,5.0,0.59,44.38,0.67,11.8,0.05,0.05,614.46136,1776208419000
1776208421.202,221.202,0.41,44.38,0.33,11.8,0.46,10.0,0.51,5.0,0.54,10.0,0.49,5.0,0.59,44.38,0.67,11.8,0.05,0.05,614.46587,1776208420000
1776208422.279,222.279,0.41,44.38,0.33,11.8,0.46,10.0,0.51,5.0,0.54,10.0,0.49,5.0,0.59,44.38,0.67,11.8,0.05,0.05,614.47125,1776208421000
1776208422.848,222.848,0.41,44.38,0.33,11.8,0.46,10.0,0.51,5.0,0.54,10.0,0.49,5.0,0.59,44.38,0.67,11.8,0.05,0.05,614.47125,1776208422000
1776208423.324,223.324,0.41,42.68,0.36,11.3,0.5,10.0,0.51,5.0,0.54,10.0,0.49,5.0,0.59,44.38,0.67,11.8,0.09,0.05,614.47125,1776208422000
1776208423.926,223.926,0.41,42.68,0.36,11.3,0.5,10.0,0.51,5.0,0.5,10.0,0.49,5.0,0.59,42.68,0.64,11.3,0.09,0.09,614.47154,1776208423000
1776208425.554,225.554,0.41,42.68,0.36,11.3,0.5,10.0,0.51,5.0,0.5,10.0,0.49,5.0,0.59,42.68,0.64,11.3,0.09,0.09,614.491535,1776208424000
1776208426.143,226.143,0.41,42.68,0.36,11.3,0.5,10.0,0.51,5.0,0.5,10.0,0.49,5.0,0.59,42.68,0.64,11.3,0.09,0.09,614.491535,1776208425000
1776208426.969,226.969,0.41,42.68,0.36,11.3,0.5,10.0,0.51,5.0,0.5,10.0,0.49,5.0,0.59,42.68,0.64,11.3,0.09,0.09,614.491535,1776208426000
1776208428.129,228.129,0.41,42.68,0.36,11.3,0.5,10.0,0.51,5.0,0.5,10.0,0.49,5.0,0.59,42.68,0.64,11.3,0.09,0.09,614.491535,1776208427000
1776208429.027,229.027,0.41,42.68,0.36,11.3,0.5,10.0,0.51,5.0,0.5,10.0,0.49,5.0,0.59,42.68,0.64,11.3,0.09,0.09,614.492,1776208428000
1776208430.121,230.121,0.41,42.68,0.36,11.3,0.5,10.0,0.51,5.0,0.5,10.0,0.49,5.0,0.59,42.68,0.64,11.3,0.09,0.09,614.492,1776208429000
1776208431.088,231.088,0.41,42.68,0.36,11.3,0.5,10.0,0.51,5.0,0.5,10.0,0.49,5.0,0.59,42.68,0.64,11.3,0.09,0.09,614.485,1776208430000
1776208432.17,232.17,0.41,42.68,0.36,11.3,0.5,10.0,0.51,5.0,0.5,10.0,0.49,5.0,0.59,42.68,0.64,11.3,0.09,0.09,614.485,1776208431000
1776208433.207,233.207,0.41,42.68,0.36,11.3,0.5,10.0,0.51,5.0,0.5,10.0,0.49,5.0,0.59,42.68,0.64,11.3,0.09,0.09,614.48255,1776208432000
1776208434.15,234.15,0.41,42.68,0.36,11.3,0.5,10.0,0.51,5.0,0.5,10.0,0.49,5.0,0.59,42.68,0.64,11.3,0.09,0.09,614.48255,1776208433000
1776208435.203,235.203,0.41,42.68,0.36,11.3,0.5,10.0,0.51,5.0,0.5,10.0,0.49,5.0,0.59,42.68,0.64,11.3,0.09,0.09,614.483,1776208434000
1776208436.306,236.306,0.41,42.68,0.36,11.3,0.5,10.0,0.51,5.0,0.5,10.0,0.49,5.0,0.59,42.68,0.64,11.3,0.09,0.09,614.48255,1776208435000
1776208437.249,237.249,0.41,42.68,0.36,11.3,0.5,10.0,0.51,5.0,0.5,10.0,0.49,5.0,0.59,42.68,0.64,11.3,0.09,0.09,614.48255,1776208436000
1776208438.266,238.266,0.41,42.68,0.36,11.3,0.5,10.0,0.51,5.0,0.5,10.0,0.49,5.0,0.59,42.68,0.64,11.3,0.09,0.09,614.48255,1776208437000
1776208439.396,239.396,0.41,42.68,0.36,11.3,0.5,10.0,0.51,5.0,0.5,10.0,0.49,5.0,0.59,42.68,0.64,11.3,0.09,0.09,614.48255,1776208438000
1776208439.993,239.993,0.41,42.68,0.36,11.3,0.5,10.0,0.51,5.0,0.5,10.0,0.49,5.0,0.59,42.68,0.64,11.3,0.09,0.09,614.48255,1776208439000
1776208441.21,241.21,0.41,42.68,0.36,11.3,0.5,10.0,0.51,5.0,0.5,10.0,0.49,5.0,0.59,42.68,0.64,11.3,0.09,0.09,614.48255,1776208440000
1776208442.33,242.33,0.41,42.68,0.36,11.3,0.5,10.0,0.51,5.0,0.5,10.0,0.49,5.0,0.59,42.68,0.64,11.3,0.09,0.09,614.48255,1776208441000
1776208442.87,242.87,0.41,42.68,0.36,11.3,0.5,10.0,0.51,5.0,0.5,10.0,0.49,5.0,0.59,42.68,0.64,11.3,0.09,0.09,614.48255,1776208442000
1776208443.985,243.985,0.41,42.68,0.36,11.3,0.5,10.0,0.51,5.0,0.5,10.0,0.49,5.0,0.59,42.68,0.64,11.3,0.09,0.09,614.48255,1776208443000
1776208444.521,244.521,0.21,46.24,0.15,20.39,0.49,10.4,0.5,20.4,0.5,10.0,0.49,5.0,0.59,42.68,0.64,11.3,0.28,0.09,614.48255,1776208443000
1776208445.114,245.114,0.21,38.72,0.15,20.39,0.49,10.4,0.5,20.4,0.51,10.4,0.5,20.4,0.79,38.72,0.85,20.39,0.28,0.28,614.48255,1776208444000
1776208445.381,245.381,0.31,50.0,0.21,50.0,0.48,4.21,0.49,10.4,0.51,10.4,0.5,20.4,0.79,38.72,0.85,20.39,0.17,0.28,614.48255,1776208444000
1776208446.274,246.274,0.31,50.0,0.21,50.0,0.48,4.21,0.49,10.4,0.52,4.21,0.51,10.4,0.69,50.0,0.79,50.0,0.17,0.17,614.443,1776208445000
1776208446.916,246.916,0.31,50.0,0.21,50.0,0.48,4.21,0.49,10.4,0.52,4.21,0.51,10.4,0.69,50.0,0.79,50.0,0.17,0.17,614.443,1776208446000
1776208447.953,247.953,0.31,50.0,0.21,50.0,0.48,4.21,0.49,10.4,0.52,4.21,0.51,10.4,0.69,50.0,0.79,50.0,0.17,0.17,614.487,1776208447000
1776208449.071,249.071,0.31,50.0,0.21,50.0,0.48,4.21,0.49,10.4,0.52,4.21,0.51,10.4,0.69,50.0,0.79,50.0,0.17,0.17,614.476661,1776208448000
1776208450.246,250.246,0.31,50.0,0.21,50.0,0.48,4.21,0.49,10.4,0.52,4.21,0.51,10.4,0.69,50.0,0.79,50.0,0.17,0.17,614.476661,1776208449000
1776208451.308,251.308,0.31,50.0,0.21,50.0,0.48,4.21,0.49,10.4,0.52,4.21,0.51,10.4,0.69,50.0,0.79,50.0,0.17,0.17,614.476661,1776208450000
1776208451.901,251.901,0.31,50.0,0.21,50.0,0.48,4.21,0.49,10.4,0.52,4.21,0.51,10.4,0.69,50.0,0.79,50.0,0.17,0.17,614.476661,1776208451000
1776208453.07,253.07,0.31,50.0,0.21,50.0,0.48,4.21,0.49,10.4,0.52,4.21,0.51,10.4,0.69,50.0,0.79,50.0,0.17,0.17,614.48,1776208452000
1776208454.785,254.785,0.31,50.0,0.21,50.0,0.48,4.21,0.49,10.4,0.52,4.21,0.51,10.4,0.69,50.0,0.79,50.0,0.17,0.17,614.476661,1776208453000
1776208455.7,255.7,0.31,50.0,0.21,50.0,0.48,4.21,0.49,10.4,0.52,4.21,0.51,10.4,0.69,50.0,0.79,50.0,0.17,0.17,614.476661,1776208454000
1776208456.475,256.475,0.31,50.0,0.21,50.0,0.48,4.21,0.49,10.4,0.52,4.21,0.51,10.4,0.69,50.0,0.79,50.0,0.17,0.17,614.446652,1776208455000
1776208456.793,256.793,0.22,12.63,0.21,65.7,0.42,10.7,0.43,10.6,0.52,4.21,0.51,10.4,0.69,50.0,0.79,50.0,0.2,0.17,614.446652,1776208455000
1776208457.118,257.118,0.22,12.63,0.21,65.7,0.42,10.7,0.43,10.6,0.58,10.7,0.57,10.6,0.78,12.63,0.79,65.7,0.2,0.2,614.424086,1776208456000
1776208458.606,258.606,0.22,12.63,0.21,65.7,0.42,10.7,0.43,10.6,0.58,10.7,0.57,10.6,0.78,12.63,0.79,65.7,0.2,0.2,614.424086,1776208457000
1776208459.268,259.268,0.22,12.63,0.21,65.7,0.42,10.7,0.43,10.6,0.58,10.7,0.57,10.6,0.78,12.63,0.79,65.7,0.2,0.2,614.424086,1776208458000
1776208460.007,260.007,0.22,12.63,0.21,65.7,0.42,10.7,0.43,10.6,0.58,10.7,0.57,10.6,0.78,12.63,0.79,65.7,0.2,0.2,614.424086,1776208459000
1776208461.366,261.366,0.22,12.63,0.21,65.7,0.42,10.7,0.43,10.6,0.58,10.7,0.57,10.6,0.78,12.63,0.79,65.7,0.2,0.2,614.424086,1776208460000
1776208462.1,262.1,0.22,12.63,0.21,65.7,0.42,10.7,0.43,10.6,0.58,10.7,0.57,10.6,0.78,12.63,0.79,65.7,0.2,0.2,614.424086,1776208461000
1776208463.616,263.616,0.22,12.63,0.21,65.7,0.42,10.7,0.43,10.6,0.58,10.7,0.57,10.6,0.78,12.63,0.79,65.7,0.2,0.2,614.398975,1776208462000
1776208464.254,264.254,0.22,12.63,0.21,65.7,0.42,10.7,0.43,10.6,0.58,10.7,0.57,10.6,0.78,12.63,0.79,65.7,0.2,0.2,614.398975,1776208463000
1776208465.002,265.002,0.22,12.63,0.21,65.7,0.42,10.7,0.43,10.6,0.58,10.7,0.57,10.6,0.78,12.63,0.79,65.7,0.2,0.2,614.38,1776208464000
1776208466.418,266.418,0.22,12.63,0.21,65.7,0.42,10.7,0.43,10.6,0.58,10.7,0.57,10.6,0.78,12.63,0.79,65.7,0.2,0.2,614.387,1776208465000
1776208467.19,267.19,0.22,12.63,0.21,65.7,0.42,10.7,0.43,10.6,0.58,10.7,0.57,10.6,0.78,12.63,0.79,65.7,0.2,0.2,614.387,1776208466000
1776208467.959,267.959,0.31,50.0,0.21,50.0,0.34,6.6,0.35,11.4,0.58,10.7,0.57,10.6,0.78,12.63,0.79,65.7,0.03,0.2,614.387,1776208466000
1776208468.338,268.338,0.41,50.0,0.31,94.0,0.45,3.9,0.46,10.5,0.66,6.6,0.65,11.4,0.69,50.0,0.79,50.0,0.04,0.03,614.387,1776208466000
1776208468.763,268.763,0.41,50.0,0.31,94.0,0.45,3.9,0.46,10.5,0.55,3.9,0.54,10.5,0.59,50.0,0.69,94.0,0.04,0.04,614.381,1776208467000
1776208469.562,269.562,0.41,50.0,0.31,94.0,0.45,3.9,0.46,10.5,0.55,3.9,0.54,10.5,0.59,50.0,0.69,94.0,0.04,0.04,614.418197,1776208468000
1776208470.233,270.233,0.41,50.0,0.31,94.0,0.45,3.9,0.46,10.5,0.55,3.9,0.54,10.5,0.59,50.0,0.69,94.0,0.04,0.04,614.46,1776208469000
1776208470.642,270.642,0.41,34.66,0.31,94.0,0.49,10.4,0.5,10.4,0.55,3.9,0.54,10.5,0.59,50.0,0.69,94.0,0.08,0.04,614.46,1776208469000
1776208471.987,271.987,0.41,34.66,0.31,94.0,0.49,10.4,0.5,10.4,0.51,10.4,0.5,10.4,0.59,34.66,0.69,94.0,0.08,0.08,614.470772,1776208471000
1776208473.474,273.474,0.41,34.66,0.31,94.0,0.49,10.4,0.5,10.4,0.51,10.4,0.5,10.4,0.59,34.66,0.69,94.0,0.08,0.08,614.470772,1776208472000
1776208474.028,274.028,0.41,17.34,0.31,94.0,0.49,10.4,0.5,10.4,0.51,10.4,0.5,10.4,0.59,17.34,0.69,94.0,0.08,0.08,614.470772,1776208473000
1776208475.264,275.264,0.41,17.34,0.31,94.0,0.49,10.4,0.5,10.4,0.51,10.4,0.5,10.4,0.59,17.34,0.69,94.0,0.08,0.08,614.4768,1776208474000
1776208476.447,276.447,0.41,67.34,0.31,94.0,0.51,2.96,0.71,50.0,0.49,2.96,0.29,50.0,0.59,67.34,0.69,94.0,0.1,0.1,614.47733,1776208475000
1776208476.937,276.937,0.41,67.34,0.31,94.0,0.51,2.96,0.71,50.0,0.49,2.96,0.29,50.0,0.59,67.34,0.69,94.0,0.1,0.1,614.47673,1776208476000
1776208478.029,278.029,0.41,67.34,0.31,94.0,0.51,2.96,0.71,50.0,0.49,2.96,0.29,50.0,0.59,67.34,0.69,94.0,0.1,0.1,614.47627,1776208477000
1776208479.467,279.467,0.41,67.34,0.31,94.0,0.51,2.96,0.71,50.0,0.49,2.96,0.29,50.0,0.59,67.34,0.69,94.0,0.1,0.1,614.475879,1776208478000
1776208480.121,280.121,0.41,67.34,0.31,94.0,0.51,2.96,0.71,50.0,0.49,2.96,0.29,50.0,0.59,67.34,0.69,94.0,0.1,0.1,614.498652,1776208479000
1776208481.21,281.21,0.41,67.34,0.31,94.0,0.51,2.96,0.71,50.0,0.49,2.96,0.29,50.0,0.59,67.34,0.69,94.0,0.1,0.1,614.498652,1776208480000
1776208482.371,282.371,0.41,67.34,0.31,94.0,0.51,2.96,0.71,50.0,0.49,2.96,0.29,50.0,0.59,67.34,0.69,94.0,0.1,0.1,614.499,1776208481000
1776208482.92,282.92,0.41,67.34,0.31,94.0,0.51,2.96,0.71,50.0,0.49,2.96,0.29,50.0,0.59,67.34,0.69,94.0,0.1,0.1,614.499,1776208482000
1776208483.322,283.322,0.51,47.04,0.41,77.34,0.81,50.0,0.91,50.0,0.49,2.96,0.29,50.0,0.59,67.34,0.69,94.0,0.3,0.1,614.499,1776208482000
1776208484.126,284.126,0.51,47.04,0.41,77.34,0.81,50.0,0.91,50.0,0.19,50.0,0.09,50.0,0.49,47.04,0.59,77.34,0.3,0.3,614.498652,1776208483000
1776208485.195,285.195,0.51,47.04,0.41,77.34,0.81,50.0,0.91,50.0,0.19,50.0,0.09,50.0,0.49,47.04,0.59,77.34,0.3,0.3,614.498652,1776208484000
1776208486.536,286.536,0.51,47.04,0.41,77.34,0.81,50.0,0.91,50.0,0.19,50.0,0.09,50.0,0.49,47.04,0.59,77.34,0.3,0.3,614.498652,1776208485000
1776208487.414,287.414,0.51,47.04,0.41,77.34,0.81,157.13,0.91,50.0,0.19,50.0,0.09,50.0,0.49,47.04,0.59,77.34,0.3,0.3,614.498652,1776208485000
1776208487.761,287.761,0.51,47.04,0.41,77.34,0.81,157.13,0.91,50.0,0.19,157.13,0.09,50.0,0.49,47.04,0.59,77.34,0.3,0.3,614.519,1776208486000
1776208488.391,288.391,0.51,47.04,0.41,77.34,0.81,157.13,0.91,50.0,0.19,157.13,0.09,50.0,0.49,47.04,0.59,77.34,0.3,0.3,614.519,1776208487000
1776208488.915,288.915,0.51,47.04,0.41,77.34,0.81,157.13,0.91,50.0,0.19,157.13,0.09,50.0,0.49,47.04,0.59,77.34,0.3,0.3,614.519,1776208488000
1776208490.722,290.722,0.51,47.04,0.41,77.34,0.81,157.13,0.91,50.0,0.19,157.13,0.09,50.0,0.49,47.04,0.59,77.34,0.3,0.3,614.518,1776208489000
1776208491.314,291.314,0.51,47.04,0.41,77.34,0.81,157.13,0.91,50.0,0.19,157.13,0.09,50.0,0.49,47.04,0.59,77.34,0.3,0.3,614.509,1776208490000
1776208492.619,292.619,0.51,47.04,0.41,77.34,0.81,157.13,0.91,50.0,0.19,157.13,0.09,50.0,0.49,47.04,0.59,77.34,0.3,0.3,614.509,1776208491000
1776208493.224,293.224,0.51,47.04,0.41,77.34,0.81,157.13,0.91,50.0,0.19,157.13,0.09,50.0,0.49,47.04,0.59,77.34,0.3,0.3,614.51,1776208492000
1776208493.431,293.431,0.51,47.04,0.41,77.34,0.91,80.01,0.95,167.0,0.19,157.13,0.09,50.0,0.49,47.04,0.59,77.34,0.4,0.3,614.51,1776208492000
1776208494.541,294.541,0.51,47.04,0.41,77.34,0.91,80.01,0.95,167.0,0.09,80.01,0.05,167.0,0.49,47.04,0.59,77.34,0.4,0.4,614.509,1776208493000
1776208495.126,295.126,0.51,47.04,0.41,77.34,0.91,80.01,0.95,167.0,0.09,80.01,0.05,167.0,0.49,47.04,0.59,77.34,0.4,0.4,614.509,1776208494000
1776208496.292,296.292,0.51,47.04,0.41,77.34,0.91,80.01,0.95,167.0,0.09,80.01,0.05,167.0,0.49,47.04,0.59,77.34,0.4,0.4,614.51,1776208495000
1776208496.98,296.98,0.51,44.8,0.41,77.34,0.81,50.0,0.91,50.0,0.19,50.0,0.09,50.0,0.49,44.8,0.59,77.34,0.3,0.3,614.51,1776208496000
1776208497.314,297.314,0.51,44.8,0.41,77.34,0.81,43.82,0.91,50.0,0.19,50.0,0.09,50.0,0.49,44.8,0.59,77.34,0.3,0.3,614.51,1776208496000
1776208498.404,298.404,0.51,30.45,0.41,77.34,0.8,33.49,0.81,43.82,0.19,43.82,0.09,50.0,0.49,31.56,0.59,77.34,0.29,0.3,614.51,1776208496000
1776208498.658,298.658,0.51,30.45,0.41,77.34,0.8,8.49,0.81,43.82,0.2,33.49,0.19,43.82,0.49,30.45,0.59,77.34,0.29,0.29,614.513,1776208497000
1776208499.11,299.11,0.51,25.45,0.41,77.34,0.8,8.49,0.81,43.82,0.2,8.49,0.19,43.82,0.49,25.45,0.59,77.34,0.29,0.29,614.513,1776208498000
1776208499.669,299.669,0.41,10.0,0.06,5.5,0.45,5.0,0.5,124.7,0.2,8.49,0.19,43.82,0.49,25.45,0.59,77.34,0.04,0.29,614.513,1776208498000
1776208500.389,300.389,0.06,5.5,0.04,5.0,0.45,5.0,0.49,7.0,0.55,5.0,0.51,7.0,0.94,5.5,0.96,5.0,0.39,0.39,614.509,1776208499000

# RESULT,winner=Down,slug=bnb-updown-5m-1776208200,ticks=322
