timestamp,elapsed_sec,up_bid_p1,up_bid_s1,up_bid_p2,up_bid_s2,up_ask_p1,up_ask_s1,up_ask_p2,up_ask_s2,down_bid_p1,down_bid_s1,down_bid_p2,down_bid_s2,down_ask_p1,down_ask_s1,down_ask_p2,down_ask_s2,up_spread,down_spread,bnb_price,bnb_oracle_ts
1776192901.352,1.352,,,,,,,,,,,,,,,,,,,614.632,1776192900000
1776192901.689,1.689,0.5,7.88,0.39,12.0,0.6,12.0,0.67,300.0,0.4,12.0,0.33,300.0,0.5,7.88,0.61,12.0,0.1,0.1,614.632,1776192900000
1776192902.185,2.185,0.5,7.88,0.39,12.0,0.6,12.0,0.67,300.0,0.4,12.0,0.33,300.0,0.5,7.88,0.61,12.0,0.1,0.1,614.632,1776192900000
1776192903.354,3.354,0.5,7.88,0.39,12.0,0.6,12.0,0.67,300.0,0.4,12.0,0.33,300.0,0.5,7.88,0.61,12.0,0.1,0.1,614.644,1776192902000
1776192904.752,4.752,0.5,7.88,0.39,12.0,0.6,12.0,0.67,300.0,0.4,12.0,0.33,300.0,0.5,7.88,0.61,12.0,0.1,0.1,614.639,1776192903000
1776192905.408,5.408,0.5,7.88,0.39,12.0,0.6,12.0,0.67,300.0,0.4,12.0,0.33,300.0,0.5,7.88,0.61,12.0,0.1,0.1,614.662746,1776192904000
1776192905.955,5.955,0.5,7.88,0.39,12.0,0.6,12.0,0.67,300.0,0.4,12.0,0.33,300.0,0.5,7.88,0.61,12.0,0.1,0.1,614.70539,1776192905000
1776192907.057,7.057,0.5,7.88,0.39,12.0,0.6,12.0,0.67,300.0,0.4,12.0,0.33,300.0,0.5,7.88,0.61,12.0,0.1,0.1,614.740052,1776192906000
1776192908.204,8.204,0.5,7.88,0.39,12.0,0.6,12.0,0.67,300.0,0.4,12.0,0.33,300.0,0.5,7.88,0.61,12.0,0.1,0.1,614.753998,1776192907000
1776192909.37,9.37,0.5,7.88,0.39,12.0,0.6,12.0,0.67,300.0,0.4,12.0,0.33,300.0,0.5,7.88,0.61,12.0,0.1,0.1,614.754023,1776192908000
1776192909.965,9.965,0.5,7.88,0.39,12.0,0.6,12.0,0.67,300.0,0.4,12.0,0.33,300.0,0.5,7.88,0.61,12.0,0.1,0.1,614.757698,1776192909000
1776192910.994,10.994,0.5,7.88,0.39,12.0,0.6,12.0,0.67,300.0,0.4,12.0,0.33,300.0,0.5,7.88,0.61,12.0,0.1,0.1,614.751268,1776192910000
1776192912.048,12.048,0.5,7.88,0.39,12.0,0.6,12.0,0.67,300.0,0.4,12.0,0.33,300.0,0.5,7.88,0.61,12.0,0.1,0.1,614.71478,1776192911000
1776192913.455,13.455,0.5,7.88,0.39,12.0,0.6,12.0,0.67,300.0,0.4,12.0,0.33,300.0,0.5,7.88,0.61,12.0,0.1,0.1,614.714656,1776192912000
1776192913.836,13.836,0.5,7.88,0.39,12.0,0.6,12.0,0.67,300.0,0.4,12.0,0.33,300.0,0.5,7.88,0.61,12.0,0.1,0.1,614.713455,1776192913000
1776192915.011,15.011,0.5,7.88,0.39,12.0,0.6,12.0,0.67,300.0,0.4,12.0,0.33,300.0,0.5,7.88,0.61,12.0,0.1,0.1,614.711046,1776192914000
1776192916.171,16.171,0.5,7.88,0.39,12.0,0.6,12.0,0.67,300.0,0.4,12.0,0.33,300.0,0.5,7.88,0.61,12.0,0.1,0.1,614.710697,1776192915000
1776192917.448,17.448,0.5,7.88,0.39,12.0,0.6,12.0,0.67,300.0,0.4,12.0,0.33,300.0,0.5,7.88,0.61,12.0,0.1,0.1,614.707386,1776192916000
1776192918.133,18.133,0.5,7.88,0.39,12.0,0.6,12.0,0.67,300.0,0.4,12.0,0.33,300.0,0.5,7.88,0.61,12.0,0.1,0.1,614.707405,1776192917000
1776192920.004,20.004,0.5,7.88,0.39,12.0,0.6,12.0,0.67,300.0,0.4,12.0,0.33,300.0,0.5,7.88,0.61,12.0,0.1,0.1,614.708613,1776192918000
1776192920.678,20.678,0.5,7.88,0.39,12.0,0.6,12.0,0.67,300.0,0.4,12.0,0.33,300.0,0.5,7.88,0.61,12.0,0.1,0.1,614.707469,1776192919000
1776192921.141,21.141,0.5,7.88,0.39,12.0,0.6,12.0,0.67,300.0,0.4,12.0,0.33,300.0,0.5,7.88,0.61,12.0,0.1,0.1,614.707469,1776192920000
1776192922.871,22.871,0.5,7.88,0.39,12.0,0.6,12.0,0.67,300.0,0.4,12.0,0.33,300.0,0.5,7.88,0.61,12.0,0.1,0.1,614.707394,1776192921000
1776192923.46,23.46,0.5,7.88,0.39,12.0,0.6,12.0,0.67,300.0,0.4,12.0,0.33,300.0,0.5,7.88,0.61,12.0,0.1,0.1,614.707352,1776192922000
1776192924.377,24.377,0.5,7.88,0.39,12.0,0.6,12.0,0.67,300.0,0.4,12.0,0.33,300.0,0.5,7.88,0.61,12.0,0.1,0.1,614.705974,1776192923000
1776192925.436,25.436,0.5,7.88,0.39,12.0,0.6,12.0,0.67,300.0,0.4,12.0,0.33,300.0,0.5,7.88,0.61,12.0,0.1,0.1,614.708635,1776192924000
1776192926.166,26.166,0.5,7.88,0.39,12.0,0.6,12.0,0.67,300.0,0.4,12.0,0.33,300.0,0.5,7.88,0.61,12.0,0.1,0.1,614.708635,1776192925000
1776192927.245,27.245,0.5,7.88,0.39,12.0,0.6,12.0,0.67,300.0,0.4,12.0,0.33,300.0,0.5,7.88,0.61,12.0,0.1,0.1,614.708733,1776192926000
1776192928.525,28.525,0.5,7.88,0.39,12.0,0.6,12.0,0.67,300.0,0.4,12.0,0.33,300.0,0.5,7.88,0.61,12.0,0.1,0.1,614.711472,1776192927000
1776192928.989,28.989,0.5,7.88,0.39,12.0,0.6,12.0,0.67,300.0,0.4,12.0,0.33,300.0,0.5,7.88,0.61,12.0,0.1,0.1,614.71143,1776192928000
1776192930.342,30.342,0.5,7.88,0.39,12.0,0.6,12.0,0.67,300.0,0.4,12.0,0.33,300.0,0.5,7.88,0.61,12.0,0.1,0.1,614.711267,1776192929000
1776192931.505,31.505,0.5,7.88,0.39,12.0,0.6,12.0,0.67,300.0,0.4,12.0,0.33,300.0,0.5,7.88,0.61,12.0,0.1,0.1,614.709876,1776192930000
1776192932.078,32.078,0.5,7.88,0.39,12.0,0.6,12.0,0.67,300.0,0.4,12.0,0.33,300.0,0.5,7.88,0.61,12.0,0.1,0.1,614.709865,1776192931000
1776192933.267,33.267,0.5,7.88,0.39,12.0,0.6,12.0,0.67,300.0,0.4,12.0,0.33,300.0,0.5,7.88,0.61,12.0,0.1,0.1,614.709935,1776192932000
1776192934.346,34.346,0.5,7.88,0.39,12.0,0.6,12.0,0.67,300.0,0.4,12.0,0.33,300.0,0.5,7.88,0.61,12.0,0.1,0.1,614.715802,1776192933000
1776192934.931,34.931,0.5,7.88,0.39,12.0,0.6,12.0,0.67,300.0,0.4,12.0,0.33,300.0,0.5,7.88,0.61,12.0,0.1,0.1,614.715802,1776192934000
1776192936.3,36.3,0.5,7.88,0.39,12.0,0.6,12.0,0.67,300.0,0.4,12.0,0.33,300.0,0.5,7.88,0.61,12.0,0.1,0.1,614.711429,1776192935000
1776192937.911,37.911,0.5,7.88,0.39,12.0,0.6,12.0,0.67,300.0,0.4,12.0,0.33,300.0,0.5,7.88,0.61,12.0,0.1,0.1,614.710438,1776192936000
1776192938.581,38.581,0.5,7.88,0.39,12.0,0.6,12.0,0.67,300.0,0.4,12.0,0.33,300.0,0.5,7.88,0.61,12.0,0.1,0.1,614.710416,1776192937000
1776192939.409,39.409,0.5,7.88,0.39,12.0,0.6,12.0,0.67,300.0,0.4,12.0,0.33,300.0,0.5,7.88,0.61,12.0,0.1,0.1,614.710544,1776192938000
1776192940.115,40.115,0.5,7.88,0.39,12.0,0.6,12.0,0.67,300.0,0.4,12.0,0.33,300.0,0.5,7.88,0.61,12.0,0.1,0.1,614.710541,1776192939000
1776192941.545,41.545,0.5,7.88,0.39,12.0,0.6,12.0,0.67,300.0,0.4,12.0,0.33,300.0,0.5,7.88,0.61,12.0,0.1,0.1,614.71094,1776192940000
1776192942.257,42.257,0.5,7.88,0.39,12.0,0.6,12.0,0.67,300.0,0.4,12.0,0.33,300.0,0.5,7.88,0.61,12.0,0.1,0.1,614.711025,1776192941000
1776192943.684,43.684,0.5,7.88,0.39,12.0,0.6,12.0,0.67,300.0,0.4,12.0,0.33,300.0,0.5,7.88,0.61,12.0,0.1,0.1,614.71067,1776192942000
1776192944.406,44.406,0.5,7.88,0.39,12.0,0.6,12.0,0.67,300.0,0.4,12.0,0.33,300.0,0.5,7.88,0.61,12.0,0.1,0.1,614.706535,1776192943000
1776192945.051,45.051,0.5,7.88,0.39,12.0,0.6,12.0,0.67,300.0,0.4,12.0,0.33,300.0,0.5,7.88,0.61,12.0,0.1,0.1,614.706595,1776192944000
1776192946.543,46.543,0.5,7.88,0.39,12.0,0.6,12.0,0.67,300.0,0.4,12.0,0.33,300.0,0.5,7.88,0.61,12.0,0.1,0.1,614.707225,1776192945000
1776192947.376,47.376,0.5,7.88,0.39,12.0,0.6,12.0,0.67,300.0,0.4,12.0,0.33,300.0,0.5,7.88,0.61,12.0,0.1,0.1,614.707207,1776192946000
1776192948.178,48.178,0.5,7.88,0.39,12.0,0.6,12.0,0.67,300.0,0.4,12.0,0.33,300.0,0.5,7.88,0.61,12.0,0.1,0.1,614.708412,1776192947000
1776192949.749,49.749,0.5,7.88,0.39,12.0,0.6,12.0,0.67,300.0,0.4,12.0,0.33,300.0,0.5,7.88,0.61,12.0,0.1,0.1,614.716268,1776192948000
1776192950.458,50.458,0.5,7.88,0.39,12.0,0.6,12.0,0.67,300.0,0.4,12.0,0.33,300.0,0.5,7.88,0.61,12.0,0.1,0.1,614.716268,1776192949000
1776192951.266,51.266,0.5,7.88,0.39,12.0,0.6,12.0,0.67,300.0,0.4,12.0,0.33,300.0,0.5,7.88,0.61,12.0,0.1,0.1,614.715948,1776192950000
1776192952.929,52.929,0.5,7.88,0.39,12.0,0.6,12.0,0.67,300.0,0.4,12.0,0.33,300.0,0.5,7.88,0.61,12.0,0.1,0.1,614.715489,1776192951000
1776192953.648,53.648,0.5,7.88,0.39,12.0,0.6,12.0,0.67,300.0,0.4,12.0,0.33,300.0,0.5,7.88,0.61,12.0,0.1,0.1,614.714391,1776192952000
1776192954.398,54.398,0.5,7.88,0.39,12.0,0.6,12.0,0.67,300.0,0.4,12.0,0.33,300.0,0.5,7.88,0.61,12.0,0.1,0.1,614.714391,1776192953000
1776192955.218,55.218,0.5,7.88,0.39,12.0,0.6,12.0,0.67,300.0,0.4,12.0,0.33,300.0,0.5,7.88,0.61,12.0,0.1,0.1,614.679977,1776192954000
1776192956.341,56.341,0.5,7.88,0.39,12.0,0.6,12.0,0.67,300.0,0.4,12.0,0.33,300.0,0.5,7.88,0.61,12.0,0.1,0.1,614.604481,1776192955000
1776192957.373,57.373,0.5,7.88,0.39,12.0,0.6,12.0,0.67,300.0,0.4,12.0,0.33,300.0,0.5,7.88,0.61,12.0,0.1,0.1,614.55,1776192956000
1776192957.859,57.859,0.5,7.88,0.39,12.0,0.6,12.0,0.67,300.0,0.4,12.0,0.33,300.0,0.5,7.88,0.61,12.0,0.1,0.1,614.55,1776192957000
1776192959.003,59.003,0.5,7.88,0.39,12.0,0.6,12.0,0.67,300.0,0.4,12.0,0.33,300.0,0.5,7.88,0.61,12.0,0.1,0.1,614.54,1776192958000
1776192959.363,59.363,0.51,4.96,0.5,7.88,0.53,5.0,0.54,5.0,0.4,12.0,0.33,300.0,0.5,7.88,0.61,12.0,0.02,0.1,614.54,1776192958000
1776192960.063,60.063,0.51,4.96,0.5,7.88,0.53,5.0,0.54,5.0,0.47,5.0,0.46,5.0,0.49,4.96,0.5,7.88,0.02,0.02,614.546,1776192959000
1776192961.19,61.19,0.51,4.96,0.5,7.88,0.53,5.0,0.54,5.0,0.47,5.0,0.46,5.0,0.49,4.96,0.5,7.88,0.02,0.02,614.584,1776192960000
1776192962.009,62.009,0.51,4.96,0.5,7.88,0.54,5.0,0.59,10.0,0.47,5.0,0.46,5.0,0.49,4.96,0.5,7.88,0.03,0.02,614.584,1776192960000
1776192962.298,62.298,0.51,4.96,0.5,7.88,0.54,5.0,0.59,10.0,0.46,5.0,0.41,10.0,0.49,4.96,0.5,7.88,0.03,0.03,614.584,1776192961000
1776192963.422,63.422,0.51,4.96,0.5,7.88,0.54,5.0,0.59,10.0,0.46,5.0,0.41,10.0,0.49,4.96,0.5,7.88,0.03,0.03,614.579,1776192962000
1776192963.969,63.969,0.51,4.96,0.5,7.88,0.54,5.0,0.59,10.0,0.46,5.0,0.41,10.0,0.49,4.96,0.5,7.88,0.03,0.03,614.572,1776192963000
1776192965.13,65.13,0.51,4.96,0.5,7.88,0.54,5.0,0.59,10.0,0.46,5.0,0.41,10.0,0.49,4.96,0.5,7.88,0.03,0.03,614.643,1776192964000
1776192966.256,66.256,0.51,4.96,0.5,7.88,0.54,5.0,0.59,10.0,0.46,5.0,0.41,10.0,0.49,4.96,0.5,7.88,0.03,0.03,614.673,1776192965000
1776192967.366,67.366,0.51,4.96,0.5,7.88,0.54,5.0,0.59,10.0,0.46,5.0,0.41,10.0,0.49,4.96,0.5,7.88,0.03,0.03,614.646,1776192966000
1776192967.903,67.903,0.51,4.96,0.5,7.88,0.54,5.0,0.59,10.0,0.46,5.0,0.41,10.0,0.49,4.96,0.5,7.88,0.03,0.03,614.637,1776192967000
1776192969.595,69.595,0.51,4.96,0.5,7.88,0.54,5.0,0.59,10.0,0.46,5.0,0.41,10.0,0.49,4.96,0.5,7.88,0.03,0.03,614.651,1776192968000
1776192970.12,70.12,0.51,4.96,0.5,7.88,0.54,5.0,0.59,10.0,0.46,5.0,0.41,10.0,0.49,4.96,0.5,7.88,0.03,0.03,614.662,1776192969000
1776192971.241,71.241,0.51,4.96,0.5,7.88,0.54,5.0,0.59,10.0,0.46,5.0,0.41,10.0,0.49,4.96,0.5,7.88,0.03,0.03,614.662,1776192970000
1776192972.256,72.256,0.51,4.96,0.5,7.88,0.54,5.0,0.59,10.0,0.46,5.0,0.41,10.0,0.49,4.96,0.5,7.88,0.03,0.03,614.637,1776192971000
1776192973.321,73.321,0.51,4.96,0.5,7.88,0.54,5.0,0.59,10.0,0.46,5.0,0.41,10.0,0.49,4.96,0.5,7.88,0.03,0.03,614.637,1776192972000
1776192974.428,74.428,0.51,4.96,0.5,7.88,0.54,5.0,0.59,10.0,0.46,5.0,0.41,10.0,0.49,4.96,0.5,7.88,0.03,0.03,614.586782,1776192973000
1776192975.017,75.017,0.51,4.96,0.5,7.88,0.54,5.0,0.59,10.0,0.46,5.0,0.41,10.0,0.49,4.96,0.5,7.88,0.03,0.03,614.586782,1776192974000
1776192976.021,76.021,0.51,4.96,0.5,7.88,0.54,5.0,0.59,10.0,0.46,5.0,0.41,10.0,0.49,4.96,0.5,7.88,0.03,0.03,614.588129,1776192975000
1776192977.091,77.091,0.51,4.96,0.5,7.88,0.54,5.0,0.59,10.0,0.46,5.0,0.41,10.0,0.49,4.96,0.5,7.88,0.03,0.03,614.588129,1776192976000
1776192977.446,77.446,0.5,5.43,0.46,5.0,0.56,5.0,0.58,15.7,0.46,5.0,0.41,10.0,0.49,4.96,0.5,7.88,0.06,0.03,614.588129,1776192976000
1776192978.215,78.215,0.5,5.43,0.46,5.0,0.56,5.0,0.58,15.7,0.44,5.0,0.42,15.7,0.5,5.43,0.54,5.0,0.06,0.06,614.588127,1776192977000
1776192979.303,79.303,0.5,5.43,0.46,5.0,0.56,5.0,0.58,15.7,0.44,5.0,0.42,15.7,0.5,5.43,0.54,5.0,0.06,0.06,614.601,1776192978000
1776192980.366,80.366,0.5,5.43,0.46,5.0,0.56,5.0,0.58,15.7,0.44,5.0,0.42,15.7,0.5,5.43,0.54,5.0,0.06,0.06,614.603,1776192979000
1776192980.871,80.871,0.5,5.43,0.46,5.0,0.56,5.0,0.58,15.7,0.44,5.0,0.42,15.7,0.5,5.43,0.54,5.0,0.06,0.06,614.603,1776192980000
1776192982.005,82.005,0.5,5.43,0.46,5.0,0.56,5.0,0.58,15.7,0.44,5.0,0.42,15.7,0.5,5.43,0.54,5.0,0.06,0.06,614.605,1776192981000
1776192983.746,83.746,0.5,5.43,0.46,5.0,0.56,5.0,0.58,15.7,0.44,5.0,0.42,15.7,0.5,5.43,0.54,5.0,0.06,0.06,614.609,1776192982000
1776192984.227,84.227,0.5,5.43,0.46,5.0,0.56,5.0,0.58,15.7,0.44,5.0,0.42,15.7,0.5,5.43,0.54,5.0,0.06,0.06,614.608,1776192983000
1776192985.258,85.258,0.5,5.43,0.46,5.0,0.56,5.0,0.58,15.7,0.44,5.0,0.42,15.7,0.5,5.43,0.54,5.0,0.06,0.06,614.604,1776192984000
1776192986.283,86.283,0.5,5.43,0.46,5.0,0.56,5.0,0.58,15.7,0.44,5.0,0.42,15.7,0.5,5.43,0.54,5.0,0.06,0.06,614.604,1776192985000
1776192987.317,87.317,0.5,5.43,0.46,5.0,0.56,5.0,0.58,15.7,0.44,5.0,0.42,15.7,0.5,5.43,0.54,5.0,0.06,0.06,614.6,1776192986000
1776192988.405,88.405,0.5,5.43,0.46,5.0,0.56,5.0,0.58,15.7,0.44,5.0,0.42,15.7,0.5,5.43,0.54,5.0,0.06,0.06,614.601,1776192987000
1776192988.85,88.85,0.5,5.43,0.46,5.0,0.56,5.0,0.58,15.7,0.44,5.0,0.42,15.7,0.5,5.43,0.54,5.0,0.06,0.06,614.601,1776192988000
1776192989.897,89.897,0.5,5.43,0.46,5.0,0.56,5.0,0.58,15.7,0.44,5.0,0.42,15.7,0.5,5.43,0.54,5.0,0.06,0.06,614.593,1776192989000
1776192990.81,90.81,0.5,5.43,0.46,5.0,0.56,5.0,0.58,15.7,0.44,5.0,0.42,15.7,0.5,5.43,0.54,5.0,0.06,0.06,614.594,1776192990000
1776192992.246,92.246,0.5,5.43,0.46,5.0,0.56,5.0,0.58,15.7,0.44,5.0,0.42,15.7,0.5,5.43,0.54,5.0,0.06,0.06,614.599,1776192991000
1776192993.272,93.272,0.5,5.43,0.46,5.0,0.56,5.0,0.58,15.7,0.44,5.0,0.42,15.7,0.5,5.43,0.54,5.0,0.06,0.06,614.6,1776192992000
1776192994.378,94.378,0.5,5.43,0.46,5.0,0.56,5.0,0.58,15.7,0.44,5.0,0.42,15.7,0.5,5.43,0.54,5.0,0.06,0.06,614.605,1776192993000
1776192994.892,94.892,0.5,5.43,0.46,5.0,0.56,5.0,0.58,15.7,0.44,5.0,0.42,15.7,0.5,5.43,0.54,5.0,0.06,0.06,614.605,1776192994000
1776192995.931,95.931,0.5,5.43,0.46,5.0,0.56,5.0,0.58,15.7,0.44,5.0,0.42,15.7,0.5,5.43,0.54,5.0,0.06,0.06,614.603,1776192995000
1776192997.356,97.356,0.5,5.43,0.46,5.0,0.56,5.0,0.58,15.7,0.44,5.0,0.42,15.7,0.5,5.43,0.54,5.0,0.06,0.06,614.595752,1776192996000
1776192997.803,97.803,0.51,5.0,0.5,5.43,0.55,10.5,0.56,10.6,0.44,5.0,0.42,15.7,0.5,5.43,0.54,5.0,0.04,0.06,614.595752,1776192996000
1776192998.186,98.186,0.5,5.43,0.41,5.0,0.53,5.0,0.54,15.5,0.45,10.5,0.44,10.6,0.49,5.0,0.5,5.43,0.03,0.04,614.596644,1776192997000
1776192999.014,99.014,0.41,5.0,0.4,5.0,0.5,17.57,0.53,5.0,0.5,17.57,0.47,5.0,0.59,5.0,0.6,5.0,0.09,0.09,614.596966,1776192998000
1776193000.05,100.05,0.41,5.0,0.4,5.0,0.5,17.57,0.53,5.0,0.5,17.57,0.47,5.0,0.59,5.0,0.6,5.0,0.09,0.09,614.590253,1776192999000
1776193001.091,101.091,0.41,5.0,0.4,5.0,0.5,17.57,0.53,5.0,0.5,17.57,0.47,5.0,0.59,5.0,0.6,5.0,0.09,0.09,614.523133,1776193000000
1776193002.183,102.183,0.41,5.0,0.4,5.0,0.5,17.57,0.53,5.0,0.5,17.57,0.47,5.0,0.59,5.0,0.6,5.0,0.09,0.09,614.523065,1776193001000
1776193003.233,103.233,0.41,5.0,0.4,5.0,0.5,17.57,0.53,5.0,0.5,17.57,0.47,5.0,0.59,5.0,0.6,5.0,0.09,0.09,614.514388,1776193002000
1776193004.244,104.244,0.41,5.0,0.4,5.0,0.5,17.57,0.53,5.0,0.5,17.57,0.47,5.0,0.59,5.0,0.6,5.0,0.09,0.09,614.490357,1776193003000
1776193005.168,105.168,0.41,5.0,0.4,5.0,0.5,17.57,0.53,5.0,0.5,17.57,0.47,5.0,0.59,5.0,0.6,5.0,0.09,0.09,614.49225,1776193004000
1776193006.285,106.285,0.41,5.0,0.4,5.0,0.5,17.57,0.53,5.0,0.5,17.57,0.47,5.0,0.59,5.0,0.6,5.0,0.09,0.09,614.47935,1776193005000
1776193006.883,106.883,0.41,5.0,0.4,5.0,0.5,17.57,0.53,5.0,0.5,17.57,0.47,5.0,0.59,5.0,0.6,5.0,0.09,0.09,614.481808,1776193006000
1776193008.028,108.028,0.41,5.0,0.4,5.0,0.5,17.57,0.53,5.0,0.5,17.57,0.47,5.0,0.59,5.0,0.6,5.0,0.09,0.09,614.488102,1776193007000
1776193008.967,108.967,0.41,5.0,0.4,5.0,0.5,17.57,0.53,5.0,0.5,17.57,0.47,5.0,0.59,5.0,0.6,5.0,0.09,0.09,614.488519,1776193008000
1776193010.547,110.547,0.41,5.0,0.4,5.0,0.5,17.57,0.53,5.0,0.5,17.57,0.47,5.0,0.59,5.0,0.6,5.0,0.09,0.09,614.486534,1776193009000
1776193011.049,111.049,0.4,26.45,0.39,10.0,0.48,4.87,0.49,10.4,0.52,4.87,0.51,10.4,0.6,26.45,0.61,10.0,0.08,0.08,614.484342,1776193010000
1776193012.08,112.08,0.4,26.45,0.39,10.0,0.48,4.87,0.49,10.4,0.52,4.87,0.51,10.4,0.6,26.45,0.61,10.0,0.08,0.08,614.482835,1776193011000
1776193013.197,113.197,0.4,26.45,0.39,10.0,0.48,4.87,0.49,10.4,0.52,4.87,0.51,10.4,0.6,26.45,0.61,10.0,0.08,0.08,614.482835,1776193012000
1776193013.898,113.898,0.41,11.05,0.39,10.0,0.45,10.5,0.46,10.5,0.52,4.87,0.51,10.4,0.6,26.45,0.61,10.0,0.04,0.08,614.482835,1776193012000
1776193014.396,114.396,0.41,11.05,0.39,10.0,0.45,10.5,0.46,10.5,0.55,10.5,0.54,10.5,0.59,11.05,0.61,10.0,0.04,0.04,614.457208,1776193013000
1776193015.047,115.047,0.41,11.05,0.39,10.0,0.45,10.5,0.46,10.5,0.55,10.5,0.54,10.5,0.59,11.05,0.61,10.0,0.04,0.04,614.457208,1776193014000
1776193015.372,115.372,0.41,6.05,0.39,10.0,0.43,10.6,0.44,10.6,0.55,10.5,0.54,10.5,0.59,11.05,0.61,10.0,0.02,0.04,614.457208,1776193014000
1776193016.356,116.356,0.41,6.05,0.39,10.0,0.43,10.6,0.44,10.6,0.57,10.6,0.56,10.6,0.59,6.05,0.61,10.0,0.02,0.02,614.398036,1776193015000
1776193017.601,117.601,0.28,5.0,0.27,5.0,0.41,33.95,0.42,36.7,0.59,33.95,0.58,36.7,0.72,5.0,0.73,5.0,0.13,0.13,614.394655,1776193016000
1776193017.969,117.969,0.32,3.0,0.29,5.0,0.39,25.0,0.4,20.8,0.59,33.95,0.58,36.7,0.72,5.0,0.73,5.0,0.07,0.13,614.394655,1776193016000
1776193019.402,119.402,0.32,3.0,0.29,5.0,0.39,25.0,0.4,20.8,0.61,25.0,0.6,20.8,0.68,3.0,0.71,5.0,0.07,0.07,614.307951,1776193018000
1776193019.967,119.967,0.32,3.0,0.29,5.0,0.39,25.0,0.4,20.8,0.61,25.0,0.6,20.8,0.68,3.0,0.71,5.0,0.07,0.07,614.311955,1776193019000
1776193021.146,121.146,0.32,3.0,0.29,5.0,0.39,25.0,0.4,20.8,0.61,25.0,0.6,20.8,0.68,3.0,0.71,5.0,0.07,0.07,614.312232,1776193020000
1776193022.298,122.298,0.32,3.0,0.29,5.0,0.39,25.0,0.4,20.8,0.61,25.0,0.6,20.8,0.68,3.0,0.71,5.0,0.07,0.07,614.313544,1776193021000
1776193023.496,123.496,0.32,3.0,0.29,5.0,0.39,25.0,0.4,20.8,0.61,25.0,0.6,20.8,0.68,3.0,0.71,5.0,0.07,0.07,614.315902,1776193022000
1776193024.105,124.105,0.32,3.0,0.29,5.0,0.39,25.0,0.4,20.8,0.61,25.0,0.6,20.8,0.68,3.0,0.71,5.0,0.07,0.07,614.317589,1776193023000
1776193025.721,125.721,0.32,3.0,0.29,5.0,0.39,25.0,0.4,20.8,0.61,25.0,0.6,20.8,0.68,3.0,0.71,5.0,0.07,0.07,614.319715,1776193024000
1776193026.217,126.217,0.32,3.0,0.29,5.0,0.39,25.0,0.4,20.8,0.61,25.0,0.6,20.8,0.68,3.0,0.71,5.0,0.07,0.07,614.319715,1776193025000
1776193027.081,127.081,0.31,2.75,0.3,5.0,0.39,10.9,0.4,10.8,0.61,25.0,0.6,20.8,0.68,3.0,0.71,5.0,0.08,0.07,614.319715,1776193025000
1776193028.377,128.377,0.31,2.75,0.3,5.0,0.39,10.9,0.4,10.8,0.61,10.9,0.6,10.8,0.69,2.75,0.7,5.0,0.08,0.08,614.319656,1776193027000
1776193029.513,129.513,0.31,2.75,0.3,5.0,0.39,10.9,0.4,10.8,0.61,10.9,0.6,10.8,0.69,2.75,0.7,5.0,0.08,0.08,614.409742,1776193028000
1776193030.086,130.086,0.31,2.75,0.3,5.0,0.39,10.9,0.4,10.8,0.61,10.9,0.6,10.8,0.69,2.75,0.7,5.0,0.08,0.08,614.411117,1776193029000
1776193031.322,131.322,0.31,2.75,0.3,5.0,0.39,10.9,0.4,10.8,0.61,10.9,0.6,10.8,0.69,2.75,0.7,5.0,0.08,0.08,614.434,1776193030000
1776193032.445,132.445,0.31,2.75,0.3,5.0,0.39,10.9,0.4,10.8,0.61,10.9,0.6,10.8,0.69,2.75,0.7,5.0,0.08,0.08,614.426,1776193031000
1776193033.027,133.027,0.31,2.75,0.3,5.0,0.39,10.9,0.4,10.8,0.61,10.9,0.6,10.8,0.69,2.75,0.7,5.0,0.08,0.08,614.426,1776193032000
1776193033.599,133.599,0.39,10.0,0.38,7.08,0.41,10.0,0.47,9.0,0.61,10.9,0.6,10.8,0.69,2.75,0.7,5.0,0.02,0.08,614.426,1776193032000
1776193034.183,134.183,0.39,10.0,0.38,7.08,0.41,10.0,0.47,9.0,0.59,10.0,0.53,9.0,0.61,10.0,0.62,7.08,0.02,0.02,614.419,1776193033000
1776193035.265,135.265,0.39,10.0,0.38,7.08,0.41,10.0,0.47,9.0,0.59,10.0,0.53,9.0,0.61,10.0,0.62,7.08,0.02,0.02,614.421,1776193034000
1776193036.339,136.339,0.39,10.0,0.38,7.08,0.41,5.0,0.5,27.57,0.59,10.0,0.53,9.0,0.61,10.0,0.62,7.08,0.02,0.02,614.421,1776193034000
1776193036.614,136.614,0.4,5.0,0.39,10.0,0.5,27.57,0.59,20.7,0.59,5.0,0.5,27.57,0.61,10.0,0.62,7.08,0.1,0.02,614.502,1776193035000
1776193036.953,136.953,0.4,5.0,0.39,10.0,0.5,27.57,0.59,20.7,0.5,27.57,0.41,20.7,0.6,5.0,0.61,10.0,0.1,0.1,614.502,1776193036000
1776193038.074,138.074,0.4,5.0,0.39,10.0,0.5,27.57,0.59,20.7,0.5,27.57,0.41,20.7,0.6,5.0,0.61,10.0,0.1,0.1,614.602767,1776193037000
1776193039.159,139.159,0.4,5.0,0.39,10.0,0.5,27.57,0.59,20.7,0.5,27.57,0.41,20.7,0.6,5.0,0.61,10.0,0.1,0.1,614.60679,1776193038000
1776193040.168,140.168,0.4,5.0,0.39,10.0,0.5,27.57,0.59,20.7,0.5,27.57,0.41,20.7,0.6,5.0,0.61,10.0,0.1,0.1,614.628426,1776193039000
1776193041.513,141.513,0.4,5.0,0.39,10.0,0.5,27.57,0.59,20.7,0.5,27.57,0.41,20.7,0.6,5.0,0.61,10.0,0.1,0.1,614.62498,1776193040000
1776193042.512,142.512,0.4,5.0,0.39,10.0,0.5,27.57,0.59,20.7,0.5,27.57,0.41,20.7,0.6,5.0,0.61,10.0,0.1,0.1,614.62498,1776193041000
1776193043.425,143.425,0.4,5.0,0.39,10.0,0.5,27.57,0.59,20.7,0.5,27.57,0.41,20.7,0.6,5.0,0.61,10.0,0.1,0.1,614.624679,1776193042000
1776193044.704,144.704,0.4,5.0,0.39,10.0,0.5,27.57,0.59,20.7,0.5,27.57,0.41,20.7,0.6,5.0,0.61,10.0,0.1,0.1,614.558806,1776193043000
1776193045.331,145.331,0.4,5.0,0.39,10.0,0.5,27.57,0.59,20.7,0.5,27.57,0.41,20.7,0.6,5.0,0.61,10.0,0.1,0.1,614.558777,1776193044000
1776193046.51,146.51,0.4,5.0,0.39,10.0,0.5,27.57,0.59,20.7,0.5,27.57,0.41,20.7,0.6,5.0,0.61,10.0,0.1,0.1,614.561877,1776193045000
1776193047.171,147.171,0.4,5.0,0.39,10.0,0.5,27.57,0.59,20.7,0.5,27.57,0.41,20.7,0.6,5.0,0.61,10.0,0.1,0.1,614.559148,1776193046000
1776193048.543,148.543,0.4,5.0,0.39,10.0,0.5,27.57,0.59,20.7,0.5,27.57,0.41,20.7,0.6,5.0,0.61,10.0,0.1,0.1,614.487,1776193047000
1776193049.237,149.237,0.4,5.0,0.39,10.0,0.5,27.57,0.59,20.7,0.5,27.57,0.41,20.7,0.6,5.0,0.61,10.0,0.1,0.1,614.480228,1776193048000
1776193050.532,150.532,0.4,5.0,0.39,10.0,0.5,27.57,0.59,20.7,0.5,27.57,0.41,20.7,0.6,5.0,0.61,10.0,0.1,0.1,614.476778,1776193049000
1776193051.132,151.132,0.4,5.0,0.39,10.0,0.5,27.57,0.59,20.7,0.5,27.57,0.41,20.7,0.6,5.0,0.61,10.0,0.1,0.1,614.476778,1776193050000
1776193052.544,152.544,0.4,5.0,0.39,10.0,0.5,27.57,0.59,20.7,0.5,27.57,0.41,20.7,0.6,5.0,0.61,10.0,0.1,0.1,614.478582,1776193051000
1776193053.179,153.179,0.41,5.0,0.4,10.0,0.44,10.0,0.45,10.5,0.56,10.0,0.55,10.5,0.59,5.0,0.6,10.0,0.03,0.03,614.478889,1776193052000
1776193054.584,154.584,0.41,5.0,0.4,10.0,0.44,10.0,0.45,10.5,0.56,10.0,0.55,10.5,0.59,5.0,0.6,10.0,0.03,0.03,614.473107,1776193053000
1776193055.329,155.329,0.41,5.0,0.4,10.0,0.44,10.0,0.45,10.5,0.56,10.0,0.55,10.5,0.59,5.0,0.6,10.0,0.03,0.03,614.440406,1776193054000
1776193056.804,156.804,0.41,5.0,0.4,10.0,0.44,10.0,0.45,10.5,0.56,10.0,0.55,10.5,0.59,5.0,0.6,10.0,0.03,0.03,614.43806,1776193055000
1776193057.507,157.507,0.41,5.0,0.4,10.0,0.44,10.0,0.45,10.5,0.56,10.0,0.55,10.5,0.59,5.0,0.6,10.0,0.03,0.03,614.43775,1776193056000
1776193058.698,158.698,0.41,5.0,0.4,10.0,0.44,10.0,0.45,10.5,0.56,10.0,0.55,10.5,0.59,5.0,0.6,10.0,0.03,0.03,614.435135,1776193057000
1776193059.275,159.275,0.41,5.0,0.4,10.0,0.44,10.0,0.45,10.5,0.56,10.0,0.55,10.5,0.59,5.0,0.6,10.0,0.03,0.03,614.435254,1776193058000
1776193060.675,160.675,0.41,5.0,0.4,10.0,0.44,10.0,0.45,10.5,0.56,10.0,0.55,10.5,0.59,5.0,0.6,10.0,0.03,0.03,614.471,1776193059000
1776193061.308,161.308,0.41,5.0,0.4,10.0,0.44,10.0,0.45,10.5,0.56,10.0,0.55,10.5,0.59,5.0,0.6,10.0,0.03,0.03,614.471,1776193060000
1776193062.544,162.544,0.41,5.0,0.4,10.0,0.44,10.0,0.45,10.5,0.56,10.0,0.55,10.5,0.59,5.0,0.6,10.0,0.03,0.03,614.498,1776193061000
1776193063.078,163.078,0.41,5.0,0.4,10.0,0.44,10.0,0.45,10.5,0.56,10.0,0.55,10.5,0.59,5.0,0.6,10.0,0.03,0.03,614.498,1776193062000
1776193064.34,164.34,0.41,5.0,0.4,10.0,0.44,10.0,0.45,10.5,0.56,10.0,0.55,10.5,0.59,5.0,0.6,10.0,0.03,0.03,614.498,1776193063000
1776193065.42,165.42,0.41,5.0,0.4,10.0,0.44,10.0,0.45,10.5,0.56,10.0,0.55,10.5,0.59,5.0,0.6,10.0,0.03,0.03,614.474362,1776193064000
1776193066.078,166.078,0.41,5.0,0.4,10.0,0.44,10.0,0.45,10.5,0.56,10.0,0.55,10.5,0.59,5.0,0.6,10.0,0.03,0.03,614.474362,1776193065000
1776193067.282,167.282,0.41,5.0,0.4,10.0,0.44,10.0,0.45,10.5,0.56,10.0,0.55,10.5,0.59,5.0,0.6,10.0,0.03,0.03,614.477429,1776193066000
1776193068.394,168.394,0.41,5.0,0.4,10.0,0.44,10.0,0.45,10.5,0.56,10.0,0.55,10.5,0.59,5.0,0.6,10.0,0.03,0.03,614.473799,1776193067000
1776193069.024,169.024,0.41,5.0,0.4,10.0,0.44,10.0,0.45,10.5,0.56,10.0,0.55,10.5,0.59,5.0,0.6,10.0,0.03,0.03,614.475213,1776193068000
1776193070.156,170.156,0.41,5.0,0.4,10.0,0.44,10.0,0.45,10.5,0.56,10.0,0.55,10.5,0.59,5.0,0.6,10.0,0.03,0.03,614.475262,1776193069000
1776193071.308,171.308,0.41,5.0,0.4,10.0,0.44,10.0,0.45,10.5,0.56,10.0,0.55,10.5,0.59,5.0,0.6,10.0,0.03,0.03,614.475148,1776193070000
1776193072.507,172.507,0.41,5.0,0.4,10.0,0.44,10.0,0.45,10.5,0.56,10.0,0.55,10.5,0.59,5.0,0.6,10.0,0.03,0.03,614.478567,1776193071000
1776193074.195,174.195,0.39,7.75,0.38,7.08,0.46,14.5,0.47,10.4,0.56,10.0,0.55,10.5,0.59,5.0,0.6,10.0,0.07,0.03,614.478567,1776193071000
1776193074.459,174.459,0.39,7.75,0.38,7.08,0.46,14.5,0.47,10.4,0.54,14.5,0.53,10.4,0.61,7.75,0.62,7.08,0.07,0.07,614.478617,1776193072000
1776193075.196,175.196,0.39,7.75,0.38,7.08,0.46,14.5,0.47,10.4,0.54,14.5,0.53,10.4,0.61,7.75,0.62,7.08,0.07,0.07,614.476446,1776193074000
1776193076.345,176.345,0.39,7.75,0.38,7.08,0.46,14.5,0.47,10.4,0.54,14.5,0.53,10.4,0.61,7.75,0.62,7.08,0.07,0.07,614.476687,1776193075000
1776193076.888,176.888,0.39,7.75,0.38,7.08,0.46,14.5,0.47,10.4,0.54,14.5,0.53,10.4,0.61,7.75,0.62,7.08,0.07,0.07,614.476738,1776193076000
1776193078.007,178.007,0.39,7.75,0.38,7.08,0.46,14.5,0.47,10.4,0.54,14.5,0.53,10.4,0.61,7.75,0.62,7.08,0.07,0.07,614.474413,1776193077000
1776193079.026,179.026,0.39,7.75,0.38,7.08,0.46,14.5,0.47,10.4,0.54,14.5,0.53,10.4,0.61,7.75,0.62,7.08,0.07,0.07,614.475041,1776193078000
1776193080.067,180.067,0.39,7.75,0.38,7.08,0.46,14.5,0.47,10.4,0.54,14.5,0.53,10.4,0.61,7.75,0.62,7.08,0.07,0.07,614.475174,1776193079000
1776193080.799,180.799,0.39,7.75,0.38,7.08,0.41,45.0,0.45,10.5,0.54,14.5,0.53,10.4,0.61,7.75,0.62,7.08,0.02,0.07,614.475174,1776193079000
1776193081.065,181.065,0.39,7.75,0.38,7.08,0.41,45.0,0.45,10.5,0.59,45.0,0.55,10.5,0.61,7.75,0.62,7.08,0.02,0.02,614.475125,1776193080000
1776193082.13,182.13,0.39,7.75,0.38,7.08,0.41,45.0,0.45,10.5,0.59,45.0,0.55,10.5,0.61,7.75,0.62,7.08,0.02,0.02,614.475625,1776193081000
1776193083.306,183.306,0.39,7.75,0.38,7.08,0.41,45.0,0.45,10.5,0.59,45.0,0.55,10.5,0.61,7.75,0.62,7.08,0.02,0.02,614.475625,1776193082000
1776193084.341,184.341,0.39,7.75,0.38,7.08,0.41,45.0,0.45,10.5,0.59,45.0,0.55,10.5,0.61,7.75,0.62,7.08,0.02,0.02,614.472001,1776193083000
1776193084.892,184.892,0.39,7.75,0.38,7.08,0.41,45.0,0.45,10.5,0.59,45.0,0.55,10.5,0.61,7.75,0.62,7.08,0.02,0.02,614.472001,1776193084000
1776193086.002,186.002,0.39,7.75,0.38,7.08,0.41,45.0,0.45,10.5,0.59,45.0,0.55,10.5,0.61,7.75,0.62,7.08,0.02,0.02,614.476613,1776193085000
1776193087.117,187.117,0.39,7.75,0.38,7.08,0.41,45.0,0.45,10.5,0.59,45.0,0.55,10.5,0.61,7.75,0.62,7.08,0.02,0.02,614.479926,1776193086000
1776193088.348,188.348,0.39,7.75,0.38,7.08,0.41,45.0,0.45,10.5,0.59,45.0,0.55,10.5,0.61,7.75,0.62,7.08,0.02,0.02,614.479829,1776193087000
1776193089.373,189.373,0.39,7.75,0.38,7.08,0.41,45.0,0.45,10.5,0.59,45.0,0.55,10.5,0.61,7.75,0.62,7.08,0.02,0.02,614.479756,1776193088000
1776193089.91,189.91,0.39,7.75,0.38,7.08,0.41,45.0,0.45,10.5,0.59,45.0,0.55,10.5,0.61,7.75,0.62,7.08,0.02,0.02,614.479756,1776193089000
1776193090.999,190.999,0.39,2.75,0.38,7.08,0.44,10.6,0.45,10.5,0.59,45.0,0.55,10.5,0.61,7.75,0.62,7.08,0.05,0.02,614.479756,1776193089000
1776193091.309,191.309,0.39,2.75,0.38,7.08,0.44,10.6,0.45,10.5,0.56,10.6,0.55,10.5,0.61,2.75,0.62,7.08,0.05,0.05,614.481145,1776193090000
1776193091.909,191.909,0.39,2.75,0.38,7.08,0.44,10.6,0.45,10.5,0.56,10.6,0.55,10.5,0.61,2.75,0.62,7.08,0.05,0.05,614.481204,1776193091000
1776193093.217,193.217,0.39,2.75,0.38,7.08,0.44,10.6,0.45,10.5,0.56,10.6,0.55,10.5,0.61,2.75,0.62,7.08,0.05,0.05,614.480703,1776193092000
1776193094.41,194.41,0.39,2.75,0.38,7.08,0.44,10.6,0.45,10.5,0.56,10.6,0.55,10.5,0.61,2.75,0.62,7.08,0.05,0.05,614.480679,1776193093000
1776193094.929,194.929,0.39,2.75,0.38,7.08,0.44,10.6,0.45,10.5,0.56,10.6,0.55,10.5,0.61,2.75,0.62,7.08,0.05,0.05,614.479345,1776193094000
1776193096.081,196.081,0.39,2.75,0.38,7.08,0.44,10.6,0.45,10.5,0.56,10.6,0.55,10.5,0.61,2.75,0.62,7.08,0.05,0.05,614.479345,1776193095000
1776193097.308,197.308,0.39,2.75,0.38,7.08,0.44,10.6,0.45,10.5,0.56,10.6,0.55,10.5,0.61,2.75,0.62,7.08,0.05,0.05,614.513643,1776193096000
1776193098.355,198.355,0.39,2.75,0.38,7.08,0.44,10.6,0.45,10.5,0.56,10.6,0.55,10.5,0.61,2.75,0.62,7.08,0.05,0.05,614.57,1776193097000
1776193098.973,198.973,0.39,2.75,0.38,7.08,0.44,10.6,0.45,10.5,0.56,10.6,0.55,10.5,0.61,2.75,0.62,7.08,0.05,0.05,614.57,1776193098000
1776193100.12,200.12,0.39,2.75,0.38,7.08,0.44,10.6,0.45,10.5,0.56,10.6,0.55,10.5,0.61,2.75,0.62,7.08,0.05,0.05,614.551252,1776193099000
1776193101.148,201.148,0.39,2.75,0.38,7.08,0.44,10.6,0.45,10.5,0.56,10.6,0.55,10.5,0.61,2.75,0.62,7.08,0.05,0.05,614.56,1776193100000
1776193101.663,201.663,0.39,6.11,0.38,7.08,0.49,10.0,0.5,17.57,0.56,10.6,0.55,10.5,0.61,2.75,0.62,7.08,0.1,0.05,614.56,1776193100000
1776193102.366,202.366,0.39,6.11,0.38,7.08,0.49,10.0,0.5,17.57,0.51,10.0,0.5,17.57,0.61,6.11,0.62,7.08,0.1,0.1,614.565,1776193101000
1776193102.925,202.925,0.39,6.11,0.38,7.08,0.49,10.0,0.5,17.57,0.51,10.0,0.5,17.57,0.61,6.11,0.62,7.08,0.1,0.1,614.554,1776193102000
1776193104.935,204.935,0.39,6.11,0.38,7.08,0.49,10.0,0.5,17.57,0.51,10.0,0.5,17.57,0.61,6.11,0.62,7.08,0.1,0.1,614.556,1776193103000
1776193106.188,206.188,0.39,6.11,0.38,7.08,0.49,10.0,0.5,17.57,0.51,10.0,0.5,17.57,0.61,6.11,0.62,7.08,0.1,0.1,614.545299,1776193104000
1776193106.848,206.848,0.39,6.11,0.38,7.08,0.49,10.0,0.5,17.57,0.51,10.0,0.5,17.57,0.61,6.11,0.62,7.08,0.1,0.1,614.545359,1776193105000
1776193108.094,208.094,0.39,6.11,0.38,7.08,0.49,10.0,0.5,17.57,0.51,10.0,0.5,17.57,0.61,6.11,0.62,7.08,0.1,0.1,614.545893,1776193106000
1776193108.835,208.835,0.39,6.11,0.38,7.08,0.49,10.0,0.5,17.57,0.51,10.0,0.5,17.57,0.61,6.11,0.62,7.08,0.1,0.1,614.546972,1776193107000
1776193109.598,209.598,0.39,1.11,0.38,7.08,0.44,10.6,0.45,10.5,0.51,10.0,0.5,17.57,0.61,6.11,0.62,7.08,0.05,0.1,614.546972,1776193107000
1776193110.178,210.178,0.38,4.17,0.29,25.2,0.44,10.6,0.45,10.5,0.56,10.6,0.55,10.5,0.61,1.11,0.62,7.08,0.06,0.05,614.546854,1776193108000
1776193111.228,211.228,0.38,4.17,0.29,25.2,0.44,10.6,0.45,10.5,0.56,10.6,0.55,10.5,0.62,4.17,0.71,25.2,0.06,0.06,614.546867,1776193110000
1776193111.719,211.719,0.29,12.6,0.16,19.3,0.4,5.0,0.41,83.7,0.56,10.6,0.55,10.5,0.62,4.17,0.71,25.2,0.11,0.06,614.546867,1776193110000
1776193112.79,212.79,0.29,12.6,0.16,19.3,0.4,5.0,0.41,83.7,0.6,5.0,0.59,83.7,0.71,12.6,0.84,19.3,0.11,0.11,614.47218,1776193111000
1776193113.565,213.565,0.29,12.6,0.16,19.3,0.4,5.0,0.41,83.7,0.6,5.0,0.59,83.7,0.71,12.6,0.84,19.3,0.11,0.11,614.419912,1776193112000
1776193114.291,214.291,0.29,12.6,0.16,19.3,0.4,5.0,0.41,83.7,0.6,5.0,0.59,83.7,0.71,12.6,0.84,19.3,0.11,0.11,614.374411,1776193113000
1776193115.116,215.116,0.29,12.6,0.16,19.3,0.4,5.0,0.41,83.7,0.6,5.0,0.59,83.7,0.71,12.6,0.84,19.3,0.11,0.11,614.386,1776193114000
1776193116.732,216.732,0.29,12.6,0.16,19.3,0.4,5.0,0.41,83.7,0.6,5.0,0.59,83.7,0.71,12.6,0.84,19.3,0.11,0.11,614.370407,1776193115000
1776193117.551,217.551,0.29,12.6,0.16,19.3,0.4,5.0,0.41,83.7,0.6,5.0,0.59,83.7,0.71,12.6,0.84,19.3,0.11,0.11,614.3699,1776193116000
1776193118.327,218.327,0.29,12.6,0.16,19.3,0.4,5.0,0.41,83.7,0.6,5.0,0.59,83.7,0.71,12.6,0.84,19.3,0.11,0.11,614.369744,1776193117000
1776193118.936,218.936,0.29,4.79,0.15,20.39,0.3,12.4,0.31,62.2,0.7,12.4,0.69,62.2,0.71,7.52,0.84,19.3,0.01,0.01,614.369744,1776193117000
1776193120.789,220.789,0.29,4.79,0.15,20.39,0.3,12.4,0.31,62.2,0.7,12.4,0.69,62.2,0.71,4.79,0.85,20.39,0.01,0.01,614.368565,1776193119000
1776193121.512,221.512,0.29,4.79,0.15,20.39,0.3,12.4,0.31,62.2,0.7,12.4,0.69,62.2,0.71,4.79,0.85,20.39,0.01,0.01,614.369836,1776193120000
1776193122.071,222.071,0.1,28.9,0.09,36.7,0.3,32.4,0.31,69.2,0.7,12.4,0.69,62.2,0.71,4.79,0.85,20.39,0.2,0.01,614.369836,1776193120000
1776193122.324,222.324,0.1,28.9,0.09,36.7,0.3,32.4,0.31,69.2,0.7,32.4,0.69,69.2,0.9,28.9,0.91,36.7,0.2,0.2,614.36985,1776193121000
1776193123.073,223.073,0.1,28.9,0.09,36.7,0.3,32.4,0.31,69.2,0.7,32.4,0.69,69.2,0.9,28.9,0.91,36.7,0.2,0.2,614.370441,1776193122000
1776193124.693,224.693,0.1,28.9,0.09,36.7,0.3,32.4,0.31,69.2,0.7,32.4,0.69,69.2,0.9,28.9,0.91,36.7,0.2,0.2,614.315,1776193123000
1776193125.67,225.67,0.1,28.9,0.09,36.7,0.3,32.4,0.31,69.2,0.7,32.4,0.69,69.2,0.9,28.9,0.91,36.7,0.2,0.2,614.247525,1776193124000
1776193126.467,226.467,0.1,28.9,0.09,36.7,0.3,32.4,0.31,69.2,0.7,32.4,0.69,69.2,0.9,28.9,0.91,36.7,0.2,0.2,614.198294,1776193125000
1776193127.292,227.292,0.1,28.9,0.09,36.7,0.3,32.4,0.31,69.2,0.7,32.4,0.69,69.2,0.9,28.9,0.91,36.7,0.2,0.2,614.198222,1776193126000
1776193128.338,228.338,0.1,28.9,0.09,36.7,0.3,32.4,0.31,69.2,0.7,32.4,0.69,69.2,0.9,28.9,0.91,36.7,0.2,0.2,614.203,1776193127000
1776193128.903,228.903,0.1,28.9,0.09,36.7,0.3,32.4,0.31,69.2,0.7,32.4,0.69,69.2,0.9,28.9,0.91,36.7,0.2,0.2,614.174,1776193128000
1776193130.404,230.404,0.1,28.9,0.09,36.7,0.3,32.4,0.31,69.2,0.7,32.4,0.69,69.2,0.9,28.9,0.91,36.7,0.2,0.2,614.155866,1776193129000
1776193131.363,231.363,0.04,73.61,0.03,89.3,0.13,23.0,0.14,21.6,0.7,32.4,0.69,69.2,0.9,28.9,0.91,36.7,0.09,0.2,614.155866,1776193129000
1776193131.68,231.68,0.04,71.52,0.03,89.3,0.13,23.0,0.14,21.6,0.87,23.0,0.86,21.6,0.96,71.52,0.97,89.3,0.09,0.09,614.155917,1776193130000
1776193132.413,232.413,0.04,71.52,0.03,89.3,0.13,23.0,0.14,21.6,0.87,23.0,0.86,21.6,0.96,71.52,0.97,89.3,0.09,0.09,614.155917,1776193131000
1776193133.09,233.09,0.04,71.52,0.03,89.3,0.13,23.0,0.14,21.6,0.87,23.0,0.86,21.6,0.96,71.52,0.97,89.3,0.09,0.09,614.159777,1776193132000
1776193134.719,234.719,0.04,71.52,0.03,89.3,0.13,23.0,0.14,21.6,0.87,23.0,0.86,21.6,0.96,71.52,0.97,89.3,0.09,0.09,614.159817,1776193133000
1776193135.35,235.35,0.04,71.52,0.03,89.3,0.13,23.0,0.14,21.6,0.87,23.0,0.86,21.6,0.96,71.52,0.97,89.3,0.09,0.09,614.159522,1776193134000
1776193136.179,236.179,0.04,71.52,0.03,89.3,0.13,23.0,0.14,21.6,0.87,23.0,0.86,21.6,0.96,71.52,0.97,89.3,0.09,0.09,614.15951,1776193135000
1776193137.522,237.522,0.04,71.52,0.03,89.3,0.13,23.0,0.14,21.6,0.87,23.0,0.86,21.6,0.96,71.52,0.97,89.3,0.09,0.09,614.147627,1776193136000
1776193138.207,238.207,0.04,71.52,0.03,89.3,0.13,23.0,0.14,21.6,0.87,23.0,0.86,21.6,0.96,71.52,0.97,89.3,0.09,0.09,614.147627,1776193137000
1776193139.804,239.804,0.04,71.52,0.03,89.3,0.13,23.0,0.14,21.6,0.87,23.0,0.86,21.6,0.96,71.52,0.97,89.3,0.09,0.09,614.123487,1776193138000
1776193140.351,240.351,0.04,71.52,0.03,89.3,0.13,23.0,0.14,21.6,0.87,23.0,0.86,21.6,0.96,71.52,0.97,89.3,0.09,0.09,614.122723,1776193139000
1776193141.123,241.123,0.04,71.52,0.03,89.3,0.13,23.0,0.14,21.6,0.87,23.0,0.86,21.6,0.96,71.52,0.97,89.3,0.09,0.09,614.126284,1776193140000
1776193142.625,242.625,0.04,71.52,0.03,89.3,0.13,23.0,0.14,21.6,0.87,23.0,0.86,21.6,0.96,71.52,0.97,89.3,0.09,0.09,614.126567,1776193141000
1776193143.278,243.278,0.03,2.78,0.02,137.69,0.05,54.7,0.06,46.1,0.94,46.1,0.93,39.9,0.97,8.78,0.98,137.69,0.02,0.03,614.126567,1776193141000
1776193143.526,243.526,0.03,0.71,0.02,137.69,0.05,54.7,0.06,46.1,0.95,54.7,0.94,46.1,0.97,2.78,0.98,137.69,0.02,0.02,614.126567,1776193141000
1776193144.34,244.34,0.03,0.71,0.02,137.69,0.05,54.7,0.06,46.1,0.95,54.7,0.94,46.1,0.97,0.71,0.98,137.69,0.02,0.02,614.227,1776193143000
1776193145.054,245.054,0.03,0.71,0.02,137.69,0.05,54.7,0.06,46.1,0.95,54.7,0.94,46.1,0.97,0.71,0.98,137.69,0.02,0.02,614.227,1776193144000
1776193146.053,246.053,0.03,0.71,0.02,137.69,0.05,54.7,0.06,46.1,0.95,54.7,0.94,46.1,0.97,0.71,0.98,137.69,0.02,0.02,614.23,1776193145000
1776193146.33,246.33,0.02,137.69,0.01,5562.6,0.05,54.7,0.06,46.1,0.95,54.7,0.94,46.1,0.97,0.71,0.98,137.69,0.03,0.02,614.23,1776193145000
1776193147.154,247.154,0.02,137.69,0.01,5562.6,0.05,54.7,0.06,46.1,0.95,54.7,0.94,46.1,0.98,137.69,0.99,5562.6,0.03,0.03,614.23,1776193146000
1776193148.31,248.31,0.02,137.69,0.01,5562.6,0.05,54.7,0.06,46.1,0.95,54.7,0.94,46.1,0.98,137.69,0.99,5562.6,0.03,0.03,614.231,1776193147000
1776193149.334,249.334,0.02,137.69,0.01,5562.6,0.05,54.7,0.06,46.1,0.95,54.7,0.94,46.1,0.98,137.69,0.99,5562.6,0.03,0.03,614.229,1776193148000
1776193149.889,249.889,0.02,137.69,0.01,5562.6,0.05,54.7,0.06,46.1,0.95,54.7,0.94,46.1,0.98,137.69,0.99,5562.6,0.03,0.03,614.217,1776193149000
1776193150.911,250.911,0.02,137.69,0.01,5562.6,0.05,54.7,0.06,46.1,0.95,54.7,0.94,46.1,0.98,137.69,0.99,5562.6,0.03,0.03,614.2,1776193150000
1776193151.939,251.939,0.02,137.69,0.01,5562.6,0.05,54.7,0.06,46.1,0.95,54.7,0.94,46.1,0.98,137.69,0.99,5562.6,0.03,0.03,614.188,1776193151000
1776193152.927,252.927,0.02,137.69,0.01,5562.6,0.05,54.7,0.06,46.1,0.95,54.7,0.94,46.1,0.98,137.69,0.99,5562.6,0.03,0.03,614.202,1776193152000
1776193153.233,253.233,0.01,5562.6,,,0.04,67.7,0.05,54.7,0.95,54.7,0.94,46.1,0.98,137.69,0.99,5562.6,0.03,0.03,614.202,1776193152000
1776193153.959,253.959,0.01,5562.6,,,0.04,67.7,0.05,54.7,0.96,67.7,0.95,54.7,0.99,5562.6,,,0.03,0.03,614.17881,1776193153000
1776193154.982,254.982,0.01,5562.6,,,0.04,67.7,0.05,54.7,0.96,67.7,0.95,54.7,0.99,5562.6,,,0.03,0.03,614.108,1776193154000
1776193155.986,255.986,0.01,5562.6,,,0.04,67.7,0.05,54.7,0.96,67.7,0.95,54.7,0.99,5562.6,,,0.03,0.03,614.143,1776193155000
1776193156.197,256.197,0.02,127.63,0.01,5562.6,0.05,54.7,0.06,46.1,0.96,67.7,0.95,54.7,0.99,5562.6,,,0.03,0.03,614.143,1776193155000
1776193157.807,257.807,0.02,127.63,0.01,5562.6,0.05,54.7,0.06,46.1,0.95,54.7,0.94,46.1,0.98,127.63,0.99,5562.6,0.03,0.03,614.154712,1776193156000
1776193158.279,258.279,0.02,127.63,0.01,5562.6,0.05,54.7,0.06,46.1,0.95,54.7,0.94,46.1,0.98,127.63,0.99,5562.6,0.03,0.03,614.154712,1776193157000
1776193158.969,258.969,0.02,127.63,0.01,5562.6,0.05,54.7,0.06,46.1,0.95,54.7,0.94,46.1,0.98,127.63,0.99,5562.6,0.03,0.03,614.181426,1776193158000
1776193160.027,260.027,0.02,127.63,0.01,5562.6,0.05,54.7,0.06,46.1,0.95,54.7,0.94,46.1,0.98,127.63,0.99,5562.6,0.03,0.03,614.200829,1776193159000
1776193161.179,261.179,0.02,127.63,0.01,5562.6,0.05,54.7,0.06,46.1,0.95,54.7,0.94,46.1,0.98,127.63,0.99,5562.6,0.03,0.03,614.19851,1776193160000
1776193162.374,262.374,0.02,127.63,0.01,5562.6,0.05,54.7,0.06,46.1,0.95,54.7,0.94,46.1,0.98,127.63,0.99,5562.6,0.03,0.03,614.198499,1776193161000
1776193162.991,262.991,0.02,127.63,0.01,5562.6,0.05,54.7,0.06,46.1,0.95,54.7,0.94,46.1,0.98,127.63,0.99,5562.6,0.03,0.03,614.198499,1776193162000
1776193164.17,264.17,0.02,127.63,0.01,5562.6,0.05,54.7,0.06,46.1,0.95,54.7,0.94,46.1,0.98,127.63,0.99,5562.6,0.03,0.03,614.200565,1776193163000
1776193165.145,265.145,0.02,3.97,0.01,5562.6,0.04,67.7,0.05,54.7,0.95,54.7,0.94,46.1,0.98,127.63,0.99,5562.6,0.02,0.03,614.200565,1776193163000
1776193166.304,266.304,0.02,3.97,0.01,5562.6,0.03,54.3,0.04,67.7,0.96,67.7,0.95,54.7,0.98,3.97,0.99,5562.6,0.01,0.02,614.204396,1776193164000
1776193166.959,266.959,0.02,3.97,0.01,5562.6,0.03,54.3,0.04,67.7,0.97,54.3,0.96,67.7,0.98,3.97,0.99,5562.6,0.01,0.01,614.200111,1776193166000
1776193168.093,268.093,0.02,3.97,0.01,5562.6,0.03,54.3,0.04,67.7,0.97,54.3,0.96,67.7,0.98,3.97,0.99,5562.6,0.01,0.01,614.199306,1776193167000
1776193169.313,269.313,0.02,3.97,0.01,5562.6,0.03,54.3,0.04,67.7,0.97,54.3,0.96,67.7,0.98,3.97,0.99,5562.6,0.01,0.01,614.200747,1776193168000
1776193170.47,270.47,0.02,3.97,0.01,5562.6,0.03,54.3,0.04,67.7,0.97,54.3,0.96,67.7,0.98,3.97,0.99,5562.6,0.01,0.01,614.200435,1776193169000
1776193171.096,271.096,0.02,3.97,0.01,5562.6,0.03,54.3,0.04,67.7,0.97,54.3,0.96,67.7,0.98,3.97,0.99,5562.6,0.01,0.01,614.200171,1776193170000
1776193172.628,272.628,0.02,3.97,0.01,5562.6,0.03,54.3,0.04,67.7,0.97,54.3,0.96,67.7,0.98,3.97,0.99,5562.6,0.01,0.01,614.196828,1776193171000
1776193173.158,273.158,0.02,3.97,0.01,5562.6,0.03,54.3,0.04,67.7,0.97,54.3,0.96,67.7,0.98,3.97,0.99,5562.6,0.01,0.01,614.192774,1776193172000
1776193174.243,274.243,0.02,3.97,0.01,5562.6,0.03,54.3,0.04,67.7,0.97,54.3,0.96,67.7,0.98,3.97,0.99,5562.6,0.01,0.01,614.192548,1776193173000
1776193175.305,275.305,0.02,3.97,0.01,5562.6,0.03,54.3,0.04,67.7,0.97,54.3,0.96,67.7,0.98,3.97,0.99,5562.6,0.01,0.01,614.185729,1776193174000
1776193176.5,276.5,0.02,3.97,0.01,5562.6,0.03,54.3,0.04,67.7,0.97,54.3,0.96,67.7,0.98,3.97,0.99,5562.6,0.01,0.01,614.128734,1776193175000
1776193177.029,277.029,0.02,3.97,0.01,5562.6,0.03,54.3,0.04,67.7,0.97,54.3,0.96,67.7,0.98,3.97,0.99,5562.6,0.01,0.01,614.128109,1776193176000
1776193178.065,278.065,0.02,3.97,0.01,5562.6,0.03,54.3,0.04,67.7,0.97,54.3,0.96,67.7,0.98,3.97,0.99,5562.6,0.01,0.01,614.130562,1776193177000
1776193178.71,278.71,0.01,283.77,,,0.11,74.0,0.21,50.0,0.97,54.3,0.96,67.7,0.98,3.97,0.99,5562.6,0.1,0.01,614.130562,1776193177000
1776193179.157,279.157,0.01,278.72,,,0.11,74.0,0.21,50.0,0.89,74.0,0.79,50.0,0.99,278.72,,,0.1,0.1,614.130562,1776193178000
1776193180.367,280.367,0.01,278.72,,,0.11,74.0,0.21,50.0,0.89,74.0,0.79,50.0,0.99,278.72,,,0.1,0.1,614.130165,1776193179000
1776193181.403,281.403,0.01,278.72,,,0.11,74.0,0.21,50.0,0.89,74.0,0.79,50.0,0.99,278.72,,,0.1,0.1,614.130283,1776193180000
1776193181.978,281.978,0.01,278.72,,,0.11,74.0,0.21,50.0,0.89,74.0,0.79,50.0,0.99,278.72,,,0.1,0.1,614.130282,1776193181000
1776193183.09,283.09,0.01,278.72,,,0.11,74.0,0.21,50.0,0.89,74.0,0.79,50.0,0.99,278.72,,,0.1,0.1,614.130998,1776193182000
1776193184.044,284.044,0.01,173.47,,,0.11,74.0,0.21,50.0,0.89,74.0,0.79,50.0,0.99,173.47,,,0.1,0.1,614.135212,1776193183000
1776193185.147,285.147,0.01,173.47,,,0.11,74.0,0.21,50.0,0.89,74.0,0.79,50.0,0.99,173.47,,,0.1,0.1,614.135146,1776193184000
1776193186.834,286.834,0.01,173.47,,,0.11,74.0,0.21,50.0,0.89,74.0,0.79,50.0,0.99,173.47,,,0.1,0.1,614.138975,1776193185000
1776193187.338,287.338,0.01,173.47,,,0.11,74.0,0.21,50.0,0.89,74.0,0.79,50.0,0.99,173.47,,,0.1,0.1,614.138975,1776193186000
1776193188.338,288.338,0.01,173.47,,,0.11,74.0,0.21,50.0,0.89,74.0,0.79,50.0,0.99,173.47,,,0.1,0.1,614.180895,1776193187000
1776193189.315,289.315,0.01,173.47,,,0.11,74.0,0.21,50.0,0.89,74.0,0.79,50.0,0.99,173.47,,,0.1,0.1,614.180836,1776193188000
1776193190.377,290.377,0.01,173.47,,,0.11,74.0,0.21,50.0,0.89,74.0,0.79,50.0,0.99,173.47,,,0.1,0.1,614.182269,1776193189000
1776193190.98,290.98,0.01,173.47,,,0.11,74.0,0.21,50.0,0.89,74.0,0.79,50.0,0.99,173.47,,,0.1,0.1,614.182293,1776193190000
1776193191.759,291.759,0.01,158.19,,,0.11,55.0,0.21,50.0,0.89,74.0,0.79,50.0,0.99,173.47,,,0.1,0.1,614.182293,1776193190000
1776193192.131,292.131,0.01,158.19,,,0.11,55.0,0.21,50.0,0.89,55.0,0.79,50.0,0.99,158.19,,,0.1,0.1,614.183117,1776193191000
1776193192.835,292.835,0.01,153.14,,,0.11,55.0,0.21,50.0,0.89,55.0,0.79,50.0,0.99,158.19,,,0.1,0.1,614.183117,1776193191000
1776193193.207,293.207,0.01,147.07,,,0.11,55.0,0.21,50.0,0.89,55.0,0.79,50.0,0.99,147.07,,,0.1,0.1,614.191122,1776193192000
1776193194.277,294.277,0.01,126.86,,,0.11,55.0,0.21,50.0,0.89,55.0,0.79,50.0,0.99,147.07,,,0.1,0.1,614.191122,1776193192000
1776193195.378,295.378,0.01,121.86,,,0.11,55.0,0.21,50.0,0.89,55.0,0.79,50.0,0.99,121.86,,,0.1,0.1,614.196866,1776193194000
1776193196.068,296.068,0.01,121.86,,,0.11,55.0,0.21,50.0,0.89,55.0,0.79,50.0,0.99,121.86,,,0.1,0.1,614.194646,1776193195000
1776193196.396,296.396,0.01,76.85,,,0.11,55.0,0.21,50.0,0.89,55.0,0.79,50.0,0.99,81.9,,,0.1,0.1,614.194646,1776193195000
1776193197.02,297.02,0.01,31.4,,,0.11,55.0,0.21,50.0,0.89,55.0,0.79,50.0,0.99,31.4,,,0.1,0.1,614.194646,1776193196000
1776193197.35,297.35,0.01,16.24,,,0.11,55.0,0.21,50.0,0.89,55.0,0.79,50.0,0.99,31.4,,,0.1,0.1,614.194646,1776193196000
1776193197.865,297.865,,,,,0.01,91.95,0.11,55.0,0.89,55.0,0.79,50.0,,,,,,,614.194646,1776193196000
1776193199.158,299.158,,,,,0.01,91.95,0.11,55.0,0.99,91.95,0.89,55.0,,,,,,,614.196393,1776193198000
1776193200.509,300.509,,,,,0.01,91.95,0.11,55.0,0.99,91.95,0.89,55.0,,,,,,,614.196393,1776193199000

# RESULT,winner=Down,slug=bnb-updown-5m-1776192900,ticks=324
