timestamp,elapsed_sec,up_bid_p1,up_bid_s1,up_bid_p2,up_bid_s2,up_ask_p1,up_ask_s1,up_ask_p2,up_ask_s2,down_bid_p1,down_bid_s1,down_bid_p2,down_bid_s2,down_ask_p1,down_ask_s1,down_ask_p2,down_ask_s2,up_spread,down_spread,bnb_price,bnb_oracle_ts
1776200711.382,11.382,0.39,10.0,0.38,5.0,0.47,10.0,0.49,15.0,0.53,10.0,0.51,15.0,0.61,10.0,0.62,5.0,0.08,0.08,615.193474,1776200709000
1776200711.768,11.768,0.39,10.0,0.38,5.0,0.47,10.0,0.49,15.0,0.53,10.0,0.51,15.0,0.61,10.0,0.62,5.0,0.08,0.08,615.193474,1776200709000
1776200712.497,12.497,0.39,10.0,0.38,5.0,0.47,10.0,0.49,15.0,0.53,10.0,0.51,15.0,0.61,10.0,0.62,5.0,0.08,0.08,615.162928,1776200711000
1776200713.666,13.666,0.39,10.0,0.38,5.0,0.47,10.0,0.49,15.0,0.53,10.0,0.51,15.0,0.61,10.0,0.62,5.0,0.08,0.08,615.162928,1776200712000
1776200714.227,14.227,0.39,10.0,0.38,5.0,0.47,10.0,0.49,15.0,0.53,10.0,0.51,15.0,0.61,10.0,0.62,5.0,0.08,0.08,615.162928,1776200713000
1776200715.618,15.618,0.39,10.0,0.38,5.0,0.47,10.0,0.49,15.0,0.53,10.0,0.51,15.0,0.61,10.0,0.62,5.0,0.08,0.08,615.162928,1776200714000
1776200716.227,16.227,0.39,10.0,0.38,5.0,0.47,10.0,0.49,15.0,0.53,10.0,0.51,15.0,0.61,10.0,0.62,5.0,0.08,0.08,615.155557,1776200715000
1776200717.519,17.519,0.39,10.0,0.38,5.0,0.47,10.0,0.49,15.0,0.53,10.0,0.51,15.0,0.61,10.0,0.62,5.0,0.08,0.08,615.154194,1776200716000
1776200718.115,18.115,0.39,10.0,0.38,5.0,0.47,10.0,0.49,15.0,0.53,10.0,0.51,15.0,0.61,10.0,0.62,5.0,0.08,0.08,615.146738,1776200717000
1776200719.435,19.435,0.39,10.0,0.38,5.0,0.47,10.0,0.49,15.0,0.53,10.0,0.51,15.0,0.61,10.0,0.62,5.0,0.08,0.08,615.147257,1776200718000
1776200720.337,20.337,0.39,10.0,0.38,5.0,0.47,10.0,0.49,15.0,0.53,10.0,0.51,15.0,0.61,10.0,0.62,5.0,0.08,0.08,615.146965,1776200719000
1776200720.948,20.948,0.39,10.0,0.38,5.0,0.47,10.0,0.49,15.0,0.53,10.0,0.51,15.0,0.61,10.0,0.62,5.0,0.08,0.08,615.146902,1776200720000
1776200722.396,22.396,0.39,10.0,0.38,5.0,0.47,10.0,0.49,15.0,0.53,10.0,0.51,15.0,0.61,10.0,0.62,5.0,0.08,0.08,615.134235,1776200721000
1776200722.892,22.892,0.39,10.0,0.38,5.0,0.47,10.0,0.49,15.0,0.53,10.0,0.51,15.0,0.61,10.0,0.62,5.0,0.08,0.08,615.134235,1776200722000
1776200724.285,24.285,0.39,10.0,0.38,5.0,0.47,10.0,0.49,15.0,0.53,10.0,0.51,15.0,0.61,10.0,0.62,5.0,0.08,0.08,615.134001,1776200723000
1776200725.146,25.146,0.32,7.0,0.25,5.0,0.35,27.0,0.4,10.0,0.65,27.0,0.59,15.0,0.67,5.0,0.68,7.0,0.03,0.02,615.134001,1776200723000
1776200725.502,25.502,0.32,7.0,0.25,5.0,0.35,27.0,0.4,10.0,0.65,27.0,0.6,10.0,0.68,7.0,0.75,5.0,0.03,0.03,615.08407,1776200724000
1776200726.18,26.18,0.32,11.92,0.25,5.0,0.33,30.0,0.35,5.0,0.67,30.0,0.65,5.0,0.68,11.92,0.75,5.0,0.01,0.01,615.0804,1776200725000
1776200726.909,26.909,0.32,11.92,0.25,5.0,0.33,30.0,0.35,5.0,0.67,30.0,0.65,5.0,0.68,11.92,0.75,5.0,0.01,0.01,615.04884,1776200726000
1776200728.535,28.535,0.32,11.92,0.25,5.0,0.33,30.0,0.35,5.0,0.67,30.0,0.65,5.0,0.68,11.92,0.75,5.0,0.01,0.01,615.02769,1776200727000
1776200729.534,29.534,0.32,11.92,0.25,5.0,0.33,30.0,0.35,5.0,0.67,30.0,0.65,5.0,0.68,11.92,0.75,5.0,0.01,0.01,614.98774,1776200728000
1776200730.161,30.161,0.32,11.92,0.25,5.0,0.33,30.0,0.35,5.0,0.67,30.0,0.65,5.0,0.68,11.92,0.75,5.0,0.01,0.01,614.923021,1776200729000
1776200730.987,30.987,0.25,10.0,0.24,5.0,0.32,6.9,0.33,30.0,0.67,30.0,0.65,5.0,0.68,11.92,0.75,5.0,0.07,0.01,614.923021,1776200729000
1776200731.569,31.569,0.25,10.0,0.24,5.0,0.32,6.9,0.33,30.0,0.68,6.9,0.67,30.0,0.75,10.0,0.76,5.0,0.07,0.07,614.923765,1776200730000
1776200732.137,32.137,0.25,10.0,0.24,5.0,0.32,6.9,0.33,30.0,0.68,6.9,0.67,30.0,0.75,10.0,0.76,5.0,0.07,0.07,614.923765,1776200731000
1776200733.431,33.431,0.25,10.0,0.24,5.0,0.32,6.9,0.33,30.0,0.68,6.9,0.67,30.0,0.75,10.0,0.76,5.0,0.07,0.07,614.922717,1776200732000
1776200733.964,33.964,0.25,10.0,0.24,5.0,0.32,6.9,0.33,30.0,0.68,6.9,0.67,30.0,0.75,10.0,0.76,5.0,0.07,0.07,614.908202,1776200733000
1776200735.216,35.216,0.25,10.0,0.24,5.0,0.32,6.9,0.33,30.0,0.68,6.9,0.67,30.0,0.75,10.0,0.76,5.0,0.07,0.07,614.857882,1776200734000
1776200736.583,36.583,0.25,10.0,0.24,5.0,0.32,6.9,0.33,30.0,0.68,6.9,0.67,30.0,0.75,10.0,0.76,5.0,0.07,0.07,614.857882,1776200735000
1776200737.206,37.206,0.25,10.0,0.24,5.0,0.32,6.9,0.33,30.0,0.68,6.9,0.67,30.0,0.75,10.0,0.76,5.0,0.07,0.07,614.857882,1776200736000
1776200738.402,38.402,0.25,10.0,0.24,5.0,0.32,6.9,0.33,30.0,0.68,6.9,0.67,30.0,0.75,10.0,0.76,5.0,0.07,0.07,614.858951,1776200737000
1776200739.061,39.061,0.25,10.0,0.24,5.0,0.32,6.9,0.33,30.0,0.68,6.9,0.67,30.0,0.75,10.0,0.76,5.0,0.07,0.07,614.855702,1776200738000
1776200740.245,40.245,0.25,10.0,0.24,5.0,0.32,6.9,0.33,30.0,0.68,6.9,0.67,30.0,0.75,10.0,0.76,5.0,0.07,0.07,614.855406,1776200739000
1776200741.468,41.468,0.25,10.0,0.24,5.0,0.32,6.9,0.33,30.0,0.68,6.9,0.67,30.0,0.75,10.0,0.76,5.0,0.07,0.07,614.855406,1776200740000
1776200742.088,42.088,0.25,10.0,0.24,5.0,0.32,6.9,0.33,30.0,0.68,6.9,0.67,30.0,0.75,10.0,0.76,5.0,0.07,0.07,614.855406,1776200741000
1776200743.326,43.326,0.25,10.0,0.24,5.0,0.32,6.9,0.33,30.0,0.68,6.9,0.67,30.0,0.75,10.0,0.76,5.0,0.07,0.07,614.848291,1776200742000
1776200745.041,45.041,0.25,10.0,0.24,5.0,0.32,6.9,0.33,30.0,0.68,6.9,0.67,30.0,0.75,10.0,0.76,5.0,0.07,0.07,614.77557,1776200744000
1776200746.188,46.188,0.25,10.0,0.24,5.0,0.32,6.9,0.33,30.0,0.68,6.9,0.67,30.0,0.75,10.0,0.76,5.0,0.07,0.07,614.773176,1776200745000
1776200747.255,47.255,0.25,10.0,0.24,5.0,0.32,6.9,0.33,30.0,0.68,6.9,0.67,30.0,0.75,10.0,0.76,5.0,0.07,0.07,614.726936,1776200746000
1776200748.225,48.225,0.25,10.0,0.24,5.0,0.32,6.9,0.33,30.0,0.68,6.9,0.67,30.0,0.75,10.0,0.76,5.0,0.07,0.07,614.721152,1776200747000
1776200749.132,49.132,0.25,10.0,0.24,5.0,0.32,6.9,0.33,30.0,0.68,6.9,0.67,30.0,0.75,10.0,0.76,5.0,0.07,0.07,614.721152,1776200748000
1776200750.18,50.18,0.25,10.0,0.24,5.0,0.32,6.9,0.33,30.0,0.68,6.9,0.67,30.0,0.75,10.0,0.76,5.0,0.07,0.07,614.721152,1776200749000
1776200751.209,51.209,0.25,10.0,0.24,5.0,0.32,6.9,0.33,30.0,0.68,6.9,0.67,30.0,0.75,10.0,0.76,5.0,0.07,0.07,614.720688,1776200750000
1776200752.261,52.261,0.25,10.0,0.24,5.0,0.32,6.9,0.33,30.0,0.68,6.9,0.67,30.0,0.75,10.0,0.76,5.0,0.07,0.07,614.720688,1776200751000
1776200753.23,53.23,0.25,10.0,0.24,5.0,0.32,6.9,0.33,30.0,0.68,6.9,0.67,30.0,0.75,10.0,0.76,5.0,0.07,0.07,614.720207,1776200752000
1776200753.846,53.846,0.25,10.0,0.24,5.0,0.32,6.9,0.33,30.0,0.68,6.9,0.67,30.0,0.75,10.0,0.76,5.0,0.07,0.07,614.718666,1776200753000
1776200754.892,54.892,0.25,10.0,0.24,5.0,0.32,6.9,0.33,30.0,0.68,6.9,0.67,30.0,0.75,10.0,0.76,5.0,0.07,0.07,614.718714,1776200754000
1776200755.955,55.955,0.25,10.0,0.24,5.0,0.32,6.9,0.33,30.0,0.68,6.9,0.67,30.0,0.75,10.0,0.76,5.0,0.07,0.07,614.71863,1776200755000
1776200756.932,56.932,0.25,10.0,0.24,5.0,0.32,6.9,0.33,30.0,0.68,6.9,0.67,30.0,0.75,10.0,0.76,5.0,0.07,0.07,614.717778,1776200756000
1776200758.526,58.526,0.25,10.0,0.24,5.0,0.32,6.9,0.33,30.0,0.68,6.9,0.67,30.0,0.75,10.0,0.76,5.0,0.07,0.07,614.718966,1776200757000
1776200759.101,59.101,0.25,10.0,0.24,5.0,0.32,6.9,0.33,30.0,0.68,6.9,0.67,30.0,0.75,10.0,0.76,5.0,0.07,0.07,614.718966,1776200758000
1776200760.208,60.208,0.25,10.0,0.24,5.0,0.32,6.9,0.33,30.0,0.68,6.9,0.67,30.0,0.75,10.0,0.76,5.0,0.07,0.07,614.718993,1776200759000
1776200761.311,61.311,0.25,10.0,0.24,5.0,0.32,6.9,0.33,30.0,0.68,6.9,0.67,30.0,0.75,10.0,0.76,5.0,0.07,0.07,614.719125,1776200760000
1776200761.893,61.893,0.25,10.0,0.24,5.0,0.32,6.9,0.33,30.0,0.68,6.9,0.67,30.0,0.75,10.0,0.76,5.0,0.07,0.07,614.719125,1776200761000
1776200762.952,62.952,0.25,10.0,0.24,5.0,0.32,6.9,0.33,30.0,0.68,6.9,0.67,30.0,0.75,10.0,0.76,5.0,0.07,0.07,614.689521,1776200762000
1776200764.07,64.07,0.25,10.0,0.24,5.0,0.32,6.9,0.33,30.0,0.68,6.9,0.67,30.0,0.75,10.0,0.76,5.0,0.07,0.07,614.681322,1776200763000
1776200765.137,65.137,0.25,10.0,0.24,5.0,0.32,6.9,0.33,30.0,0.68,6.9,0.67,30.0,0.75,10.0,0.76,5.0,0.07,0.07,614.68473,1776200764000
1776200766.24,66.24,0.25,10.0,0.24,5.0,0.32,6.9,0.33,30.0,0.68,6.9,0.67,30.0,0.75,10.0,0.76,5.0,0.07,0.07,614.689158,1776200765000
1776200767.353,67.353,0.25,10.0,0.24,5.0,0.32,6.9,0.33,30.0,0.68,6.9,0.67,30.0,0.75,10.0,0.76,5.0,0.07,0.07,614.690801,1776200766000
1776200767.869,67.869,0.25,10.0,0.24,5.0,0.32,6.9,0.33,30.0,0.68,6.9,0.67,30.0,0.75,10.0,0.76,5.0,0.07,0.07,614.71321,1776200767000
1776200769.015,69.015,0.16,15.0,0.15,23.33,0.21,14.71,0.24,15.0,0.79,14.71,0.76,15.0,0.84,15.0,0.85,23.33,0.05,0.05,614.735479,1776200768000
1776200770.126,70.126,0.16,15.0,0.15,23.33,0.21,14.71,0.24,15.0,0.79,14.71,0.76,15.0,0.84,15.0,0.85,23.33,0.05,0.05,614.747053,1776200769000
1776200771.174,71.174,0.16,15.0,0.15,23.33,0.21,14.71,0.24,15.0,0.79,14.71,0.76,15.0,0.84,15.0,0.85,23.33,0.05,0.05,614.747024,1776200770000
1776200771.378,71.378,0.16,15.0,0.15,23.33,0.21,22.12,0.22,15.2,0.79,14.71,0.76,15.0,0.84,15.0,0.85,23.33,0.05,0.05,614.747024,1776200770000
1776200772.947,72.947,0.16,15.0,0.15,23.33,0.21,22.12,0.22,15.2,0.79,22.12,0.78,15.2,0.84,15.0,0.85,23.33,0.05,0.05,614.746968,1776200771000
1776200773.439,73.439,0.16,15.0,0.15,23.33,0.21,22.12,0.22,15.2,0.79,22.12,0.78,15.2,0.84,15.0,0.85,23.33,0.05,0.05,614.746856,1776200772000
1776200773.827,73.827,0.16,15.0,0.15,23.33,0.21,22.12,0.22,15.2,0.79,22.12,0.78,15.2,0.84,15.0,0.85,23.33,0.05,0.05,614.746924,1776200773000
1776200774.214,74.214,0.15,23.33,0.13,5.0,0.17,18.39,0.18,17.6,0.79,22.12,0.78,15.2,0.84,15.0,0.85,23.33,0.02,0.05,614.746924,1776200773000
1776200774.81,74.81,0.15,23.33,0.13,5.0,0.17,18.39,0.18,17.6,0.83,18.39,0.82,17.6,0.85,23.33,0.87,5.0,0.02,0.02,614.746767,1776200774000
1776200775.539,75.539,0.15,23.33,0.13,10.0,0.17,18.39,0.18,17.6,0.83,18.39,0.82,17.6,0.85,23.33,0.87,5.0,0.02,0.02,614.746767,1776200774000
1776200775.825,75.825,0.13,9.53,0.08,35.29,0.17,18.39,0.18,17.6,0.83,18.39,0.82,17.6,0.85,23.33,0.87,10.0,0.04,0.02,614.746767,1776200774000
1776200776.258,76.258,0.13,9.53,0.08,35.29,0.17,18.39,0.18,17.6,0.83,18.39,0.82,17.6,0.87,9.53,0.92,35.29,0.04,0.04,614.746767,1776200775000
1776200777.225,77.225,0.13,8.74,0.08,35.29,0.17,18.39,0.18,17.6,0.83,18.39,0.82,17.6,0.87,8.74,0.92,35.29,0.04,0.04,614.746855,1776200776000
1776200778.236,78.236,0.13,8.74,0.08,35.29,0.17,18.39,0.18,17.6,0.83,18.39,0.82,17.6,0.87,8.74,0.92,35.29,0.04,0.04,614.746976,1776200777000
1776200779.106,79.106,0.13,8.74,0.08,35.29,0.17,18.39,0.18,17.6,0.83,18.39,0.82,17.6,0.87,8.74,0.92,35.29,0.04,0.04,614.746943,1776200778000
1776200780.168,80.168,0.13,8.74,0.08,35.29,0.17,18.39,0.18,17.6,0.83,18.39,0.82,17.6,0.87,8.74,0.92,35.29,0.04,0.04,614.746943,1776200779000
1776200781.037,81.037,0.13,8.74,0.08,35.29,0.17,18.39,0.18,17.6,0.83,18.39,0.82,17.6,0.87,8.74,0.92,35.29,0.04,0.04,614.747011,1776200780000
1776200782.084,82.084,0.13,8.74,0.08,35.29,0.17,18.39,0.18,17.6,0.83,18.39,0.82,17.6,0.87,8.74,0.92,35.29,0.04,0.04,614.746879,1776200781000
1776200783.08,83.08,0.13,8.74,0.08,35.29,0.17,18.39,0.18,17.6,0.83,18.39,0.82,17.6,0.87,8.74,0.92,35.29,0.04,0.04,614.746833,1776200782000
1776200784.058,84.058,0.13,8.74,0.08,35.29,0.17,18.39,0.18,17.6,0.83,18.39,0.82,17.6,0.87,8.74,0.92,35.29,0.04,0.04,614.7468,1776200783000
1776200785.585,85.585,0.13,8.74,0.08,35.29,0.17,18.39,0.18,17.6,0.83,18.39,0.82,17.6,0.87,8.74,0.92,35.29,0.04,0.04,614.746691,1776200784000
1776200786.058,86.058,0.13,8.74,0.08,35.29,0.17,18.39,0.18,17.6,0.83,18.39,0.82,17.6,0.87,8.74,0.92,35.29,0.04,0.04,614.746745,1776200785000
1776200787.144,87.144,0.13,8.74,0.08,35.29,0.17,18.39,0.18,17.6,0.83,18.39,0.82,17.6,0.87,8.74,0.92,35.29,0.04,0.04,614.746692,1776200786000
1776200788.118,88.118,0.13,8.74,0.08,35.29,0.17,18.39,0.18,17.6,0.83,18.39,0.82,17.6,0.87,8.74,0.92,35.29,0.04,0.04,614.746189,1776200787000
1776200789.107,89.107,0.13,8.74,0.08,35.29,0.17,18.39,0.18,17.6,0.83,18.39,0.82,17.6,0.87,8.74,0.92,35.29,0.04,0.04,614.747036,1776200788000
1776200790.09,90.09,0.13,8.74,0.08,35.29,0.17,18.39,0.18,17.6,0.83,18.39,0.82,17.6,0.87,8.74,0.92,35.29,0.04,0.04,614.747021,1776200789000
1776200791.061,91.061,0.13,8.74,0.08,35.29,0.17,18.39,0.18,17.6,0.83,18.39,0.82,17.6,0.87,8.74,0.92,35.29,0.04,0.04,614.747021,1776200790000
1776200792.22,92.22,0.13,8.74,0.08,35.29,0.17,18.39,0.18,17.6,0.83,18.39,0.82,17.6,0.87,8.74,0.92,35.29,0.04,0.04,614.747021,1776200791000
1776200793.218,93.218,0.13,8.74,0.08,35.29,0.17,18.39,0.18,17.6,0.83,18.39,0.82,17.6,0.87,8.74,0.92,35.29,0.04,0.04,614.747845,1776200792000
1776200794.224,94.224,0.13,8.74,0.08,35.29,0.17,18.39,0.18,17.6,0.83,18.39,0.82,17.6,0.87,8.74,0.92,35.29,0.04,0.04,614.744603,1776200793000
1776200795.15,95.15,0.13,8.74,0.08,35.29,0.17,18.39,0.18,17.6,0.83,18.39,0.82,17.6,0.87,8.74,0.92,35.29,0.04,0.04,614.712148,1776200794000
1776200796.172,96.172,0.13,8.74,0.08,35.29,0.17,18.39,0.18,17.6,0.83,18.39,0.82,17.6,0.87,8.74,0.92,35.29,0.04,0.04,614.712081,1776200795000
1776200797.184,97.184,0.13,8.74,0.08,35.29,0.17,18.39,0.18,17.6,0.83,18.39,0.82,17.6,0.87,8.74,0.92,35.29,0.04,0.04,614.712174,1776200796000
1776200798.777,98.777,0.13,8.74,0.08,35.29,0.17,18.39,0.18,17.6,0.83,18.39,0.82,17.6,0.87,8.74,0.92,35.29,0.04,0.04,614.711428,1776200797000
1776200799.275,99.275,0.13,8.74,0.08,35.29,0.17,18.39,0.18,17.6,0.83,18.39,0.82,17.6,0.87,8.74,0.92,35.29,0.04,0.04,614.709792,1776200798000
1776200800.323,100.323,0.13,8.74,0.08,35.29,0.17,18.39,0.18,17.6,0.83,18.39,0.82,17.6,0.87,8.74,0.92,35.29,0.04,0.04,614.708766,1776200799000
1776200801.231,101.231,0.13,8.74,0.08,35.29,0.17,18.39,0.18,17.6,0.83,18.39,0.82,17.6,0.87,8.74,0.92,35.29,0.04,0.04,614.69383,1776200800000
1776200802.262,102.262,0.13,8.74,0.08,35.29,0.17,18.39,0.18,17.6,0.83,18.39,0.82,17.6,0.87,8.74,0.92,35.29,0.04,0.04,614.692305,1776200801000
1776200803.186,103.186,0.13,8.74,0.08,35.29,0.17,18.39,0.18,17.6,0.83,18.39,0.82,17.6,0.87,8.74,0.92,35.29,0.04,0.04,614.687223,1776200802000
1776200804.285,104.285,0.13,8.74,0.08,35.29,0.17,18.39,0.18,17.6,0.83,18.39,0.82,17.6,0.87,8.74,0.92,35.29,0.04,0.04,614.686886,1776200803000
1776200805.242,105.242,0.13,8.74,0.08,35.29,0.17,18.39,0.18,17.6,0.83,18.39,0.82,17.6,0.87,8.74,0.92,35.29,0.04,0.04,614.686886,1776200804000
1776200806.284,106.284,0.13,8.74,0.08,35.29,0.17,18.39,0.18,17.6,0.83,18.39,0.82,17.6,0.87,8.74,0.92,35.29,0.04,0.04,614.679781,1776200805000
1776200807.254,107.254,0.13,8.74,0.08,35.29,0.17,18.39,0.18,17.6,0.83,18.39,0.82,17.6,0.87,8.74,0.92,35.29,0.04,0.04,614.682454,1776200806000
1776200808.252,108.252,0.13,8.74,0.08,35.29,0.17,18.39,0.18,17.6,0.83,18.39,0.82,17.6,0.87,8.74,0.92,35.29,0.04,0.04,614.682484,1776200807000
1776200809.329,109.329,0.13,8.74,0.08,35.29,0.17,18.39,0.18,17.6,0.83,18.39,0.82,17.6,0.87,8.74,0.92,35.29,0.04,0.04,614.684379,1776200808000
1776200809.82,109.82,0.13,8.74,0.08,35.29,0.17,18.39,0.18,17.6,0.83,18.39,0.82,17.6,0.87,8.74,0.92,35.29,0.04,0.04,614.684379,1776200809000
1776200810.81,110.81,0.13,8.74,0.08,35.29,0.17,18.39,0.18,17.6,0.83,18.39,0.82,17.6,0.87,8.74,0.92,35.29,0.04,0.04,614.691917,1776200810000
1776200811.958,111.958,0.13,8.74,0.08,35.29,0.17,18.39,0.18,17.6,0.83,18.39,0.82,17.6,0.87,8.74,0.92,35.29,0.04,0.04,614.691861,1776200811000
1776200813.068,113.068,0.13,8.74,0.08,35.29,0.17,18.39,0.18,17.6,0.83,18.39,0.82,17.6,0.87,8.74,0.92,35.29,0.04,0.04,614.689119,1776200812000
1776200814.03,114.03,0.13,8.74,0.08,35.29,0.17,18.39,0.18,17.6,0.83,18.39,0.82,17.6,0.87,8.74,0.92,35.29,0.04,0.04,614.689118,1776200813000
1776200815.102,115.102,0.13,8.74,0.08,35.29,0.17,18.39,0.18,17.6,0.83,18.39,0.82,17.6,0.87,8.74,0.92,35.29,0.04,0.04,614.689216,1776200814000
1776200816.095,116.095,0.13,8.74,0.08,35.29,0.17,18.39,0.18,17.6,0.83,18.39,0.82,17.6,0.87,8.74,0.92,35.29,0.04,0.04,614.689216,1776200815000
1776200817.185,117.185,0.13,8.74,0.08,35.29,0.17,18.39,0.18,17.6,0.83,18.39,0.82,17.6,0.87,8.74,0.92,35.29,0.04,0.04,614.688331,1776200816000
1776200818.246,118.246,0.13,8.74,0.08,35.29,0.17,18.39,0.18,17.6,0.83,18.39,0.82,17.6,0.87,8.74,0.92,35.29,0.04,0.04,614.688473,1776200817000
1776200819.413,119.413,0.13,8.74,0.08,35.29,0.17,18.39,0.18,17.6,0.83,18.39,0.82,17.6,0.87,8.74,0.92,35.29,0.04,0.04,614.688365,1776200818000
1776200820.001,120.001,0.13,8.74,0.08,35.29,0.17,18.39,0.18,17.6,0.83,18.39,0.82,17.6,0.87,8.74,0.92,35.29,0.04,0.04,614.686318,1776200819000
1776200821.097,121.097,0.13,8.74,0.08,35.29,0.17,18.39,0.18,17.6,0.83,18.39,0.82,17.6,0.87,8.74,0.92,35.29,0.04,0.04,614.686393,1776200820000
1776200822.21,122.21,0.13,8.74,0.08,35.29,0.17,18.39,0.18,17.6,0.83,18.39,0.82,17.6,0.87,8.74,0.92,35.29,0.04,0.04,614.686326,1776200821000
1776200823.2,123.2,0.13,8.74,0.08,35.29,0.17,18.39,0.18,17.6,0.83,18.39,0.82,17.6,0.87,8.74,0.92,35.29,0.04,0.04,614.686265,1776200822000
1776200824.237,124.237,0.13,8.74,0.08,35.29,0.17,18.39,0.18,17.6,0.83,18.39,0.82,17.6,0.87,8.74,0.92,35.29,0.04,0.04,614.686265,1776200823000
1776200825.617,125.617,0.13,8.74,0.08,35.29,0.17,18.39,0.18,17.6,0.83,18.39,0.82,17.6,0.87,8.74,0.92,35.29,0.04,0.04,614.686348,1776200824000
1776200826.139,126.139,0.13,8.74,0.08,35.29,0.17,18.39,0.18,17.6,0.83,18.39,0.82,17.6,0.87,8.74,0.92,35.29,0.04,0.04,614.686348,1776200825000
1776200827.169,127.169,0.13,8.74,0.08,35.29,0.17,18.39,0.18,17.6,0.83,18.39,0.82,17.6,0.87,8.74,0.92,35.29,0.04,0.04,614.686253,1776200826000
1776200828.22,128.22,0.13,8.74,0.08,35.29,0.17,18.39,0.18,17.6,0.83,18.39,0.82,17.6,0.87,8.74,0.92,35.29,0.04,0.04,614.686181,1776200827000
1776200829.2,129.2,0.13,8.74,0.08,35.29,0.17,18.39,0.18,17.6,0.83,18.39,0.82,17.6,0.87,8.74,0.92,35.29,0.04,0.04,614.686018,1776200828000
1776200830.222,130.222,0.13,8.74,0.08,35.29,0.17,18.39,0.18,17.6,0.83,18.39,0.82,17.6,0.87,8.74,0.92,35.29,0.04,0.04,614.685879,1776200829000
1776200831.218,131.218,0.13,8.74,0.08,35.29,0.17,18.39,0.18,17.6,0.83,18.39,0.82,17.6,0.87,8.74,0.92,35.29,0.04,0.04,614.681472,1776200830000
1776200832.293,132.293,0.13,8.74,0.08,35.29,0.17,18.39,0.18,17.6,0.83,18.39,0.82,17.6,0.87,8.74,0.92,35.29,0.04,0.04,614.681284,1776200831000
1776200833.469,133.469,0.13,8.74,0.08,35.29,0.17,18.39,0.18,17.6,0.83,18.39,0.82,17.6,0.87,8.74,0.92,35.29,0.04,0.04,614.676629,1776200832000
1776200834.06,134.06,0.13,8.74,0.08,35.29,0.17,18.39,0.18,17.6,0.83,18.39,0.82,17.6,0.87,8.74,0.92,35.29,0.04,0.04,614.674334,1776200833000
1776200834.994,134.994,0.13,8.74,0.08,35.29,0.17,18.39,0.18,17.6,0.83,18.39,0.82,17.6,0.87,8.74,0.92,35.29,0.04,0.04,614.67424,1776200834000
1776200836.008,136.008,0.13,8.74,0.08,35.29,0.17,18.39,0.18,17.6,0.83,18.39,0.82,17.6,0.87,8.74,0.92,35.29,0.04,0.04,614.674307,1776200835000
1776200836.981,136.981,0.13,8.74,0.08,35.29,0.17,18.39,0.18,17.6,0.83,18.39,0.82,17.6,0.87,8.74,0.92,35.29,0.04,0.04,614.674307,1776200836000
1776200838.224,138.224,0.13,8.74,0.08,35.29,0.17,18.39,0.18,17.6,0.83,18.39,0.82,17.6,0.87,8.74,0.92,35.29,0.04,0.04,614.671612,1776200837000
1776200838.433,138.433,0.04,16.0,0.03,123.3,0.06,46.1,0.07,39.9,0.83,18.39,0.82,17.6,0.87,8.74,0.92,35.29,0.02,0.04,614.671612,1776200837000
1776200838.899,138.899,0.05,0.06,0.04,16.0,0.06,46.1,0.07,39.9,0.94,46.1,0.93,39.9,0.96,16.0,0.97,123.3,0.01,0.02,614.671612,1776200837000
1776200839.128,139.128,0.05,0.06,0.04,16.0,0.06,46.1,0.07,39.9,0.94,46.1,0.93,39.9,0.95,0.06,0.96,16.0,0.01,0.01,614.67067,1776200838000
1776200840.228,140.228,0.05,0.06,0.04,16.0,0.06,46.1,0.07,39.9,0.94,46.1,0.93,39.9,0.95,0.06,0.96,16.0,0.01,0.01,614.661351,1776200839000
1776200841.167,141.167,0.05,0.06,0.04,16.0,0.06,46.1,0.07,39.9,0.94,46.1,0.93,39.9,0.95,0.06,0.96,16.0,0.01,0.01,614.661284,1776200840000
1776200842.171,142.171,0.05,0.06,0.04,16.0,0.06,46.1,0.07,39.9,0.94,46.1,0.93,39.9,0.95,0.06,0.96,16.0,0.01,0.01,614.657965,1776200841000
1776200843.146,143.146,0.05,0.06,0.04,16.0,0.06,46.1,0.07,39.9,0.94,46.1,0.93,39.9,0.95,0.06,0.96,16.0,0.01,0.01,614.659744,1776200842000
1776200844.181,144.181,0.05,0.06,0.04,16.0,0.06,46.1,0.07,39.9,0.94,46.1,0.93,39.9,0.95,0.06,0.96,16.0,0.01,0.01,614.659744,1776200843000
1776200844.879,144.879,0.04,16.0,0.03,123.3,0.08,7.7,0.09,41.7,0.94,46.1,0.93,39.9,0.95,0.06,0.96,16.0,0.04,0.01,614.659744,1776200843000
1776200845.17,145.17,0.04,16.0,0.03,123.3,0.08,7.7,0.09,41.7,0.92,7.7,0.91,41.7,0.96,16.0,0.97,123.3,0.04,0.04,614.659744,1776200844000
1776200845.924,145.924,0.04,11.0,0.03,34.0,0.07,39.9,0.08,7.7,0.92,7.7,0.91,41.7,0.96,16.0,0.97,123.3,0.03,0.04,614.659744,1776200844000
1776200846.147,146.147,0.04,11.0,0.03,34.0,0.07,39.9,0.08,7.7,0.93,39.9,0.92,7.7,0.96,11.0,0.97,34.0,0.03,0.03,614.659998,1776200845000
1776200847.174,147.174,0.04,11.0,0.03,34.0,0.07,39.9,0.08,7.7,0.93,39.9,0.92,7.7,0.96,11.0,0.97,34.0,0.03,0.03,614.659998,1776200846000
1776200848.12,148.12,0.04,11.0,0.03,34.0,0.07,39.9,0.08,7.7,0.93,39.9,0.92,7.7,0.96,11.0,0.97,34.0,0.03,0.03,614.656281,1776200847000
1776200849.269,149.269,0.04,11.0,0.03,34.0,0.07,39.9,0.08,7.7,0.93,39.9,0.92,7.7,0.96,11.0,0.97,34.0,0.03,0.03,614.656281,1776200848000
1776200850.089,150.089,0.04,11.0,0.03,34.0,0.07,39.9,0.08,7.7,0.93,39.9,0.92,7.7,0.96,11.0,0.97,34.0,0.03,0.03,614.646208,1776200849000
1776200851.162,151.162,0.04,11.0,0.03,34.0,0.07,39.9,0.08,7.7,0.93,39.9,0.92,7.7,0.96,11.0,0.97,34.0,0.03,0.03,614.587789,1776200850000
1776200852.38,152.38,0.04,0.67,0.03,34.0,0.05,59.7,0.06,46.1,0.95,59.7,0.94,46.1,0.96,0.67,0.97,34.0,0.01,0.01,614.587789,1776200851000
1776200853.004,153.004,0.04,0.67,0.03,34.0,0.05,59.7,0.06,46.1,0.95,59.7,0.94,46.1,0.96,0.67,0.97,34.0,0.01,0.01,614.595,1776200852000
1776200854.443,154.443,0.04,0.67,0.03,34.0,0.05,59.7,0.06,46.1,0.95,59.7,0.94,46.1,0.96,0.67,0.97,34.0,0.01,0.01,614.587516,1776200853000
1776200855.045,155.045,0.04,0.67,0.03,34.0,0.05,59.7,0.06,46.1,0.95,59.7,0.94,46.1,0.96,0.67,0.97,34.0,0.01,0.01,614.58361,1776200854000
1776200856.355,156.355,0.04,0.67,0.03,34.0,0.05,59.7,0.06,46.1,0.95,59.7,0.94,46.1,0.96,0.67,0.97,34.0,0.01,0.01,614.586,1776200855000
1776200857.443,157.443,0.04,0.67,0.03,34.0,0.05,59.7,0.06,46.1,0.95,59.7,0.94,46.1,0.96,0.67,0.97,34.0,0.01,0.01,614.584251,1776200856000
1776200858.015,158.015,0.04,0.67,0.03,34.0,0.05,59.7,0.06,46.1,0.95,59.7,0.94,46.1,0.96,0.67,0.97,34.0,0.01,0.01,614.583644,1776200857000
1776200859.248,159.248,0.04,0.67,0.03,34.0,0.05,59.7,0.06,46.1,0.95,59.7,0.94,46.1,0.96,0.67,0.97,34.0,0.01,0.01,614.582365,1776200858000
1776200859.582,159.582,0.04,0.67,0.03,34.0,0.05,6.7,0.06,46.1,0.95,59.7,0.94,46.1,0.96,0.67,0.97,34.0,0.01,0.01,614.582365,1776200858000
1776200860.418,160.418,0.04,0.67,0.03,34.0,0.05,6.7,0.06,46.1,0.95,6.7,0.94,46.1,0.96,0.67,0.97,34.0,0.01,0.01,614.578532,1776200859000
1776200861.004,161.004,0.04,0.67,0.03,34.0,0.05,6.7,0.06,46.1,0.95,6.7,0.94,46.1,0.96,0.67,0.97,34.0,0.01,0.01,614.577711,1776200860000
1776200862.088,162.088,0.04,0.67,0.03,34.0,0.05,6.7,0.06,46.1,0.95,6.7,0.94,46.1,0.96,0.67,0.97,34.0,0.01,0.01,614.579576,1776200861000
1776200863.263,163.263,0.04,0.67,0.03,34.0,0.05,6.7,0.06,46.1,0.95,6.7,0.94,46.1,0.96,0.67,0.97,34.0,0.01,0.01,614.552281,1776200862000
1776200864.422,164.422,0.04,0.67,0.03,34.0,0.05,6.7,0.06,46.1,0.95,6.7,0.94,46.1,0.96,0.67,0.97,34.0,0.01,0.01,614.552281,1776200863000
1776200864.902,164.902,0.04,0.67,0.03,34.0,0.05,6.7,0.06,46.1,0.95,6.7,0.94,46.1,0.96,0.67,0.97,34.0,0.01,0.01,614.552281,1776200864000
1776200866.209,166.209,0.04,0.67,0.03,34.0,0.05,6.7,0.06,46.1,0.95,6.7,0.94,46.1,0.96,0.67,0.97,34.0,0.01,0.01,614.54644,1776200865000
1776200867.648,167.648,0.04,0.67,0.03,34.0,0.05,6.7,0.06,46.1,0.95,6.7,0.94,46.1,0.96,0.67,0.97,34.0,0.01,0.01,614.546092,1776200866000
1776200868.171,168.171,0.04,0.67,0.03,34.0,0.05,6.7,0.06,46.1,0.95,6.7,0.94,46.1,0.96,0.67,0.97,34.0,0.01,0.01,614.545573,1776200867000
1776200869.236,169.236,0.04,0.67,0.03,34.0,0.05,6.7,0.06,46.1,0.95,6.7,0.94,46.1,0.96,0.67,0.97,34.0,0.01,0.01,614.539537,1776200868000
1776200870.381,170.381,0.04,0.67,0.03,34.0,0.05,6.7,0.06,46.1,0.95,6.7,0.94,46.1,0.96,0.67,0.97,34.0,0.01,0.01,614.539454,1776200869000
1776200870.913,170.913,0.04,0.67,0.03,34.0,0.05,6.7,0.06,46.1,0.95,6.7,0.94,46.1,0.96,0.67,0.97,34.0,0.01,0.01,614.539422,1776200870000
1776200871.982,171.982,0.04,0.67,0.03,34.0,0.05,6.7,0.06,46.1,0.95,6.7,0.94,46.1,0.96,0.67,0.97,34.0,0.01,0.01,614.539422,1776200871000
1776200872.998,172.998,0.04,0.67,0.03,34.0,0.05,6.7,0.06,46.1,0.95,6.7,0.94,46.1,0.96,0.67,0.97,34.0,0.01,0.01,614.5413,1776200872000
1776200874.312,174.312,0.04,0.67,0.03,34.0,0.05,6.7,0.06,46.1,0.95,6.7,0.94,46.1,0.96,0.67,0.97,34.0,0.01,0.01,614.548557,1776200873000
1776200875.405,175.405,0.04,0.67,0.03,34.0,0.05,6.7,0.06,46.1,0.95,6.7,0.94,46.1,0.96,0.67,0.97,34.0,0.01,0.01,614.556,1776200874000
1776200875.947,175.947,0.04,0.67,0.03,34.0,0.05,6.7,0.06,46.1,0.95,6.7,0.94,46.1,0.96,0.67,0.97,34.0,0.01,0.01,614.556,1776200875000
1776200877.083,177.083,0.04,0.67,0.03,34.0,0.05,6.7,0.06,46.1,0.95,6.7,0.94,46.1,0.96,0.67,0.97,34.0,0.01,0.01,614.557,1776200876000
1776200878.271,178.271,0.04,0.67,0.03,34.0,0.05,6.7,0.06,46.1,0.95,6.7,0.94,46.1,0.96,0.67,0.97,34.0,0.01,0.01,614.558,1776200877000
1776200878.824,178.824,0.04,0.67,0.03,34.0,0.05,6.7,0.06,46.1,0.95,6.7,0.94,46.1,0.96,0.67,0.97,34.0,0.01,0.01,614.558,1776200878000
1776200879.876,179.876,0.04,0.67,0.03,34.0,0.05,6.7,0.06,46.1,0.95,6.7,0.94,46.1,0.96,0.67,0.97,34.0,0.01,0.01,614.548133,1776200879000
1776200880.647,180.647,0.01,5572.27,,,0.05,1.7,0.06,46.1,0.95,6.7,0.94,46.1,0.96,0.67,0.97,34.0,0.04,0.01,614.548133,1776200879000
1776200880.949,180.949,0.01,5567.27,,,0.05,6.7,0.06,46.1,0.95,1.7,0.94,46.1,0.99,5572.27,,,0.04,0.04,614.548133,1776200879000
1776200882.011,182.011,0.01,5567.27,,,0.05,6.7,0.06,46.1,0.95,6.7,0.94,46.1,0.99,5567.27,,,0.04,0.04,614.546589,1776200881000
1776200883.018,183.018,0.01,5567.27,,,0.05,6.7,0.06,46.1,0.95,6.7,0.94,46.1,0.99,5567.27,,,0.04,0.04,614.546283,1776200882000
1776200884.071,184.071,0.01,5565.24,,,0.04,72.7,0.05,1.7,0.96,72.7,0.95,1.7,0.99,5565.24,,,0.03,0.03,614.546122,1776200883000
1776200885.094,185.094,0.01,5565.24,,,0.04,72.7,0.05,1.7,0.96,72.7,0.95,1.7,0.99,5565.24,,,0.03,0.03,614.546122,1776200884000
1776200886.16,186.16,0.01,5565.24,,,0.04,72.7,0.05,1.7,0.96,72.7,0.95,1.7,0.99,5565.24,,,0.03,0.03,614.546054,1776200885000
1776200887.155,187.155,0.01,5565.24,,,0.04,72.7,0.05,1.7,0.96,72.7,0.95,1.7,0.99,5565.24,,,0.03,0.03,614.545955,1776200886000
1776200888.274,188.274,0.01,5565.24,,,0.04,72.7,0.05,1.7,0.96,72.7,0.95,1.7,0.99,5565.24,,,0.03,0.03,614.543815,1776200887000
1776200889.17,189.17,0.01,5565.24,,,0.04,72.7,0.05,1.7,0.96,72.7,0.95,1.7,0.99,5565.24,,,0.03,0.03,614.543973,1776200888000
1776200890.261,190.261,0.01,5565.24,,,0.04,72.7,0.05,1.7,0.96,72.7,0.95,1.7,0.99,5565.24,,,0.03,0.03,614.54384,1776200889000
1776200891.309,191.309,0.01,5565.24,,,0.04,72.7,0.05,1.7,0.96,72.7,0.95,1.7,0.99,5565.24,,,0.03,0.03,614.54384,1776200890000
1776200892.312,192.312,0.01,5565.24,,,0.04,72.7,0.05,1.7,0.96,72.7,0.95,1.7,0.99,5565.24,,,0.03,0.03,614.547131,1776200891000
1776200893.311,193.311,0.01,5565.24,,,0.04,72.7,0.05,1.7,0.96,72.7,0.95,1.7,0.99,5565.24,,,0.03,0.03,614.547184,1776200892000
1776200893.865,193.865,0.01,5565.24,,,0.04,72.7,0.05,1.7,0.96,72.7,0.95,1.7,0.99,5565.24,,,0.03,0.03,614.547184,1776200893000
1776200895.398,195.398,0.01,5565.24,,,0.04,72.7,0.05,1.7,0.96,72.7,0.95,1.7,0.99,5565.24,,,0.03,0.03,614.547184,1776200894000
1776200896.021,196.021,0.01,5565.24,,,0.04,72.7,0.05,1.7,0.96,72.7,0.95,1.7,0.99,5565.24,,,0.03,0.03,614.54725,1776200895000
1776200897.109,197.109,0.01,5565.24,,,0.04,72.7,0.05,1.7,0.96,72.7,0.95,1.7,0.99,5565.24,,,0.03,0.03,614.54725,1776200896000
1776200898.1,198.1,0.01,5565.24,,,0.04,72.7,0.05,1.7,0.96,72.7,0.95,1.7,0.99,5565.24,,,0.03,0.03,614.5517,1776200897000
1776200899.195,199.195,0.01,5565.24,,,0.04,72.7,0.05,1.7,0.96,72.7,0.95,1.7,0.99,5565.24,,,0.03,0.03,614.551719,1776200898000
1776200900.247,200.247,0.01,5565.24,,,0.04,72.7,0.05,1.7,0.96,72.7,0.95,1.7,0.99,5565.24,,,0.03,0.03,614.551371,1776200899000
1776200901.224,201.224,0.01,5565.24,,,0.04,72.7,0.05,1.7,0.96,72.7,0.95,1.7,0.99,5565.24,,,0.03,0.03,614.551501,1776200900000
1776200902.35,202.35,0.01,5565.24,,,0.04,72.7,0.05,1.7,0.96,72.7,0.95,1.7,0.99,5565.24,,,0.03,0.03,614.551568,1776200901000
1776200903.347,203.347,0.01,5565.24,,,0.04,72.7,0.05,1.7,0.96,72.7,0.95,1.7,0.99,5565.24,,,0.03,0.03,614.551489,1776200902000
1776200903.791,203.791,0.01,5565.24,,,0.04,72.7,0.05,1.7,0.96,72.7,0.95,1.7,0.99,5565.24,,,0.03,0.03,614.549327,1776200903000
1776200904.894,204.894,0.01,5565.24,,,0.04,72.7,0.05,1.7,0.96,72.7,0.95,1.7,0.99,5565.24,,,0.03,0.03,614.549327,1776200904000
1776200905.948,205.948,0.01,5565.24,,,0.04,72.7,0.05,1.7,0.96,72.7,0.95,1.7,0.99,5565.24,,,0.03,0.03,614.549487,1776200905000
1776200907.006,207.006,0.01,5565.24,,,0.04,72.7,0.05,1.7,0.96,72.7,0.95,1.7,0.99,5565.24,,,0.03,0.03,614.551,1776200906000
1776200908.088,208.088,0.01,5565.24,,,0.04,72.7,0.05,1.7,0.96,72.7,0.95,1.7,0.99,5565.24,,,0.03,0.03,614.551,1776200907000
1776200909.199,209.199,0.01,5565.24,,,0.04,72.7,0.05,1.7,0.96,72.7,0.95,1.7,0.99,5565.24,,,0.03,0.03,614.551,1776200908000
1776200910.853,210.853,0.01,5565.24,,,0.04,72.7,0.05,1.7,0.96,72.7,0.95,1.7,0.99,5565.24,,,0.03,0.03,614.553,1776200909000
1776200911.4,211.4,0.01,5565.24,,,0.04,72.7,0.05,1.7,0.96,72.7,0.95,1.7,0.99,5565.24,,,0.03,0.03,614.548794,1776200910000
1776200912.548,212.548,0.01,5565.24,,,0.04,72.7,0.05,1.7,0.96,72.7,0.95,1.7,0.99,5565.24,,,0.03,0.03,614.550938,1776200911000
1776200913.256,213.256,0.01,5565.24,,,0.04,72.7,0.05,1.7,0.96,72.7,0.95,1.7,0.99,5565.24,,,0.03,0.03,614.554,1776200912000
1776200914.522,214.522,0.01,5565.24,,,0.04,72.7,0.05,1.7,0.96,72.7,0.95,1.7,0.99,5565.24,,,0.03,0.03,614.553,1776200913000
1776200915.196,215.196,0.01,5565.24,,,0.04,72.7,0.05,1.7,0.96,72.7,0.95,1.7,0.99,5565.24,,,0.03,0.03,614.553,1776200914000
1776200916.526,216.526,0.01,5565.24,,,0.04,72.7,0.05,1.7,0.96,72.7,0.95,1.7,0.99,5565.24,,,0.03,0.03,614.553,1776200915000
1776200917.339,217.339,0.01,5565.24,,,0.04,72.7,0.05,1.7,0.96,72.7,0.95,1.7,0.99,5565.24,,,0.03,0.03,614.554,1776200916000
1776200918.154,218.154,0.01,5565.24,,,0.04,72.7,0.05,1.7,0.96,72.7,0.95,1.7,0.99,5565.24,,,0.03,0.03,614.554,1776200917000
1776200919.492,219.492,0.01,5565.24,,,0.04,72.7,0.05,1.7,0.96,72.7,0.95,1.7,0.99,5565.24,,,0.03,0.03,614.569,1776200918000
1776200920.154,220.154,0.01,5565.24,,,0.04,72.7,0.05,1.7,0.96,72.7,0.95,1.7,0.99,5565.24,,,0.03,0.03,614.569,1776200919000
1776200921.571,221.571,0.01,5565.24,,,0.04,72.7,0.05,1.7,0.96,72.7,0.95,1.7,0.99,5565.24,,,0.03,0.03,614.565,1776200920000
1776200922.359,222.359,0.01,5565.24,,,0.04,72.7,0.05,1.7,0.96,72.7,0.95,1.7,0.99,5565.24,,,0.03,0.03,614.565,1776200921000
1776200923.052,223.052,0.01,5565.24,,,0.04,72.7,0.05,1.7,0.96,72.7,0.95,1.7,0.99,5565.24,,,0.03,0.03,614.565,1776200922000
1776200924.506,224.506,0.01,5565.24,,,0.04,72.7,0.05,1.7,0.96,72.7,0.95,1.7,0.99,5565.24,,,0.03,0.03,614.566,1776200923000
1776200925.316,225.316,0.01,5565.24,,,0.04,72.7,0.05,1.7,0.96,72.7,0.95,1.7,0.99,5565.24,,,0.03,0.03,614.566,1776200924000
1776200926.682,226.682,0.01,5565.24,,,0.04,72.7,0.05,1.7,0.96,72.7,0.95,1.7,0.99,5565.24,,,0.03,0.03,614.552,1776200925000
1776200927.706,227.706,0.01,5565.24,,,0.04,72.7,0.05,1.7,0.96,72.7,0.95,1.7,0.99,5565.24,,,0.03,0.03,614.552,1776200926000
1776200928.496,228.496,0.01,5565.24,,,0.04,72.7,0.05,1.7,0.96,72.7,0.95,1.7,0.99,5565.24,,,0.03,0.03,614.552,1776200927000
1776200929.065,229.065,0.01,5565.24,,,0.04,72.7,0.05,1.7,0.96,72.7,0.95,1.7,0.99,5565.24,,,0.03,0.03,614.55,1776200928000
1776200930.288,230.288,0.01,5565.24,,,0.04,72.7,0.05,1.7,0.96,72.7,0.95,1.7,0.99,5565.24,,,0.03,0.03,614.547157,1776200929000
1776200931.363,231.363,0.01,5565.24,,,0.04,72.7,0.05,1.7,0.96,72.7,0.95,1.7,0.99,5565.24,,,0.03,0.03,614.549054,1776200930000
1776200931.821,231.821,0.01,5565.24,,,0.04,72.7,0.05,1.7,0.96,72.7,0.95,1.7,0.99,5565.24,,,0.03,0.03,614.549054,1776200931000
1776200933.291,233.291,0.01,5565.24,,,0.04,72.7,0.05,1.7,0.96,72.7,0.95,1.7,0.99,5565.24,,,0.03,0.03,614.548961,1776200932000
1776200934.848,234.848,0.01,5565.24,,,0.04,72.7,0.05,1.7,0.96,72.7,0.95,1.7,0.99,5565.24,,,0.03,0.03,614.551384,1776200933000
1776200935.331,235.331,0.01,5565.24,,,0.04,72.7,0.05,1.7,0.96,72.7,0.95,1.7,0.99,5565.24,,,0.03,0.03,614.553641,1776200934000
1776200935.9,235.9,0.01,5565.24,,,0.04,72.7,0.05,1.7,0.96,72.7,0.95,1.7,0.99,5565.24,,,0.03,0.03,614.553641,1776200935000
1776200937.021,237.021,0.01,5565.24,,,0.04,72.7,0.05,1.7,0.96,72.7,0.95,1.7,0.99,5565.24,,,0.03,0.03,614.553694,1776200936000
1776200938.266,238.266,0.01,5565.24,,,0.04,72.7,0.05,1.7,0.96,72.7,0.95,1.7,0.99,5565.24,,,0.03,0.03,614.554131,1776200937000
1776200939.301,239.301,0.01,5565.24,,,0.04,72.7,0.05,1.7,0.96,72.7,0.95,1.7,0.99,5565.24,,,0.03,0.03,614.553946,1776200938000
1776200940.008,240.008,0.01,5565.24,,,0.04,72.7,0.05,1.7,0.96,72.7,0.95,1.7,0.99,5565.24,,,0.03,0.03,614.55392,1776200939000
1776200941.224,241.224,0.01,5565.24,,,0.04,72.7,0.05,1.7,0.96,72.7,0.95,1.7,0.99,5565.24,,,0.03,0.03,614.552241,1776200940000
1776200942.857,242.857,0.01,217.64,,,0.02,156.83,0.03,89.3,0.98,156.83,0.97,89.3,0.99,217.64,,,0.01,0.01,614.55187,1776200941000
1776200943.548,243.548,0.01,26.64,,,0.02,156.83,0.03,89.3,0.98,156.83,0.97,89.3,0.99,26.64,,,0.01,0.01,614.552021,1776200942000
1776200944.078,244.078,0.01,26.64,,,0.02,156.83,0.03,89.3,0.98,156.83,0.97,89.3,0.99,26.64,,,0.01,0.01,614.594493,1776200943000
1776200944.584,244.584,0.01,11.64,,,0.02,142.69,0.03,89.3,0.98,156.83,0.97,89.3,0.99,26.64,,,0.01,0.01,614.594493,1776200943000
1776200945.367,245.367,0.01,11.64,,,0.02,142.69,0.03,89.3,0.98,142.69,0.97,89.3,0.99,11.64,,,0.01,0.01,614.61,1776200944000
1776200946.031,246.031,0.01,11.64,,,0.02,142.69,0.03,89.3,0.98,142.69,0.97,89.3,0.99,11.64,,,0.01,0.01,614.612,1776200945000
1776200947.195,247.195,0.01,6.64,,,0.02,142.69,0.03,89.3,0.98,142.69,0.97,89.3,0.99,11.64,,,0.01,0.01,614.612,1776200945000
1776200947.405,247.405,0.01,6.64,,,0.02,142.69,0.03,89.3,0.98,142.69,0.97,89.3,0.99,6.64,,,0.01,0.01,614.612,1776200946000
1776200948.117,248.117,0.01,6.64,,,0.02,142.69,0.03,89.3,0.98,142.69,0.97,89.3,0.99,6.64,,,0.01,0.01,614.612,1776200947000
1776200949.542,249.542,0.01,6.64,,,0.02,142.69,0.03,89.3,0.98,142.69,0.97,89.3,0.99,6.64,,,0.01,0.01,614.609,1776200948000
1776200950.289,250.289,0.01,6.64,,,0.02,142.69,0.03,89.3,0.98,142.69,0.97,89.3,0.99,6.64,,,0.01,0.01,614.609,1776200949000
1776200951.03,251.03,0.01,6.64,,,0.02,142.69,0.03,89.3,0.98,142.69,0.97,89.3,0.99,6.64,,,0.01,0.01,614.605,1776200950000
1776200952.301,252.301,0.01,6.64,,,0.02,142.69,0.03,89.3,0.98,142.69,0.97,89.3,0.99,6.64,,,0.01,0.01,614.608,1776200951000
1776200953.015,253.015,0.01,1.64,,,0.02,137.69,0.03,89.3,0.98,142.69,0.97,89.3,0.99,6.64,,,0.01,0.01,614.608,1776200951000
1776200953.39,253.39,0.01,1.64,,,0.02,137.69,0.03,89.3,0.98,137.69,0.97,89.3,0.99,1.64,,,0.01,0.01,614.608,1776200952000
1776200954.12,254.12,0.01,1.64,,,0.02,137.69,0.03,89.3,0.98,137.69,0.97,89.3,0.99,1.64,,,0.01,0.01,614.608,1776200953000
1776200955.457,255.457,0.01,1.64,,,0.02,137.69,0.03,89.3,0.98,137.69,0.97,89.3,0.99,1.64,,,0.01,0.01,614.608,1776200954000
1776200956.094,256.094,0.01,1.64,,,0.02,137.69,0.03,89.3,0.98,137.69,0.97,89.3,0.99,1.64,,,0.01,0.01,614.608,1776200955000
1776200957.471,257.471,0.01,1.64,,,0.02,137.69,0.03,89.3,0.98,137.69,0.97,89.3,0.99,1.64,,,0.01,0.01,614.6,1776200956000
1776200958.166,258.166,0.01,1.64,,,0.02,137.69,0.03,89.3,0.98,137.69,0.97,89.3,0.99,1.64,,,0.01,0.01,614.6,1776200957000
1776200959.283,259.283,,,,,0.01,23.61,0.02,142.69,0.98,137.69,0.97,89.3,0.99,1.64,,,,0.01,614.6,1776200957000
1776200959.754,259.754,,,,,0.01,23.61,0.02,142.69,0.99,23.61,0.98,142.69,,,,,,,614.601,1776200958000
1776200960.315,260.315,,,,,0.01,23.61,0.02,142.69,0.99,23.61,0.98,142.69,,,,,,,614.613,1776200959000
1776200961.256,261.256,,,,,0.01,23.61,0.02,142.69,0.99,23.61,0.98,142.69,,,,,,,614.751,1776200960000
1776200961.787,261.787,,,,,0.01,23.61,0.02,142.69,0.99,23.61,0.98,142.69,,,,,,,614.77143,1776200961000
1776200963.204,263.204,,,,,0.01,23.61,0.02,142.69,0.99,23.61,0.98,142.69,,,,,,,614.775857,1776200962000
1776200964.199,264.199,,,,,0.01,23.61,0.02,142.69,0.99,23.61,0.98,142.69,,,,,,,614.781408,1776200963000
1776200965.231,265.231,,,,,0.01,23.61,0.02,142.69,0.99,23.61,0.98,142.69,,,,,,,614.780988,1776200964000
1776200966.069,266.069,,,,,0.01,23.61,0.02,142.69,0.99,23.61,0.98,142.69,,,,,,,614.782947,1776200965000
1776200967.112,267.112,,,,,0.02,137.69,0.03,94.45,0.98,137.69,0.97,94.45,,,,,,,614.789,1776200966000
1776200968.03,268.03,,,,,0.02,137.69,0.03,94.45,0.98,137.69,0.97,94.45,,,,,,,614.867,1776200967000
1776200969.057,269.057,,,,,0.02,137.69,0.03,94.45,0.98,137.69,0.97,94.45,,,,,,,614.900384,1776200968000
1776200969.432,269.432,,,,,0.02,128.12,0.03,94.45,0.98,137.69,0.97,94.45,,,,,,,614.900384,1776200968000
1776200970.121,270.121,,,,,0.02,128.12,0.03,94.45,0.98,128.12,0.97,94.45,,,,,,,614.902,1776200969000
1776200971.012,271.012,,,,,0.02,128.12,0.03,94.45,0.98,128.12,0.97,94.45,,,,,,,614.902,1776200970000
1776200972.727,272.727,,,,,0.02,128.12,0.03,94.45,0.98,128.12,0.97,94.45,,,,,,,614.897727,1776200971000
1776200973.359,273.359,,,,,0.02,128.12,0.03,94.45,0.98,128.12,0.97,94.45,,,,,,,614.888544,1776200972000
1776200974.394,274.394,,,,,0.02,128.12,0.03,94.45,0.98,128.12,0.97,94.45,,,,,,,614.891132,1776200973000
1776200974.929,274.929,,,,,0.02,128.12,0.03,94.45,0.98,128.12,0.97,94.45,,,,,,,614.891132,1776200974000
1776200976.218,276.218,,,,,0.02,128.12,0.03,94.45,0.98,128.12,0.97,94.45,,,,,,,614.885179,1776200975000
1776200977.317,277.317,,,,,0.02,128.12,0.03,94.45,0.98,128.12,0.97,94.45,,,,,,,614.885468,1776200976000
1776200977.902,277.902,,,,,0.02,128.12,0.03,94.45,0.98,128.12,0.97,94.45,,,,,,,614.8855,1776200977000
1776200978.995,278.995,,,,,0.02,128.12,0.03,94.45,0.98,128.12,0.97,94.45,,,,,,,614.8855,1776200978000
1776200980.081,280.081,,,,,0.02,128.12,0.03,94.45,0.98,128.12,0.97,94.45,,,,,,,614.8855,1776200979000
1776200981.195,281.195,,,,,0.02,128.12,0.03,94.45,0.98,128.12,0.97,94.45,,,,,,,614.8855,1776200980000
1776200982.302,282.302,,,,,0.02,128.12,0.03,94.45,0.98,128.12,0.97,94.45,,,,,,,614.884614,1776200981000
1776200983.416,283.416,,,,,0.02,128.12,0.03,94.45,0.98,128.12,0.97,94.45,,,,,,,614.884675,1776200982000
1776200984.034,284.034,,,,,0.02,128.12,0.03,94.45,0.98,128.12,0.97,94.45,,,,,,,614.884642,1776200983000
1776200985.121,285.121,,,,,0.02,128.12,0.03,94.45,0.98,128.12,0.97,94.45,,,,,,,614.884642,1776200984000
1776200988.423,288.423,,,,,0.02,128.12,0.03,94.45,0.98,128.12,0.97,94.45,,,,,,,614.88309,1776200987000
1776200989.0,289.0,,,,,0.02,128.12,0.03,94.45,0.98,128.12,0.97,94.45,,,,,,,614.883048,1776200988000
1776200990.436,290.436,,,,,0.02,128.12,0.03,94.45,0.98,128.12,0.97,94.45,,,,,,,614.883039,1776200989000
1776200991.068,291.068,,,,,0.02,128.12,0.03,94.45,0.98,128.12,0.97,94.45,,,,,,,614.883039,1776200990000
1776200992.68,292.68,,,,,0.02,128.12,0.03,94.45,0.98,128.12,0.97,94.45,,,,,,,614.891,1776200991000
1776200993.421,293.421,,,,,0.02,128.12,0.03,94.45,0.98,128.12,0.97,94.45,,,,,,,614.892,1776200992000
1776200994.038,294.038,,,,,0.02,128.12,0.03,94.45,0.98,128.12,0.97,94.45,,,,,,,614.892,1776200993000
1776200995.453,295.453,,,,,0.02,128.12,0.03,94.45,0.98,128.12,0.97,94.45,,,,,,,614.889,1776200994000
1776200995.975,295.975,,,,,0.02,128.12,0.03,94.45,0.98,128.12,0.97,94.45,,,,,,,614.889,1776200995000
1776200997.25,297.25,,,,,0.02,128.12,0.03,94.45,0.98,128.12,0.97,94.45,,,,,,,614.885,1776200996000
1776200998.762,298.762,,,,,0.02,128.12,0.03,94.45,0.98,128.12,0.97,94.45,,,,,,,614.88263,1776200997000
1776200999.253,299.253,,,,,0.02,128.12,0.03,94.45,0.98,128.12,0.97,94.45,,,,,,,614.882629,1776200998000
1776201000.7,300.7,,,,,0.02,128.12,0.03,94.45,0.98,128.12,0.97,94.45,,,,,,,614.882417,1776200999000
1776201001.324,301.324,,,,,0.02,128.12,0.03,94.45,0.98,128.12,0.97,94.45,,,,,,,614.882417,1776201000000
1776201002.827,302.827,,,,,0.02,128.12,0.03,94.45,0.98,128.12,0.97,94.45,,,,,,,614.882295,1776201001000

# RESULT,winner=Down,slug=bnb-updown-5m-1776200700,ticks=307
