timestamp,elapsed_sec,up_bid_p1,up_bid_s1,up_bid_p2,up_bid_s2,up_ask_p1,up_ask_s1,up_ask_p2,up_ask_s2,down_bid_p1,down_bid_s1,down_bid_p2,down_bid_s2,down_ask_p1,down_ask_s1,down_ask_p2,down_ask_s2,up_spread,down_spread,bnb_price,bnb_oracle_ts
1776250801.503,1.503,,,,,,,,,,,,,,,,,,,617.247,1776250800000
1776250801.714,1.714,0.33,300.0,0.31,375.0,0.5,5.0,0.67,300.0,0.5,5.0,0.33,300.0,0.67,300.0,0.69,375.0,0.17,0.17,617.247,1776250800000
1776250802.013,2.013,0.33,300.0,0.31,375.0,0.5,5.0,0.67,300.0,0.5,5.0,0.33,300.0,0.67,300.0,0.69,375.0,0.17,0.17,617.247,1776250800000
1776250803.365,3.365,0.33,300.0,0.31,375.0,0.5,5.0,0.67,300.0,0.5,5.0,0.33,300.0,0.67,300.0,0.69,375.0,0.17,0.17,617.240557,1776250802000
1776250803.876,3.876,0.49,5.0,0.48,5.0,0.54,10.0,0.61,50.0,0.5,5.0,0.33,300.0,0.67,300.0,0.69,375.0,0.05,0.17,617.240557,1776250802000
1776250804.977,4.977,0.53,5.0,0.52,5.0,0.54,5.0,0.66,5.0,0.46,10.0,0.39,50.0,0.51,5.0,0.52,5.0,0.01,0.05,617.304,1776250803000
1776250806.167,6.167,0.53,16.0,0.52,5.0,0.71,5.0,0.73,450.0,0.46,5.0,0.34,5.0,0.47,5.0,0.48,5.0,0.18,0.01,617.323514,1776250804000
1776250807.086,7.086,0.53,16.0,0.52,5.0,0.71,5.0,0.73,450.0,0.29,5.0,0.27,450.0,0.47,16.0,0.48,5.0,0.18,0.18,617.406,1776250806000
1776250808.076,8.076,0.53,16.0,0.52,5.0,0.71,5.0,0.73,450.0,0.29,5.0,0.27,450.0,0.47,16.0,0.48,5.0,0.18,0.18,617.464889,1776250807000
1776250808.476,8.476,0.61,5.0,0.6,5.0,0.63,3.38,0.64,5.0,0.38,3.38,0.37,5.0,0.39,5.0,0.4,10.0,0.02,0.01,617.464889,1776250807000
1776250808.968,8.968,0.58,10.0,0.57,5.0,0.6,5.0,0.61,5.0,0.37,3.38,0.36,5.0,0.39,5.0,0.4,5.0,0.02,0.02,617.464889,1776250807000
1776250809.717,9.717,0.58,10.0,0.57,5.0,0.6,5.0,0.61,5.0,0.4,5.0,0.39,5.0,0.42,10.0,0.43,5.0,0.02,0.02,617.419442,1776250808000
1776250810.26,10.26,0.58,10.0,0.57,5.0,0.6,5.0,0.61,5.0,0.4,5.0,0.39,5.0,0.42,10.0,0.43,5.0,0.02,0.02,617.418516,1776250809000
1776250811.204,11.204,0.58,10.0,0.57,5.0,0.6,5.0,0.61,5.0,0.4,5.0,0.39,5.0,0.42,10.0,0.43,5.0,0.02,0.02,617.385,1776250810000
1776250812.215,12.215,0.58,10.0,0.57,5.0,0.6,5.0,0.61,5.0,0.4,5.0,0.39,5.0,0.42,10.0,0.43,5.0,0.02,0.02,617.401074,1776250811000
1776250813.9,13.9,0.58,10.0,0.57,5.0,0.6,5.0,0.61,5.0,0.4,5.0,0.39,5.0,0.42,10.0,0.43,5.0,0.02,0.02,617.391273,1776250812000
1776250814.156,14.156,0.58,10.0,0.57,5.0,0.6,5.0,0.61,5.0,0.4,5.0,0.39,5.0,0.42,10.0,0.43,5.0,0.02,0.02,617.402894,1776250813000
1776250815.116,15.116,0.58,10.0,0.57,5.0,0.6,5.0,0.61,5.0,0.4,5.0,0.39,5.0,0.42,10.0,0.43,5.0,0.02,0.02,617.404907,1776250814000
1776250816.122,16.122,0.58,10.0,0.57,5.0,0.6,5.0,0.61,5.0,0.4,5.0,0.39,5.0,0.42,10.0,0.43,5.0,0.02,0.02,617.408315,1776250815000
1776250816.568,16.568,0.53,5.0,0.52,10.0,0.55,5.0,0.56,5.0,0.4,5.0,0.39,5.0,0.42,10.0,0.43,5.0,0.02,0.02,617.408315,1776250815000
1776250817.176,17.176,0.53,5.0,0.52,10.0,0.55,5.0,0.56,5.0,0.45,5.0,0.44,5.0,0.47,5.0,0.48,10.0,0.02,0.02,617.344234,1776250816000
1776250818.724,18.724,0.53,5.0,0.52,10.0,0.55,5.0,0.56,5.0,0.45,5.0,0.44,5.0,0.47,5.0,0.48,10.0,0.02,0.02,617.348846,1776250817000
1776250819.3,19.3,0.53,5.0,0.52,10.0,0.55,5.0,0.56,5.0,0.45,5.0,0.44,5.0,0.47,5.0,0.48,10.0,0.02,0.02,617.33544,1776250818000
1776250820.432,20.432,0.53,5.0,0.52,10.0,0.55,5.0,0.56,5.0,0.45,5.0,0.44,5.0,0.47,5.0,0.48,10.0,0.02,0.02,617.324439,1776250819000
1776250820.982,20.982,0.53,5.0,0.52,10.0,0.55,5.0,0.56,5.0,0.45,5.0,0.44,5.0,0.47,5.0,0.48,10.0,0.02,0.02,617.324518,1776250820000
1776250822.098,22.098,0.53,5.0,0.52,10.0,0.55,5.0,0.56,5.0,0.45,5.0,0.44,5.0,0.47,5.0,0.48,10.0,0.02,0.02,617.27631,1776250821000
1776250823.008,23.008,0.61,2.39,0.6,5.0,0.62,10.0,0.66,5.88,0.45,5.0,0.44,5.0,0.47,5.0,0.48,10.0,0.01,0.02,617.27631,1776250821000
1776250823.227,23.227,0.61,2.39,0.6,5.0,0.62,10.0,0.66,5.88,0.38,10.0,0.34,5.88,0.39,2.39,0.4,5.0,0.01,0.01,617.329,1776250822000
1776250823.43,23.43,0.63,5.0,0.62,5.0,0.65,10.0,0.66,5.88,0.38,10.0,0.34,5.88,0.39,2.39,0.4,5.0,0.02,0.01,617.329,1776250822000
1776250824.283,24.283,0.63,5.0,0.62,5.0,0.65,10.0,0.66,5.88,0.35,10.0,0.34,5.88,0.37,5.0,0.38,5.0,0.02,0.02,617.352746,1776250823000
1776250825.334,25.334,0.63,5.0,0.62,5.0,0.65,10.0,0.66,5.88,0.35,10.0,0.34,5.88,0.37,5.0,0.38,5.0,0.02,0.02,617.38313,1776250824000
1776250825.755,25.755,0.7,5.0,0.69,5.0,0.73,5.0,0.74,5.0,0.35,10.0,0.34,5.88,0.37,5.0,0.38,5.0,0.03,0.02,617.38313,1776250824000
1776250826.409,26.409,0.7,5.0,0.69,5.0,0.73,5.0,0.74,5.0,0.27,5.0,0.26,5.0,0.3,5.0,0.31,5.0,0.03,0.03,617.37878,1776250825000
1776250826.892,26.892,0.7,5.0,0.69,5.0,0.73,5.0,0.74,5.0,0.27,5.0,0.26,5.0,0.3,5.0,0.31,5.0,0.03,0.03,617.37878,1776250826000
1776250827.192,27.192,0.66,5.0,0.65,5.0,0.68,2.57,0.69,5.0,0.27,5.0,0.26,5.0,0.3,5.0,0.31,5.0,0.02,0.03,617.37878,1776250826000
1776250828.114,28.114,0.66,5.0,0.65,5.0,0.68,2.57,0.69,5.0,0.32,2.57,0.31,5.0,0.34,5.0,0.35,5.0,0.02,0.02,617.447592,1776250827000
1776250829.168,29.168,0.66,5.0,0.65,5.0,0.68,2.57,0.69,5.0,0.32,2.57,0.31,5.0,0.34,5.0,0.35,5.0,0.02,0.02,617.447816,1776250828000
1776250830.177,30.177,0.66,5.0,0.65,5.0,0.68,2.57,0.69,5.0,0.32,2.57,0.31,5.0,0.34,5.0,0.35,5.0,0.02,0.02,617.4774,1776250829000
1776250831.227,31.227,0.66,5.0,0.65,5.0,0.68,2.57,0.69,5.0,0.32,2.57,0.31,5.0,0.34,5.0,0.35,5.0,0.02,0.02,617.480765,1776250830000
1776250832.831,32.831,0.66,5.0,0.65,5.0,0.68,2.57,0.69,5.0,0.32,2.57,0.31,5.0,0.34,5.0,0.35,5.0,0.02,0.02,617.48221,1776250831000
1776250833.44,33.44,0.66,5.0,0.65,5.0,0.68,2.57,0.69,5.0,0.32,2.57,0.31,5.0,0.34,5.0,0.35,5.0,0.02,0.02,617.466893,1776250832000
1776250833.858,33.858,0.66,5.0,0.65,5.0,0.68,2.57,0.69,5.0,0.32,2.57,0.31,5.0,0.34,5.0,0.35,5.0,0.02,0.02,617.466893,1776250833000
1776250834.947,34.947,0.66,5.0,0.65,5.0,0.68,2.57,0.69,5.0,0.32,2.57,0.31,5.0,0.34,5.0,0.35,5.0,0.02,0.02,617.453994,1776250834000
1776250835.349,35.349,0.68,1.87,0.67,5.0,0.7,5.0,0.71,5.0,0.32,2.57,0.31,5.0,0.34,5.0,0.35,5.0,0.02,0.02,617.453994,1776250834000
1776250835.981,35.981,0.68,1.87,0.67,5.0,0.7,5.0,0.71,5.0,0.3,5.0,0.29,5.0,0.32,1.87,0.33,5.0,0.02,0.02,617.453225,1776250835000
1776250837.207,37.207,0.68,1.87,0.67,5.0,0.7,5.0,0.71,5.0,0.3,5.0,0.29,5.0,0.32,1.87,0.33,5.0,0.02,0.02,617.456289,1776250836000
1776250838.273,38.273,0.68,1.87,0.67,5.0,0.7,5.0,0.71,5.0,0.3,5.0,0.29,5.0,0.32,1.87,0.33,5.0,0.02,0.02,617.473295,1776250837000
1776250839.328,39.328,0.68,1.87,0.67,5.0,0.7,5.0,0.71,5.0,0.3,5.0,0.29,5.0,0.32,1.87,0.33,5.0,0.02,0.02,617.490553,1776250838000
1776250840.298,40.298,0.68,1.87,0.67,5.0,0.7,5.0,0.71,5.0,0.3,5.0,0.29,5.0,0.32,1.87,0.33,5.0,0.02,0.02,617.478791,1776250839000
1776250841.356,41.356,0.68,1.87,0.67,5.0,0.7,5.0,0.71,5.0,0.3,5.0,0.29,5.0,0.32,1.87,0.33,5.0,0.02,0.02,617.452205,1776250840000
1776250841.883,41.883,0.68,1.87,0.67,5.0,0.7,5.0,0.71,5.0,0.3,5.0,0.29,5.0,0.32,1.87,0.33,5.0,0.02,0.02,617.452205,1776250841000
1776250842.917,42.917,0.68,1.87,0.67,5.0,0.7,5.0,0.71,5.0,0.3,5.0,0.29,5.0,0.32,1.87,0.33,5.0,0.02,0.02,617.48336,1776250842000
1776250844.037,44.037,0.68,1.87,0.67,5.0,0.7,5.0,0.71,5.0,0.3,5.0,0.29,5.0,0.32,1.87,0.33,5.0,0.02,0.02,617.485849,1776250843000
1776250845.005,45.005,0.68,1.87,0.67,5.0,0.7,5.0,0.71,5.0,0.3,5.0,0.29,5.0,0.32,1.87,0.33,5.0,0.02,0.02,617.486206,1776250844000
1776250846.418,46.418,0.7,5.0,0.69,5.0,0.73,10.0,0.74,5.0,0.27,10.0,0.26,5.0,0.3,5.0,0.31,5.0,0.03,0.03,617.482715,1776250845000
1776250847.026,47.026,0.7,5.0,0.69,5.0,0.73,10.0,0.74,5.0,0.27,10.0,0.26,5.0,0.3,5.0,0.31,5.0,0.03,0.03,617.491475,1776250846000
1776250848.101,48.101,0.7,5.0,0.69,5.0,0.73,10.0,0.74,5.0,0.27,10.0,0.26,5.0,0.3,5.0,0.31,5.0,0.03,0.03,617.493536,1776250847000
1776250849.161,49.161,0.7,5.0,0.69,5.0,0.73,10.0,0.74,5.0,0.27,10.0,0.26,5.0,0.3,5.0,0.31,5.0,0.03,0.03,617.52039,1776250848000
1776250850.231,50.231,0.7,5.0,0.69,5.0,0.73,10.0,0.74,5.0,0.27,10.0,0.26,5.0,0.3,5.0,0.31,5.0,0.03,0.03,617.505908,1776250849000
1776250851.283,51.283,0.7,5.0,0.69,5.0,0.73,10.0,0.74,5.0,0.27,10.0,0.26,5.0,0.3,5.0,0.31,5.0,0.03,0.03,617.486738,1776250850000
1776250852.398,52.398,0.7,5.0,0.69,5.0,0.73,10.0,0.74,5.0,0.27,10.0,0.26,5.0,0.3,5.0,0.31,5.0,0.03,0.03,617.449093,1776250851000
1776250852.916,52.916,0.7,5.0,0.69,5.0,0.73,10.0,0.74,5.0,0.27,10.0,0.26,5.0,0.3,5.0,0.31,5.0,0.03,0.03,617.494412,1776250852000
1776250853.892,53.892,0.7,5.0,0.69,5.0,0.73,10.0,0.74,5.0,0.27,10.0,0.26,5.0,0.3,5.0,0.31,5.0,0.03,0.03,617.487115,1776250853000
1776250854.969,54.969,0.7,5.0,0.69,5.0,0.73,10.0,0.74,5.0,0.27,10.0,0.26,5.0,0.3,5.0,0.31,5.0,0.03,0.03,617.487653,1776250854000
1776250855.268,55.268,0.55,5.0,0.54,5.0,0.57,5.0,0.58,5.0,0.27,10.0,0.26,5.0,0.3,5.0,0.31,5.0,0.02,0.03,617.487653,1776250854000
1776250855.566,55.566,0.55,5.0,0.54,5.0,0.57,5.0,0.58,5.0,0.43,5.0,0.42,5.0,0.45,5.0,0.46,5.0,0.02,0.02,617.487653,1776250854000
1776250856.029,56.029,0.55,5.0,0.54,5.0,0.57,5.0,0.58,5.0,0.43,5.0,0.42,5.0,0.45,5.0,0.46,5.0,0.02,0.02,617.518682,1776250855000
1776250857.14,57.14,0.58,3.44,0.57,5.0,0.59,5.0,0.6,5.0,0.41,5.0,0.4,5.0,0.42,3.44,0.43,5.0,0.01,0.01,617.380135,1776250856000
1776250858.179,58.179,0.58,3.44,0.57,5.0,0.59,5.0,0.6,5.0,0.41,5.0,0.4,5.0,0.42,3.44,0.43,5.0,0.01,0.01,617.3281,1776250857000
1776250859.241,59.241,0.58,3.44,0.57,5.0,0.59,5.0,0.6,5.0,0.41,5.0,0.4,5.0,0.42,3.44,0.43,5.0,0.01,0.01,617.32865,1776250858000
1776250860.457,60.457,0.58,3.44,0.57,5.0,0.59,5.0,0.6,5.0,0.41,5.0,0.4,5.0,0.42,3.44,0.43,5.0,0.01,0.01,617.333032,1776250859000
1776250861.434,61.434,0.58,3.44,0.57,5.0,0.59,5.0,0.6,5.0,0.41,5.0,0.4,5.0,0.42,3.44,0.43,5.0,0.01,0.01,617.332084,1776250860000
1776250862.944,62.944,0.58,3.44,0.57,5.0,0.59,5.0,0.6,5.0,0.41,5.0,0.4,5.0,0.42,3.44,0.43,5.0,0.01,0.01,617.33242,1776250861000
1776250863.509,63.509,0.58,3.44,0.57,5.0,0.59,5.0,0.6,5.0,0.41,5.0,0.4,5.0,0.42,3.44,0.43,5.0,0.01,0.01,617.32462,1776250862000
1776250864.156,64.156,0.58,3.44,0.57,5.0,0.59,5.0,0.6,5.0,0.41,5.0,0.4,5.0,0.42,3.44,0.43,5.0,0.01,0.01,617.32275,1776250863000
1776250865.377,65.377,0.58,3.44,0.57,5.0,0.59,5.0,0.6,5.0,0.41,5.0,0.4,5.0,0.42,3.44,0.43,5.0,0.01,0.01,617.31494,1776250864000
1776250866.116,66.116,0.58,3.44,0.57,5.0,0.59,5.0,0.6,5.0,0.41,5.0,0.4,5.0,0.42,3.44,0.43,5.0,0.01,0.01,617.32129,1776250865000
1776250867.38,67.38,0.58,3.44,0.57,5.0,0.59,5.0,0.6,5.0,0.41,5.0,0.4,5.0,0.42,3.44,0.43,5.0,0.01,0.01,617.32896,1776250866000
1776250868.068,68.068,0.58,3.44,0.57,5.0,0.59,5.0,0.6,5.0,0.41,5.0,0.4,5.0,0.42,3.44,0.43,5.0,0.01,0.01,617.32621,1776250867000
1776250869.525,69.525,0.58,3.44,0.57,5.0,0.59,5.0,0.6,5.0,0.41,5.0,0.4,5.0,0.42,3.44,0.43,5.0,0.01,0.01,617.32861,1776250868000
1776250870.136,70.136,0.58,3.44,0.57,5.0,0.59,5.0,0.6,5.0,0.41,5.0,0.4,5.0,0.42,3.44,0.43,5.0,0.01,0.01,617.32958,1776250869000
1776250870.365,70.365,0.46,20.0,0.45,10.0,0.48,5.0,0.49,5.0,0.41,5.0,0.4,5.0,0.42,3.44,0.43,5.0,0.02,0.01,617.32958,1776250869000
1776250871.808,71.808,0.46,10.0,0.45,10.0,0.47,5.0,0.48,5.0,0.53,5.0,0.52,5.0,0.54,10.0,0.55,10.0,0.01,0.01,617.3542,1776250870000
1776250872.343,72.343,0.46,10.0,0.45,10.0,0.47,5.0,0.48,5.0,0.53,5.0,0.52,5.0,0.54,10.0,0.55,10.0,0.01,0.01,617.318,1776250871000
1776250872.964,72.964,0.46,10.0,0.45,10.0,0.47,5.0,0.48,5.0,0.53,5.0,0.52,5.0,0.54,10.0,0.55,10.0,0.01,0.01,617.318,1776250872000
1776250874.367,74.367,0.46,10.0,0.45,10.0,0.47,5.0,0.48,5.0,0.53,5.0,0.52,5.0,0.54,10.0,0.55,10.0,0.01,0.01,617.292308,1776250873000
1776250875.035,75.035,0.46,10.0,0.45,10.0,0.47,5.0,0.48,5.0,0.53,5.0,0.52,5.0,0.54,10.0,0.55,10.0,0.01,0.01,617.283,1776250874000
1776250876.384,76.384,0.46,10.0,0.45,10.0,0.47,5.0,0.48,5.0,0.53,5.0,0.52,5.0,0.54,10.0,0.55,10.0,0.01,0.01,617.30361,1776250875000
1776250877.193,77.193,0.46,10.0,0.45,10.0,0.47,5.0,0.48,5.0,0.53,5.0,0.52,5.0,0.54,10.0,0.55,10.0,0.01,0.01,617.297618,1776250876000
1776250878.511,78.511,0.46,10.0,0.45,10.0,0.47,5.0,0.48,5.0,0.53,5.0,0.52,5.0,0.54,10.0,0.55,10.0,0.01,0.01,617.30521,1776250877000
1776250879.009,79.009,0.46,10.0,0.45,10.0,0.47,5.0,0.48,5.0,0.53,5.0,0.52,5.0,0.54,10.0,0.55,10.0,0.01,0.01,617.309,1776250878000
1776250879.421,79.421,0.6,5.0,0.59,5.0,0.61,1.0,0.62,5.0,0.53,5.0,0.52,5.0,0.54,10.0,0.55,10.0,0.01,0.01,617.309,1776250878000
1776250879.753,79.753,0.6,5.0,0.59,5.0,0.62,5.0,0.63,21.2,0.39,1.0,0.38,5.0,0.4,5.0,0.41,5.0,0.02,0.01,617.309,1776250878000
1776250880.158,80.158,0.6,5.0,0.59,5.0,0.62,5.0,0.63,21.2,0.38,5.0,0.37,21.2,0.4,5.0,0.41,5.0,0.02,0.02,617.28918,1776250879000
1776250880.466,80.466,0.6,5.0,0.59,5.0,0.63,21.2,0.64,16.3,0.38,5.0,0.37,21.2,0.4,5.0,0.41,5.0,0.03,0.02,617.28918,1776250879000
1776250881.14,81.14,0.6,5.0,0.59,5.0,0.63,21.2,0.64,16.3,0.37,21.2,0.36,16.3,0.4,5.0,0.41,5.0,0.03,0.03,617.297639,1776250880000
1776250882.24,82.24,0.6,5.0,0.59,5.0,0.63,21.2,0.64,16.3,0.37,21.2,0.36,16.3,0.4,5.0,0.41,5.0,0.03,0.03,617.305557,1776250881000
1776250883.305,83.305,0.6,5.0,0.59,5.0,0.63,21.2,0.64,16.3,0.37,21.2,0.36,16.3,0.4,5.0,0.41,5.0,0.03,0.03,617.305555,1776250882000
1776250884.38,84.38,0.6,5.0,0.59,5.0,0.63,21.2,0.64,16.3,0.37,21.2,0.36,16.3,0.4,5.0,0.41,5.0,0.03,0.03,617.288046,1776250883000
1776250884.934,84.934,0.6,5.0,0.59,5.0,0.63,21.2,0.64,16.3,0.37,21.2,0.36,16.3,0.4,5.0,0.41,5.0,0.03,0.03,617.291778,1776250884000
1776250886.145,86.145,0.6,5.0,0.59,5.0,0.63,21.2,0.64,16.3,0.37,21.2,0.36,16.3,0.4,5.0,0.41,5.0,0.03,0.03,617.296319,1776250885000
1776250887.198,87.198,0.6,5.0,0.59,5.0,0.63,21.2,0.64,16.3,0.37,21.2,0.36,16.3,0.4,5.0,0.41,5.0,0.03,0.03,617.32249,1776250886000
1776250888.193,88.193,0.6,5.0,0.59,5.0,0.63,21.2,0.64,16.3,0.37,21.2,0.36,16.3,0.4,5.0,0.41,5.0,0.03,0.03,617.352792,1776250887000
1776250889.206,89.206,0.6,5.0,0.59,5.0,0.63,21.2,0.64,16.3,0.37,21.2,0.36,16.3,0.4,5.0,0.41,5.0,0.03,0.03,617.305536,1776250888000
1776250890.214,90.214,0.6,5.0,0.59,5.0,0.63,21.2,0.64,16.3,0.37,21.2,0.36,16.3,0.4,5.0,0.41,5.0,0.03,0.03,617.291886,1776250889000
1776250891.278,91.278,0.6,5.0,0.59,5.0,0.63,21.2,0.64,16.3,0.37,21.2,0.36,16.3,0.4,5.0,0.41,5.0,0.03,0.03,617.30894,1776250890000
1776250892.47,92.47,0.6,5.0,0.59,5.0,0.63,21.2,0.64,16.3,0.37,21.2,0.36,16.3,0.4,5.0,0.41,5.0,0.03,0.03,617.31019,1776250891000
1776250893.518,93.518,0.6,5.0,0.59,5.0,0.63,21.2,0.64,16.3,0.37,21.2,0.36,16.3,0.4,5.0,0.41,5.0,0.03,0.03,617.30564,1776250892000
1776250894.392,94.392,0.6,5.0,0.59,5.0,0.63,21.2,0.64,16.3,0.37,21.2,0.36,16.3,0.4,5.0,0.41,5.0,0.03,0.03,617.293685,1776250893000
1776250894.677,94.677,0.62,5.0,0.61,5.0,0.64,4.0,0.65,5.0,0.37,21.2,0.36,16.3,0.4,5.0,0.41,5.0,0.02,0.03,617.293685,1776250893000
1776250895.268,95.268,0.62,5.0,0.61,5.0,0.64,4.0,0.65,5.0,0.36,4.0,0.35,5.0,0.38,5.0,0.39,5.0,0.02,0.02,617.31657,1776250894000
1776250895.982,95.982,0.62,5.0,0.61,5.0,0.64,4.0,0.65,5.0,0.36,4.0,0.35,5.0,0.38,5.0,0.39,5.0,0.02,0.02,617.31523,1776250895000
1776250897.38,97.38,0.64,5.0,0.63,5.0,0.66,5.0,0.67,5.0,0.36,4.0,0.35,5.0,0.38,5.0,0.39,5.0,0.02,0.02,617.31523,1776250895000
1776250898.153,98.153,0.64,5.0,0.63,5.0,0.66,5.0,0.67,5.0,0.34,5.0,0.33,5.0,0.36,5.0,0.37,5.0,0.02,0.02,617.31332,1776250897000
1776250899.678,99.678,0.64,5.0,0.63,5.0,0.66,5.0,0.67,5.0,0.34,5.0,0.33,5.0,0.36,5.0,0.37,5.0,0.02,0.02,617.31514,1776250898000
1776250900.414,100.414,0.64,5.0,0.63,5.0,0.66,5.0,0.67,5.0,0.34,5.0,0.33,5.0,0.36,5.0,0.37,5.0,0.02,0.02,617.33127,1776250899000
1776250901.167,101.167,0.64,5.0,0.63,5.0,0.66,5.0,0.67,5.0,0.34,5.0,0.33,5.0,0.36,5.0,0.37,5.0,0.02,0.02,617.34646,1776250900000
1776250902.504,102.504,0.64,5.0,0.63,5.0,0.66,5.0,0.67,5.0,0.34,5.0,0.33,5.0,0.36,5.0,0.37,5.0,0.02,0.02,617.4395,1776250901000
1776250903.302,103.302,0.64,5.0,0.63,5.0,0.66,5.0,0.67,5.0,0.34,5.0,0.33,5.0,0.36,5.0,0.37,5.0,0.02,0.02,617.39148,1776250902000
1776250904.83,104.83,0.64,5.0,0.63,5.0,0.66,5.0,0.67,5.0,0.34,5.0,0.33,5.0,0.36,5.0,0.37,5.0,0.02,0.02,617.39535,1776250903000
1776250905.646,105.646,0.64,5.0,0.63,5.0,0.66,5.0,0.67,5.0,0.34,5.0,0.33,5.0,0.36,5.0,0.37,5.0,0.02,0.02,617.409,1776250904000
1776250906.206,106.206,0.64,5.0,0.63,5.0,0.66,5.0,0.67,5.0,0.34,5.0,0.33,5.0,0.36,5.0,0.37,5.0,0.02,0.02,617.42009,1776250905000
1776250907.809,107.809,0.64,5.0,0.63,5.0,0.66,5.0,0.67,5.0,0.34,5.0,0.33,5.0,0.36,5.0,0.37,5.0,0.02,0.02,617.422753,1776250906000
1776250908.591,108.591,0.64,5.0,0.63,5.0,0.66,5.0,0.67,5.0,0.34,5.0,0.33,5.0,0.36,5.0,0.37,5.0,0.02,0.02,617.411773,1776250907000
1776250909.345,109.345,0.64,5.0,0.63,5.0,0.66,5.0,0.67,5.0,0.34,5.0,0.33,5.0,0.36,5.0,0.37,5.0,0.02,0.02,617.430143,1776250908000
1776250910.085,110.085,0.64,5.0,0.63,5.0,0.66,5.0,0.67,5.0,0.34,5.0,0.33,5.0,0.36,5.0,0.37,5.0,0.02,0.02,617.430531,1776250909000
1776250912.098,112.098,0.64,5.0,0.63,5.0,0.66,5.0,0.67,5.0,0.34,5.0,0.33,5.0,0.36,5.0,0.37,5.0,0.02,0.02,617.427312,1776250911000
1776250913.266,113.266,0.64,5.0,0.63,5.0,0.66,5.0,0.67,5.0,0.34,5.0,0.33,5.0,0.36,5.0,0.37,5.0,0.02,0.02,617.413,1776250912000
1776250914.557,114.557,0.64,5.0,0.63,5.0,0.66,5.0,0.67,5.0,0.34,5.0,0.33,5.0,0.36,5.0,0.37,5.0,0.02,0.02,617.52145,1776250913000
1776250915.761,115.761,0.64,5.0,0.63,5.0,0.66,5.0,0.67,5.0,0.34,5.0,0.33,5.0,0.36,5.0,0.37,5.0,0.02,0.02,617.51867,1776250914000
1776250916.08,116.08,0.64,5.0,0.63,5.0,0.66,5.0,0.67,5.0,0.34,5.0,0.33,5.0,0.36,5.0,0.37,5.0,0.02,0.02,617.47581,1776250915000
1776250917.12,117.12,0.64,5.0,0.63,5.0,0.66,5.0,0.67,5.0,0.34,5.0,0.33,5.0,0.36,5.0,0.37,5.0,0.02,0.02,617.49721,1776250916000
1776250918.269,118.269,0.64,5.0,0.63,5.0,0.66,5.0,0.67,5.0,0.34,5.0,0.33,5.0,0.36,5.0,0.37,5.0,0.02,0.02,617.44806,1776250917000
1776250919.386,119.386,0.64,5.0,0.63,5.0,0.66,5.0,0.67,5.0,0.34,5.0,0.33,5.0,0.36,5.0,0.37,5.0,0.02,0.02,617.52961,1776250918000
1776250919.942,119.942,0.64,5.0,0.63,5.0,0.66,5.0,0.67,5.0,0.34,5.0,0.33,5.0,0.36,5.0,0.37,5.0,0.02,0.02,617.53466,1776250919000
1776250921.048,121.048,0.64,5.0,0.63,5.0,0.66,5.0,0.67,5.0,0.34,5.0,0.33,5.0,0.36,5.0,0.37,5.0,0.02,0.02,617.58671,1776250920000
1776250921.89,121.89,0.74,5.0,0.73,5.0,0.76,3.38,0.77,5.0,0.34,5.0,0.33,5.0,0.36,5.0,0.37,5.0,0.02,0.02,617.58671,1776250920000
1776250922.3,122.3,0.74,5.0,0.73,5.0,0.76,3.38,0.77,5.0,0.24,3.38,0.23,5.0,0.26,5.0,0.27,5.0,0.02,0.02,617.61009,1776250921000
1776250923.164,123.164,0.71,5.0,0.7,10.0,0.76,5.0,0.77,5.0,0.24,3.38,0.23,5.0,0.26,5.0,0.27,5.0,0.05,0.02,617.61009,1776250921000
1776250923.43,123.43,0.71,5.0,0.7,10.0,0.76,5.0,0.77,5.0,0.24,5.0,0.23,5.0,0.29,5.0,0.3,10.0,0.05,0.05,617.55808,1776250922000
1776250924.033,124.033,0.73,5.0,0.72,5.0,0.76,5.0,0.77,5.0,0.24,5.0,0.23,5.0,0.27,5.0,0.28,5.0,0.03,0.03,617.55911,1776250923000
1776250925.054,125.054,0.73,5.0,0.72,5.0,0.76,5.0,0.77,5.0,0.24,5.0,0.23,5.0,0.27,5.0,0.28,5.0,0.03,0.03,617.53196,1776250924000
1776250926.723,126.723,0.73,5.0,0.72,5.0,0.76,5.0,0.77,5.0,0.24,5.0,0.23,5.0,0.27,5.0,0.28,5.0,0.03,0.03,617.45074,1776250925000
1776250927.441,127.441,0.73,5.0,0.72,5.0,0.76,5.0,0.77,5.0,0.24,5.0,0.23,5.0,0.27,5.0,0.28,5.0,0.03,0.03,617.4498,1776250926000
1776250927.898,127.898,0.73,5.0,0.72,5.0,0.76,5.0,0.77,5.0,0.24,5.0,0.23,5.0,0.27,5.0,0.28,5.0,0.03,0.03,617.444541,1776250927000
1776250928.899,128.899,0.73,5.0,0.72,5.0,0.76,5.0,0.77,5.0,0.24,5.0,0.23,5.0,0.27,5.0,0.28,5.0,0.03,0.03,617.4268,1776250928000
1776250929.818,129.818,0.73,5.0,0.72,5.0,0.76,5.0,0.77,5.0,0.24,5.0,0.23,5.0,0.27,5.0,0.28,5.0,0.03,0.03,617.42494,1776250929000
1776250931.378,131.378,0.73,5.0,0.72,5.0,0.76,5.0,0.77,5.0,0.24,5.0,0.23,5.0,0.27,5.0,0.28,5.0,0.03,0.03,617.42142,1776250930000
1776250932.354,132.354,0.73,5.0,0.72,5.0,0.76,5.0,0.77,5.0,0.24,5.0,0.23,5.0,0.27,5.0,0.28,5.0,0.03,0.03,617.43473,1776250931000
1776250932.943,132.943,0.73,5.0,0.72,5.0,0.76,5.0,0.77,5.0,0.24,5.0,0.23,5.0,0.27,5.0,0.28,5.0,0.03,0.03,617.43566,1776250932000
1776250933.959,133.959,0.73,5.0,0.72,5.0,0.76,5.0,0.77,5.0,0.24,5.0,0.23,5.0,0.27,5.0,0.28,5.0,0.03,0.03,617.42567,1776250933000
1776250934.869,134.869,0.73,5.0,0.72,5.0,0.76,5.0,0.77,5.0,0.24,5.0,0.23,5.0,0.27,5.0,0.28,5.0,0.03,0.03,617.42549,1776250934000
1776250935.966,135.966,0.73,5.0,0.72,5.0,0.76,5.0,0.77,5.0,0.24,5.0,0.23,5.0,0.27,5.0,0.28,5.0,0.03,0.03,617.43475,1776250935000
1776250936.969,136.969,0.73,5.0,0.72,5.0,0.76,5.0,0.77,5.0,0.24,5.0,0.23,5.0,0.27,5.0,0.28,5.0,0.03,0.03,617.461,1776250936000
1776250938.125,138.125,0.73,5.0,0.72,5.0,0.76,5.0,0.77,5.0,0.24,5.0,0.23,5.0,0.27,5.0,0.28,5.0,0.03,0.03,617.435013,1776250937000
1776250939.074,139.074,0.73,5.0,0.72,5.0,0.76,5.0,0.77,5.0,0.24,5.0,0.23,5.0,0.27,5.0,0.28,5.0,0.03,0.03,617.448132,1776250938000
1776250940.228,140.228,0.73,5.0,0.72,5.0,0.76,5.0,0.77,5.0,0.24,5.0,0.23,5.0,0.27,5.0,0.28,5.0,0.03,0.03,617.449723,1776250939000
1776250941.792,141.792,0.73,5.0,0.72,5.0,0.76,5.0,0.77,5.0,0.24,5.0,0.23,5.0,0.27,5.0,0.28,5.0,0.03,0.03,617.45803,1776250940000
1776250942.599,142.599,0.73,5.0,0.72,5.0,0.76,5.0,0.77,5.0,0.24,5.0,0.23,5.0,0.27,5.0,0.28,5.0,0.03,0.03,617.482749,1776250941000
1776250943.148,143.148,0.73,5.0,0.72,5.0,0.76,5.0,0.77,5.0,0.24,5.0,0.23,5.0,0.27,5.0,0.28,5.0,0.03,0.03,617.46346,1776250942000
1776250944.517,144.517,0.73,5.0,0.72,5.0,0.76,5.0,0.77,5.0,0.24,5.0,0.23,5.0,0.27,5.0,0.28,5.0,0.03,0.03,617.46418,1776250943000
1776250945.188,145.188,0.73,5.0,0.72,5.0,0.76,5.0,0.77,5.0,0.24,5.0,0.23,5.0,0.27,5.0,0.28,5.0,0.03,0.03,617.43265,1776250944000
1776250946.636,146.636,0.73,5.0,0.72,5.0,0.76,5.0,0.77,5.0,0.24,5.0,0.23,5.0,0.27,5.0,0.28,5.0,0.03,0.03,617.43163,1776250945000
1776250947.383,147.383,0.73,5.0,0.72,5.0,0.76,5.0,0.77,5.0,0.24,5.0,0.23,5.0,0.27,5.0,0.28,5.0,0.03,0.03,617.43163,1776250946000
1776250948.102,148.102,0.73,5.0,0.72,5.0,0.76,5.0,0.77,5.0,0.24,5.0,0.23,5.0,0.27,5.0,0.28,5.0,0.03,0.03,617.379718,1776250947000
1776250949.428,149.428,0.73,5.0,0.72,5.0,0.76,5.0,0.77,5.0,0.24,5.0,0.23,5.0,0.27,5.0,0.28,5.0,0.03,0.03,617.44133,1776250948000
1776250950.034,150.034,0.73,5.0,0.72,5.0,0.76,5.0,0.77,5.0,0.24,5.0,0.23,5.0,0.27,5.0,0.28,5.0,0.03,0.03,617.44118,1776250949000
1776250951.343,151.343,0.73,5.0,0.72,5.0,0.76,5.0,0.77,5.0,0.24,5.0,0.23,5.0,0.27,5.0,0.28,5.0,0.03,0.03,617.416703,1776250950000
1776250952.105,152.105,0.73,5.0,0.72,5.0,0.76,5.0,0.77,5.0,0.24,5.0,0.23,5.0,0.27,5.0,0.28,5.0,0.03,0.03,617.418462,1776250951000
1776250953.746,153.746,0.73,5.0,0.72,5.0,0.76,5.0,0.77,5.0,0.24,5.0,0.23,5.0,0.27,5.0,0.28,5.0,0.03,0.03,617.4426,1776250952000
1776250954.449,154.449,0.73,5.0,0.72,5.0,0.76,5.0,0.77,5.0,0.24,5.0,0.23,5.0,0.27,5.0,0.28,5.0,0.03,0.03,617.45385,1776250953000
1776250955.056,155.056,0.73,5.0,0.72,5.0,0.76,5.0,0.77,5.0,0.24,5.0,0.23,5.0,0.27,5.0,0.28,5.0,0.03,0.03,617.45947,1776250954000
1776250956.407,156.407,0.73,5.0,0.72,5.0,0.76,5.0,0.77,5.0,0.24,5.0,0.23,5.0,0.27,5.0,0.28,5.0,0.03,0.03,617.46676,1776250955000
1776250957.05,157.05,0.73,5.0,0.72,5.0,0.76,5.0,0.77,5.0,0.24,5.0,0.23,5.0,0.27,5.0,0.28,5.0,0.03,0.03,617.46737,1776250956000
1776250958.227,158.227,0.73,5.0,0.72,5.0,0.76,5.0,0.77,5.0,0.24,5.0,0.23,5.0,0.27,5.0,0.28,5.0,0.03,0.03,617.46731,1776250957000
1776250959.202,159.202,0.73,5.0,0.72,5.0,0.76,5.0,0.77,5.0,0.24,5.0,0.23,5.0,0.27,5.0,0.28,5.0,0.03,0.03,617.47615,1776250958000
1776250960.252,160.252,0.75,5.0,0.74,5.0,0.77,5.0,0.78,5.0,0.23,5.0,0.22,5.0,0.25,5.0,0.26,5.0,0.02,0.02,617.49799,1776250959000
1776250961.159,161.159,0.75,5.0,0.74,5.0,0.77,5.0,0.78,5.0,0.23,5.0,0.22,5.0,0.25,5.0,0.26,5.0,0.02,0.02,617.49858,1776250960000
1776250962.192,162.192,0.75,5.0,0.74,5.0,0.77,5.0,0.78,5.0,0.23,5.0,0.22,5.0,0.25,5.0,0.26,5.0,0.02,0.02,617.49866,1776250961000
1776250963.213,163.213,0.75,5.0,0.74,5.0,0.77,5.0,0.78,5.0,0.23,5.0,0.22,5.0,0.25,5.0,0.26,5.0,0.02,0.02,617.432028,1776250962000
1776250964.132,164.132,0.75,5.0,0.74,5.0,0.77,5.0,0.78,5.0,0.23,5.0,0.22,5.0,0.25,5.0,0.26,5.0,0.02,0.02,617.50306,1776250963000
1776250965.192,165.192,0.75,5.0,0.74,5.0,0.77,5.0,0.78,5.0,0.23,5.0,0.22,5.0,0.25,5.0,0.26,5.0,0.02,0.02,617.50273,1776250964000
1776250966.229,166.229,0.75,5.0,0.74,5.0,0.77,5.0,0.78,5.0,0.23,5.0,0.22,5.0,0.25,5.0,0.26,5.0,0.02,0.02,617.49336,1776250965000
1776250967.243,167.243,0.75,5.0,0.74,5.0,0.77,5.0,0.78,5.0,0.23,5.0,0.22,5.0,0.25,5.0,0.26,5.0,0.02,0.02,617.49412,1776250966000
1776250968.318,168.318,0.75,5.0,0.74,5.0,0.77,5.0,0.78,5.0,0.23,5.0,0.22,5.0,0.25,5.0,0.26,5.0,0.02,0.02,617.49254,1776250967000
1776250969.37,169.37,0.76,5.0,0.75,5.0,0.79,20.7,0.8,21.2,0.21,20.7,0.2,21.2,0.24,5.0,0.25,5.0,0.03,0.03,617.500725,1776250968000
1776250970.329,170.329,0.76,5.0,0.75,5.0,0.79,20.7,0.8,21.2,0.21,20.7,0.2,21.2,0.24,5.0,0.25,5.0,0.03,0.03,617.501673,1776250969000
1776250971.399,171.399,0.76,5.0,0.75,5.0,0.79,20.7,0.8,21.2,0.21,20.7,0.2,21.2,0.24,5.0,0.25,5.0,0.03,0.03,617.493903,1776250970000
1776250972.126,172.126,0.76,5.0,0.75,5.0,0.79,20.7,0.8,21.2,0.21,20.7,0.2,21.2,0.24,5.0,0.25,5.0,0.03,0.03,617.44719,1776250971000
1776250980.549,180.549,0.76,5.0,0.75,5.0,0.79,20.7,0.8,21.2,0.21,20.7,0.2,21.2,0.24,5.0,0.25,5.0,0.03,0.03,617.465512,1776250979000
1776250981.883,181.883,0.76,5.0,0.75,5.0,0.79,20.7,0.8,21.2,0.21,20.7,0.2,21.2,0.24,5.0,0.25,5.0,0.03,0.03,617.46548,1776250980000
1776250982.474,182.474,0.76,5.0,0.75,5.0,0.79,20.7,0.8,21.2,0.21,20.7,0.2,21.2,0.24,5.0,0.25,5.0,0.03,0.03,617.47086,1776250981000
1776250983.428,183.428,0.76,5.0,0.75,5.0,0.79,20.7,0.8,21.2,0.21,20.7,0.2,21.2,0.24,5.0,0.25,5.0,0.03,0.03,617.47354,1776250982000
1776250984.368,184.368,0.76,5.0,0.75,5.0,0.79,20.7,0.8,21.2,0.21,20.7,0.2,21.2,0.24,5.0,0.25,5.0,0.03,0.03,617.47505,1776250983000
1776250985.853,185.853,0.76,5.0,0.75,5.0,0.79,20.7,0.8,21.2,0.21,20.7,0.2,21.2,0.24,5.0,0.25,5.0,0.03,0.03,617.47979,1776250984000
1776250986.593,186.593,0.76,5.0,0.75,5.0,0.79,20.7,0.8,21.2,0.21,20.7,0.2,21.2,0.24,5.0,0.25,5.0,0.03,0.03,617.47807,1776250985000
1776250987.548,187.548,0.76,5.0,0.75,5.0,0.79,20.7,0.8,21.2,0.21,20.7,0.2,21.2,0.24,5.0,0.25,5.0,0.03,0.03,617.46939,1776250986000
1776250988.077,188.077,0.76,5.0,0.75,5.0,0.79,20.7,0.8,21.2,0.21,20.7,0.2,21.2,0.24,5.0,0.25,5.0,0.03,0.03,617.40659,1776250987000
1776250989.895,189.895,0.76,5.0,0.75,5.0,0.79,20.7,0.8,21.2,0.21,20.7,0.2,21.2,0.24,5.0,0.25,5.0,0.03,0.03,617.48796,1776250988000
1776250990.443,190.443,0.76,5.0,0.75,5.0,0.79,20.7,0.8,21.2,0.21,20.7,0.2,21.2,0.24,5.0,0.25,5.0,0.03,0.03,617.485725,1776250989000
1776250990.883,190.883,0.76,5.0,0.75,5.0,0.79,20.7,0.8,21.2,0.21,20.7,0.2,21.2,0.24,5.0,0.25,5.0,0.03,0.03,617.47398,1776250990000
1776250991.964,191.964,0.76,5.0,0.75,5.0,0.79,20.7,0.8,21.2,0.21,20.7,0.2,21.2,0.24,5.0,0.25,5.0,0.03,0.03,617.4683,1776250991000
1776250993.106,193.106,0.76,5.0,0.75,5.0,0.79,20.7,0.8,21.2,0.21,20.7,0.2,21.2,0.24,5.0,0.25,5.0,0.03,0.03,617.49641,1776250992000
1776250994.095,194.095,0.76,5.0,0.75,5.0,0.79,20.7,0.8,21.2,0.21,20.7,0.2,21.2,0.24,5.0,0.25,5.0,0.03,0.03,617.48223,1776250993000
1776250995.138,195.138,0.76,5.0,0.75,5.0,0.79,20.7,0.8,21.2,0.21,20.7,0.2,21.2,0.24,5.0,0.25,5.0,0.03,0.03,617.48198,1776250994000
1776250996.291,196.291,0.76,5.0,0.75,5.0,0.79,20.7,0.8,21.2,0.21,20.7,0.2,21.2,0.24,5.0,0.25,5.0,0.03,0.03,617.48229,1776250995000
1776250997.17,197.17,0.81,5.0,0.8,5.0,0.82,3.78,0.83,5.0,0.21,20.7,0.2,21.2,0.24,5.0,0.25,5.0,0.01,0.03,617.48229,1776250995000
1776250997.392,197.392,0.81,5.0,0.8,5.0,0.82,3.78,0.83,5.0,0.18,3.78,0.17,5.0,0.19,5.0,0.2,5.0,0.01,0.01,617.48361,1776250996000
1776250998.324,198.324,0.81,5.0,0.8,5.0,0.82,3.78,0.83,5.0,0.18,3.78,0.17,5.0,0.19,5.0,0.2,5.0,0.01,0.01,617.47843,1776250997000
1776250999.484,199.484,0.81,5.0,0.8,5.0,0.82,3.78,0.83,5.0,0.18,3.78,0.17,5.0,0.19,5.0,0.2,5.0,0.01,0.01,617.48039,1776250998000
1776250999.937,199.937,0.81,5.0,0.8,5.0,0.82,3.78,0.83,5.0,0.18,3.78,0.17,5.0,0.19,5.0,0.2,5.0,0.01,0.01,617.48156,1776250999000
1776251001.114,201.114,0.81,5.0,0.8,5.0,0.82,3.78,0.83,5.0,0.18,3.78,0.17,5.0,0.19,5.0,0.2,5.0,0.01,0.01,617.48246,1776251000000
1776251001.986,201.986,0.81,5.0,0.8,5.0,0.82,3.78,0.83,5.0,0.18,3.78,0.17,5.0,0.19,5.0,0.2,5.0,0.01,0.01,617.48322,1776251001000
1776251002.499,202.499,0.82,5.0,0.81,5.0,0.84,20.81,0.85,25.39,0.18,3.78,0.17,5.0,0.19,5.0,0.2,5.0,0.02,0.01,617.48322,1776251001000
1776251003.425,203.425,0.82,5.0,0.81,5.0,0.84,20.81,0.85,25.39,0.16,20.81,0.15,25.39,0.18,5.0,0.19,5.0,0.02,0.02,617.496,1776251002000
1776251003.99,203.99,0.82,5.0,0.81,5.0,0.84,20.81,0.85,25.39,0.16,20.81,0.15,25.39,0.18,5.0,0.19,5.0,0.02,0.02,617.496,1776251003000
1776251004.955,204.955,0.82,5.0,0.81,5.0,0.84,20.81,0.85,25.39,0.16,20.81,0.15,25.39,0.18,5.0,0.19,5.0,0.02,0.02,617.5017,1776251004000
1776251005.946,205.946,0.82,5.0,0.81,5.0,0.84,20.81,0.85,25.39,0.16,20.81,0.15,25.39,0.18,5.0,0.19,5.0,0.02,0.02,617.49656,1776251005000
1776251006.882,206.882,0.82,5.0,0.81,5.0,0.84,20.81,0.85,25.39,0.16,20.81,0.15,25.39,0.18,5.0,0.19,5.0,0.02,0.02,617.4994,1776251006000
1776251007.86,207.86,0.82,5.0,0.81,5.0,0.84,20.81,0.85,25.39,0.16,20.81,0.15,25.39,0.18,5.0,0.19,5.0,0.02,0.02,617.50511,1776251007000
1776251008.804,208.804,0.9,5.0,0.89,5.0,0.91,29.5,0.92,40.29,0.16,20.81,0.15,25.39,0.18,5.0,0.19,5.0,0.01,0.02,617.50511,1776251007000
1776251009.357,209.357,0.9,5.0,0.89,5.0,0.91,29.5,0.92,40.29,0.09,29.5,0.08,40.29,0.1,5.0,0.11,5.0,0.01,0.01,617.51738,1776251008000
1776251010.316,210.316,0.9,5.0,0.89,5.0,0.91,29.5,0.92,40.29,0.09,29.5,0.08,40.29,0.1,5.0,0.11,5.0,0.01,0.01,617.51714,1776251009000
1776251011.25,211.25,0.9,5.0,0.89,5.0,0.91,29.5,0.92,40.29,0.09,29.5,0.08,40.29,0.1,5.0,0.11,5.0,0.01,0.01,617.534626,1776251010000
1776251011.592,211.592,0.94,5.0,0.93,5.0,0.95,52.59,0.96,72.7,0.09,29.5,0.08,40.29,0.1,5.0,0.11,5.0,0.01,0.01,617.534626,1776251010000
1776251012.179,212.179,0.94,5.0,0.93,5.0,0.95,52.59,0.96,72.7,0.05,52.59,0.04,72.7,0.06,5.0,0.07,5.0,0.01,0.01,617.62483,1776251011000
1776251013.181,213.181,0.94,5.0,0.93,5.0,0.95,52.59,0.96,72.7,0.05,52.59,0.04,72.7,0.06,5.0,0.07,5.0,0.01,0.01,617.690595,1776251012000
1776251013.386,213.386,0.94,5.0,0.93,5.0,0.95,22.51,0.96,72.7,0.05,52.59,0.04,72.7,0.06,5.0,0.07,5.0,0.01,0.01,617.690595,1776251012000
1776251014.2,214.2,0.94,5.0,0.93,5.0,0.95,2.51,0.96,72.7,0.05,2.51,0.04,72.7,0.06,5.0,0.07,5.0,0.01,0.01,617.690185,1776251013000
1776251015.214,215.214,0.94,5.0,0.93,5.0,0.95,2.51,0.96,72.7,0.05,2.51,0.04,72.7,0.06,5.0,0.07,5.0,0.01,0.01,617.66678,1776251014000
1776251015.565,215.565,0.94,5.0,0.93,5.0,0.96,72.7,0.97,89.3,0.05,2.51,0.04,72.7,0.06,5.0,0.07,5.0,0.02,0.01,617.66678,1776251014000
1776251016.206,216.206,0.94,5.0,0.93,5.0,0.96,72.7,0.97,89.3,0.04,72.7,0.03,89.3,0.06,5.0,0.07,5.0,0.02,0.02,617.66637,1776251015000
1776251017.274,217.274,0.94,5.0,0.93,5.0,0.96,72.7,0.97,89.3,0.04,72.7,0.03,89.3,0.06,5.0,0.07,5.0,0.02,0.02,617.71065,1776251016000
1776251017.475,217.475,0.94,5.0,0.93,5.0,0.96,72.7,0.97,89.3,0.04,72.7,0.03,89.3,0.06,5.0,0.07,5.0,0.02,0.02,617.71065,1776251016000
1776251018.407,218.407,0.94,5.0,0.93,5.0,0.96,72.7,0.97,89.3,0.04,72.7,0.03,89.3,0.06,5.0,0.07,5.0,0.02,0.02,617.71015,1776251017000
1776251019.375,219.375,0.94,5.0,0.93,5.0,0.96,72.7,0.97,89.3,0.04,72.7,0.03,89.3,0.06,5.0,0.07,5.0,0.02,0.02,617.71128,1776251018000
1776251019.642,219.642,0.9,5.0,0.89,5.0,0.91,3.68,0.92,5.0,0.04,72.7,0.03,89.3,0.06,5.0,0.07,5.0,0.01,0.02,617.71128,1776251018000
1776251019.962,219.962,0.9,5.0,0.89,5.0,0.91,3.68,0.92,5.0,0.09,3.68,0.08,5.0,0.1,5.0,0.11,5.0,0.01,0.01,617.71122,1776251019000
1776251020.981,220.981,0.9,5.0,0.89,5.0,0.91,3.68,0.92,5.0,0.09,3.68,0.08,5.0,0.1,5.0,0.11,5.0,0.01,0.01,617.705871,1776251020000
1776251022.103,222.103,0.9,5.0,0.89,5.0,0.91,3.68,0.92,5.0,0.09,3.68,0.08,5.0,0.1,5.0,0.11,5.0,0.01,0.01,617.685152,1776251021000
1776251023.088,223.088,0.9,5.0,0.89,5.0,0.91,3.68,0.92,5.0,0.09,3.68,0.08,5.0,0.1,5.0,0.11,5.0,0.01,0.01,617.65508,1776251022000
1776251024.138,224.138,0.9,5.0,0.89,5.0,0.91,3.68,0.92,5.0,0.09,3.68,0.08,5.0,0.1,5.0,0.11,5.0,0.01,0.01,617.62517,1776251023000
1776251025.166,225.166,0.9,5.0,0.89,5.0,0.91,3.68,0.92,5.0,0.09,3.68,0.08,5.0,0.1,5.0,0.11,5.0,0.01,0.01,617.6125,1776251024000
1776251026.234,226.234,0.9,5.0,0.89,5.0,0.91,3.68,0.92,5.0,0.09,3.68,0.08,5.0,0.1,5.0,0.11,5.0,0.01,0.01,617.62262,1776251025000
1776251027.514,227.514,0.9,5.0,0.89,5.0,0.91,3.68,0.92,5.0,0.09,3.68,0.08,5.0,0.1,5.0,0.11,5.0,0.01,0.01,617.626186,1776251026000
1776251028.375,228.375,0.9,5.0,0.89,5.0,0.91,3.68,0.92,5.0,0.09,3.68,0.08,5.0,0.1,5.0,0.11,5.0,0.01,0.01,617.62957,1776251027000
1776251028.86,228.86,0.9,22.0,0.89,5.0,0.96,72.7,0.97,89.3,0.04,72.7,0.03,89.3,0.1,22.0,0.11,5.0,0.06,0.06,617.62957,1776251028000
1776251030.349,230.349,0.94,5.0,0.93,5.0,0.96,5.0,0.97,89.3,0.04,5.0,0.03,89.3,0.06,5.0,0.07,5.0,0.02,0.02,617.65774,1776251029000
1776251030.896,230.896,0.94,5.0,0.93,5.0,0.96,5.0,0.97,89.3,0.04,5.0,0.03,89.3,0.06,5.0,0.07,5.0,0.02,0.02,617.6893,1776251030000
1776251031.953,231.953,0.94,5.0,0.93,5.0,0.96,5.0,0.97,89.3,0.04,5.0,0.03,89.3,0.06,5.0,0.07,5.0,0.02,0.02,617.69261,1776251031000
1776251032.864,232.864,0.94,5.0,0.93,5.0,0.96,5.0,0.97,89.3,0.04,5.0,0.03,89.3,0.06,5.0,0.07,5.0,0.02,0.02,617.762554,1776251032000
1776251033.873,233.873,0.94,5.0,0.93,5.0,0.96,5.0,0.97,89.3,0.04,5.0,0.03,89.3,0.06,5.0,0.07,5.0,0.02,0.02,617.766897,1776251033000
1776251034.946,234.946,0.94,5.0,0.93,5.0,0.96,5.0,0.97,89.3,0.04,5.0,0.03,89.3,0.06,5.0,0.07,5.0,0.02,0.02,617.765635,1776251034000
1776251035.834,235.834,0.94,5.0,0.93,5.0,0.96,5.0,0.97,89.3,0.04,5.0,0.03,89.3,0.06,5.0,0.07,5.0,0.02,0.02,617.742131,1776251035000
1776251036.925,236.925,0.94,5.0,0.93,5.0,0.96,5.0,0.97,89.3,0.04,5.0,0.03,89.3,0.06,5.0,0.07,5.0,0.02,0.02,617.739783,1776251036000
1776251037.43,237.43,0.95,59.7,0.94,51.1,0.96,5.83,0.97,5.0,0.04,5.0,0.03,89.3,0.06,5.0,0.07,5.0,0.01,0.02,617.739783,1776251036000
1776251037.895,237.895,0.95,59.7,0.94,51.1,0.96,5.83,0.97,5.0,0.04,5.83,0.03,5.0,0.05,59.7,0.06,51.1,0.01,0.01,617.74557,1776251037000
1776251038.794,238.794,0.95,59.7,0.94,51.1,0.96,5.83,0.97,5.0,0.04,5.83,0.03,5.0,0.05,59.7,0.06,51.1,0.01,0.01,617.736923,1776251038000
1776251039.891,239.891,0.95,59.7,0.94,51.1,0.96,5.83,0.97,5.0,0.04,5.83,0.03,5.0,0.05,59.7,0.06,51.1,0.01,0.01,617.737353,1776251039000
1776251041.392,241.392,0.95,59.7,0.94,51.1,0.96,5.83,0.97,5.0,0.04,5.83,0.03,5.0,0.05,59.7,0.06,51.1,0.01,0.01,617.631876,1776251040000
1776251041.663,241.663,0.94,3.69,0.93,5.0,0.96,10.83,0.97,94.3,0.04,5.83,0.03,5.0,0.05,59.7,0.06,51.1,0.02,0.01,617.631876,1776251040000
1776251042.166,242.166,0.94,3.69,0.93,5.0,0.95,12.0,0.96,78.53,0.04,10.83,0.03,94.3,0.06,3.69,0.07,5.0,0.01,0.02,617.631876,1776251040000
1776251042.693,242.693,0.94,3.69,0.93,5.0,0.95,12.0,0.96,78.53,0.05,12.0,0.04,78.53,0.06,3.69,0.07,5.0,0.01,0.01,617.667746,1776251041000
1776251043.214,243.214,0.94,3.69,0.93,5.0,0.95,12.0,0.96,78.53,0.05,12.0,0.04,78.53,0.06,3.69,0.07,5.0,0.01,0.01,617.667746,1776251042000
1776251044.074,244.074,0.95,5.0,0.94,3.69,0.96,67.53,0.97,94.3,0.05,12.0,0.04,78.53,0.06,3.69,0.07,5.0,0.01,0.01,617.667746,1776251042000
1776251044.335,244.335,0.95,5.0,0.94,3.69,0.96,59.53,0.97,94.3,0.04,59.53,0.03,94.3,0.05,5.0,0.06,3.69,0.01,0.01,617.61609,1776251043000
1776251044.634,244.634,0.94,3.69,0.93,5.0,0.96,59.53,0.97,94.3,0.04,59.53,0.03,94.3,0.05,5.0,0.06,3.69,0.02,0.01,617.61609,1776251043000
1776251045.381,245.381,0.94,3.69,0.93,5.0,0.96,59.53,0.97,94.3,0.04,59.53,0.03,94.3,0.06,3.69,0.07,5.0,0.02,0.02,617.68611,1776251044000
1776251045.931,245.931,0.94,3.69,0.93,5.0,0.96,59.53,0.97,94.3,0.04,59.53,0.03,94.3,0.06,3.69,0.07,5.0,0.02,0.02,617.68611,1776251045000
1776251046.962,246.962,0.94,3.69,0.93,5.0,0.96,59.53,0.97,94.3,0.04,59.53,0.03,94.3,0.06,3.69,0.07,5.0,0.02,0.02,617.690171,1776251046000
1776251048.132,248.132,0.95,5.0,0.94,3.69,0.97,90.46,0.98,147.69,0.03,90.46,0.02,147.69,0.05,5.0,0.06,3.69,0.02,0.02,617.69613,1776251047000
1776251049.157,249.157,0.95,5.0,0.94,3.69,0.97,90.46,0.98,147.69,0.03,90.46,0.02,147.69,0.05,5.0,0.06,3.69,0.02,0.02,617.69548,1776251048000
1776251050.194,250.194,0.95,5.0,0.94,3.69,0.97,90.46,0.98,147.69,0.03,90.46,0.02,147.69,0.05,5.0,0.06,3.69,0.02,0.02,617.6953,1776251049000
1776251050.467,250.467,0.96,72.7,0.95,59.7,0.98,14.1,0.99,467.6,0.03,90.46,0.02,147.69,0.05,5.0,0.06,3.69,0.02,0.02,617.6953,1776251049000
1776251051.38,251.38,0.96,72.7,0.95,59.7,0.98,14.1,0.99,467.6,0.02,14.1,0.01,467.6,0.04,72.7,0.05,59.7,0.02,0.02,617.75801,1776251050000
1776251052.33,252.33,0.96,72.7,0.95,59.7,0.98,14.1,0.99,467.6,0.02,14.1,0.01,467.6,0.04,72.7,0.05,59.7,0.02,0.02,617.721037,1776251051000
1776251052.846,252.846,0.96,72.7,0.95,59.7,0.98,14.1,0.99,467.6,0.02,14.1,0.01,467.6,0.04,72.7,0.05,59.7,0.02,0.02,617.721037,1776251052000
1776251054.109,254.109,0.96,72.7,0.95,59.7,0.98,14.1,0.99,467.6,0.02,14.1,0.01,467.6,0.04,72.7,0.05,59.7,0.02,0.02,617.735716,1776251053000
1776251055.156,255.156,0.96,72.7,0.95,59.7,0.98,14.1,0.99,467.6,0.02,14.1,0.01,467.6,0.04,72.7,0.05,59.7,0.02,0.02,617.68842,1776251054000
1776251056.749,256.749,0.96,72.7,0.95,59.7,0.98,14.1,0.99,467.6,0.02,14.1,0.01,467.6,0.04,72.7,0.05,59.7,0.02,0.02,617.716479,1776251055000
1776251057.486,257.486,0.96,72.7,0.95,59.7,0.98,14.1,0.99,467.6,0.02,14.1,0.01,467.6,0.04,72.7,0.05,59.7,0.02,0.02,617.75791,1776251056000
1776251058.104,258.104,0.96,72.7,0.95,59.7,0.98,14.1,0.99,467.6,0.02,14.1,0.01,467.6,0.04,72.7,0.05,59.7,0.02,0.02,617.763309,1776251057000
1776251058.366,258.366,0.97,94.3,0.96,77.7,0.98,6.49,0.99,205.0,0.02,14.1,0.01,467.6,0.04,72.7,0.05,59.7,0.01,0.02,617.763309,1776251057000
1776251059.288,259.288,0.97,94.3,0.96,77.7,0.98,6.49,0.99,205.0,0.02,6.49,0.01,205.0,0.03,94.3,0.04,77.7,0.01,0.01,617.75259,1776251058000
1776251060.595,260.595,0.97,94.3,0.96,77.7,0.98,6.49,0.99,205.0,0.02,6.49,0.01,205.0,0.03,94.3,0.04,77.7,0.01,0.01,617.74316,1776251059000
1776251061.206,261.206,0.97,94.3,0.96,77.7,0.98,6.49,0.99,205.0,0.02,6.49,0.01,205.0,0.03,94.3,0.04,77.7,0.01,0.01,617.749663,1776251060000
1776251061.81,261.81,0.98,137.69,0.97,94.3,0.99,142.49,,,0.01,193.49,,,0.03,94.3,0.04,77.7,0.01,0.02,617.749663,1776251060000
1776251062.425,262.425,0.98,137.69,0.97,94.3,0.99,142.49,,,0.01,142.49,,,0.02,137.69,0.03,94.3,0.01,0.01,617.76578,1776251061000
1776251063.139,263.139,0.98,137.69,0.97,94.3,0.99,142.49,,,0.01,142.49,,,0.02,137.69,0.03,94.3,0.01,0.01,617.75219,1776251062000
1776251064.254,264.254,0.98,137.69,0.97,94.3,0.99,142.49,,,0.01,142.49,,,0.02,137.69,0.03,94.3,0.01,0.01,617.776307,1776251063000
1776251065.404,265.404,0.98,137.69,0.97,94.3,0.99,142.49,,,0.01,142.49,,,0.02,137.69,0.03,94.3,0.01,0.01,617.7909,1776251064000
1776251065.905,265.905,0.98,137.69,0.97,94.3,0.99,142.49,,,0.01,142.49,,,0.02,137.69,0.03,94.3,0.01,0.01,617.78952,1776251065000
1776251067.105,267.105,0.98,137.69,0.97,94.3,0.99,142.49,,,0.01,142.49,,,0.02,137.69,0.03,94.3,0.01,0.01,617.7754,1776251066000
1776251068.233,268.233,0.98,137.69,0.97,94.3,0.99,142.49,,,0.01,142.49,,,0.02,137.69,0.03,94.3,0.01,0.01,617.76857,1776251067000
1776251069.587,269.587,0.97,1.35,0.96,10.0,0.99,32.49,,,0.01,142.49,,,0.02,137.69,0.03,94.3,0.02,0.01,617.76857,1776251067000
1776251070.196,270.196,0.91,32.56,0.9,33.9,0.98,5.0,0.99,32.49,0.02,5.0,0.01,32.49,0.09,32.56,0.1,33.9,0.07,0.07,617.74108,1776251069000
1776251070.429,270.429,0.91,60.56,0.9,33.9,0.93,5.0,0.94,5.0,0.02,5.0,0.01,32.49,0.09,32.56,0.1,33.9,0.02,0.07,617.74108,1776251069000
1776251071.186,271.186,0.94,21.0,0.93,5.0,0.98,137.69,0.99,295.09,0.05,4.31,0.04,5.0,0.08,5.0,0.09,60.56,0.04,0.03,617.74108,1776251069000
1776251071.628,271.628,0.94,21.0,0.93,5.0,0.98,137.69,0.99,295.09,0.02,137.69,0.01,295.09,0.06,21.0,0.07,5.0,0.04,0.04,617.62456,1776251070000
1776251072.669,272.669,0.94,21.0,0.93,5.0,0.98,137.69,0.99,295.09,0.02,137.69,0.01,295.09,0.06,21.0,0.07,5.0,0.04,0.04,617.57645,1776251071000
1776251073.272,273.272,0.94,21.0,0.93,5.0,0.98,137.69,0.99,295.09,0.02,137.69,0.01,295.09,0.06,21.0,0.07,5.0,0.04,0.04,617.57591,1776251072000
1776251074.714,274.714,0.94,21.0,0.93,5.0,0.98,137.69,0.99,295.09,0.02,137.69,0.01,295.09,0.06,21.0,0.07,5.0,0.04,0.04,617.57157,1776251073000
1776251075.444,275.444,0.94,21.0,0.93,5.0,0.98,137.69,0.99,295.09,0.02,137.69,0.01,295.09,0.06,21.0,0.07,5.0,0.04,0.04,617.57646,1776251074000
1776251075.916,275.916,0.94,21.0,0.93,5.0,0.98,137.69,0.99,295.09,0.02,137.69,0.01,295.09,0.06,21.0,0.07,5.0,0.04,0.04,617.57613,1776251075000
1776251077.038,277.038,0.94,21.0,0.93,5.0,0.98,137.69,0.99,295.09,0.02,137.69,0.01,295.09,0.06,21.0,0.07,5.0,0.04,0.04,617.57783,1776251076000
1776251078.146,278.146,0.94,21.0,0.93,5.0,0.98,137.69,0.99,295.09,0.02,137.69,0.01,295.09,0.06,21.0,0.07,5.0,0.04,0.04,617.592801,1776251077000
1776251079.932,279.932,0.94,21.0,0.93,5.0,0.98,137.69,0.99,295.09,0.02,137.69,0.01,295.09,0.06,21.0,0.07,5.0,0.04,0.04,617.638225,1776251078000
1776251081.221,281.221,0.94,21.0,0.93,5.0,0.98,137.69,0.99,295.09,0.02,137.69,0.01,295.09,0.06,21.0,0.07,5.0,0.04,0.04,617.648689,1776251080000
1776251082.522,282.522,0.94,21.0,0.93,5.0,0.98,137.69,0.99,295.09,0.02,137.69,0.01,295.09,0.06,21.0,0.07,5.0,0.04,0.04,617.597286,1776251081000
1776251083.143,283.143,0.94,21.0,0.93,5.0,0.98,137.69,0.99,295.09,0.02,137.69,0.01,295.09,0.06,21.0,0.07,5.0,0.04,0.04,617.597286,1776251082000
1776251083.571,283.571,0.97,5.0,0.96,5.0,0.98,3.97,0.99,32.49,0.02,137.69,0.01,295.09,0.06,21.0,0.07,5.0,0.01,0.04,617.597286,1776251082000
1776251084.288,284.288,0.97,5.0,0.96,5.0,0.98,3.97,0.99,32.49,0.02,3.97,0.01,32.49,0.03,5.0,0.04,5.0,0.01,0.01,617.67308,1776251083000
1776251085.531,285.531,0.97,5.0,0.96,5.0,0.98,3.97,0.99,32.49,0.02,3.97,0.01,32.49,0.03,5.0,0.04,5.0,0.01,0.01,617.666264,1776251084000
1776251085.745,285.745,0.99,967.51,0.97,5.0,,,,,0.02,3.97,0.01,32.49,0.03,5.0,0.04,5.0,,0.01,617.666264,1776251084000
1776251086.092,286.092,0.99,967.51,0.97,5.0,,,,,,,,,0.01,967.51,0.03,5.0,,,617.66633,1776251085000
1776251087.393,287.393,0.99,967.51,0.97,5.0,,,,,,,,,0.01,967.51,0.03,5.0,,,617.67646,1776251086000
1776251088.614,288.614,0.99,967.51,0.97,5.0,,,,,,,,,0.01,967.51,0.03,5.0,,,617.67537,1776251087000
1776251089.468,289.468,0.99,967.51,0.97,5.0,,,,,,,,,0.01,967.51,0.03,5.0,,,617.67509,1776251088000
1776251091.492,291.492,0.99,967.51,0.97,5.0,,,,,,,,,0.01,967.51,0.03,5.0,,,617.669957,1776251090000
1776251092.152,292.152,0.99,967.51,0.97,5.0,,,,,,,,,0.01,967.51,0.03,5.0,,,617.663814,1776251091000
1776251092.811,292.811,0.99,2898.53,0.98,5.0,,,,,,,,,0.01,967.51,0.03,5.0,,,617.663814,1776251091000
1776251093.581,293.581,0.99,2898.53,0.98,5.0,,,,,,,,,0.01,2898.53,0.02,5.0,,,617.6728,1776251092000
1776251094.347,294.347,0.99,2898.53,0.98,5.0,,,,,,,,,0.01,2898.53,0.02,5.0,,,617.6728,1776251093000
1776251095.141,295.141,0.99,2898.53,0.98,5.0,,,,,,,,,0.01,2898.53,0.02,5.0,,,617.6727,1776251094000
1776251096.654,296.654,0.99,2898.53,0.98,5.0,,,,,,,,,0.01,2898.53,0.02,5.0,,,617.67174,1776251095000
1776251097.404,297.404,0.99,2898.53,0.98,5.0,,,,,,,,,0.01,2898.53,0.02,5.0,,,617.67133,1776251096000
1776251098.094,298.094,0.99,2898.53,0.98,5.0,,,,,,,,,0.01,2898.53,0.02,5.0,,,617.67074,1776251097000
1776251099.587,299.587,0.99,2898.53,0.98,5.0,,,,,,,,,0.01,2898.53,0.02,5.0,,,617.67021,1776251098000
1776251100.237,300.237,0.99,2898.53,0.98,5.0,,,,,,,,,0.01,2898.53,0.02,5.0,,,617.67009,1776251099000
