timestamp,elapsed_sec,up_bid_p1,up_bid_s1,up_bid_p2,up_bid_s2,up_ask_p1,up_ask_s1,up_ask_p2,up_ask_s2,down_bid_p1,down_bid_s1,down_bid_p2,down_bid_s2,down_ask_p1,down_ask_s1,down_ask_p2,down_ask_s2,up_spread,down_spread,bnb_price,bnb_oracle_ts
1776265501.224,1.224,0.41,37.0,0.4,33.0,0.49,5.0,0.59,37.0,0.51,5.0,0.41,37.0,0.59,37.0,0.6,33.0,0.08,0.08,618.811,1776265500000
1776265502.19,2.19,0.41,37.0,0.4,33.0,0.49,5.0,0.59,37.0,0.51,5.0,0.41,37.0,0.59,37.0,0.6,33.0,0.08,0.08,618.850072,1776265501000
1776265503.329,3.329,0.41,37.0,0.4,33.0,0.49,5.0,0.59,37.0,0.51,5.0,0.41,37.0,0.59,37.0,0.6,33.0,0.08,0.08,618.82876,1776265502000
1776265504.342,4.342,0.41,37.0,0.4,33.0,0.49,5.0,0.59,37.0,0.51,5.0,0.41,37.0,0.59,37.0,0.6,33.0,0.08,0.08,618.8305,1776265503000
1776265505.407,5.407,0.41,37.0,0.4,33.0,0.49,5.0,0.59,37.0,0.51,5.0,0.41,37.0,0.59,37.0,0.6,33.0,0.08,0.08,618.81967,1776265504000
1776265505.923,5.923,0.41,37.0,0.4,33.0,0.49,5.0,0.59,37.0,0.51,5.0,0.41,37.0,0.59,37.0,0.6,33.0,0.08,0.08,618.805948,1776265505000
1776265507.092,7.092,0.41,37.0,0.4,33.0,0.49,5.0,0.59,37.0,0.51,5.0,0.41,37.0,0.59,37.0,0.6,33.0,0.08,0.08,618.792125,1776265506000
1776265508.104,8.104,0.41,37.0,0.4,33.0,0.49,5.0,0.59,37.0,0.51,5.0,0.41,37.0,0.59,37.0,0.6,33.0,0.08,0.08,618.79168,1776265507000
1776265509.291,9.291,0.41,37.0,0.4,33.0,0.49,5.0,0.59,37.0,0.51,5.0,0.41,37.0,0.59,37.0,0.6,33.0,0.08,0.08,618.790465,1776265508000
1776265510.201,10.201,0.41,37.0,0.4,33.0,0.49,5.0,0.59,37.0,0.51,5.0,0.41,37.0,0.59,37.0,0.6,33.0,0.08,0.08,618.801,1776265509000
1776265514.12,14.12,0.51,5.0,0.5,5.0,0.54,13.0,0.55,15.0,0.51,5.0,0.41,37.0,0.59,37.0,0.6,33.0,0.03,0.08,618.805117,1776265513000
1776265522.999,22.999,0.36,5.0,0.35,10.0,0.47,5.0,0.48,10.0,0.46,13.0,0.45,15.0,0.49,5.0,0.5,5.0,0.11,0.03,618.799003,1776265521000
1776265530.652,30.652,0.47,5.0,0.46,10.0,0.5,5.0,0.56,5.0,0.53,5.0,0.52,10.0,0.64,5.0,0.65,10.0,0.03,0.11,618.831577,1776265529000
1776265537.125,37.125,0.49,21.0,0.48,5.0,0.61,10.0,0.62,5.0,0.5,5.0,0.44,5.0,0.53,5.0,0.54,10.0,0.12,0.03,618.827223,1776265536000
1776265543.278,43.278,0.39,5.0,0.38,5.0,0.5,16.0,0.51,10.0,0.39,10.0,0.38,5.0,0.51,21.0,0.52,5.0,0.11,0.12,618.838349,1776265542000
1776265548.438,48.438,0.34,11.0,0.33,5.0,0.36,5.0,0.37,5.0,0.5,16.0,0.49,10.0,0.61,5.0,0.62,5.0,0.02,0.11,618.698906,1776265547000
1776265551.461,51.461,0.25,18.9,0.24,19.3,0.27,5.0,0.28,5.0,0.64,5.0,0.63,5.0,0.66,11.0,0.67,5.0,0.02,0.02,618.692588,1776265550000
1776265554.554,54.554,0.25,5.0,0.22,20.2,0.27,5.0,0.28,5.0,0.73,5.0,0.72,5.0,0.75,18.9,0.76,19.3,0.02,0.02,618.546134,1776265553000
1776265562.436,62.436,0.22,8.81,0.21,20.7,0.27,5.0,0.28,5.0,0.73,5.0,0.72,5.0,0.75,5.0,0.78,20.2,0.05,0.02,618.502873,1776265561000
1776265602.462,102.462,0.13,0.84,0.12,29.6,0.14,5.0,0.15,5.0,0.73,5.0,0.72,5.0,0.78,8.81,0.79,20.7,0.01,0.05,618.304014,1776265601000
1776265619.118,119.118,0.14,5.0,0.13,34.0,0.26,5.0,0.27,5.0,0.86,5.0,0.85,5.0,0.87,0.84,0.88,29.6,0.12,0.01,618.457003,1776265617000
1776265619.882,119.882,0.23,5.0,0.22,5.0,0.25,5.0,0.26,5.0,0.74,5.0,0.73,5.0,0.86,5.0,0.87,34.0,0.02,0.12,618.491,1776265618000
1776265641.382,141.382,0.14,21.6,0.13,28.0,0.16,5.0,0.17,5.0,0.75,5.0,0.74,5.0,0.77,5.0,0.78,5.0,0.02,0.02,618.446361,1776265639000
1776265676.719,176.719,0.02,15.0,0.01,5697.6,0.05,64.7,0.06,51.1,0.84,5.0,0.83,5.0,0.86,21.6,0.87,28.0,0.03,0.02,618.123918,1776265675000
1776265681.072,181.072,0.01,5661.6,,,0.03,99.3,0.04,72.7,0.95,64.7,0.94,51.1,0.98,15.0,0.99,5697.6,0.02,0.03,618.021797,1776265680000
1776265683.665,183.665,0.01,391.97,,,0.02,142.69,0.03,99.3,0.97,99.3,0.96,72.7,0.99,5661.6,,,0.01,0.02,617.98313,1776265682000
1776265684.643,184.643,0.01,652.54,,,0.02,5.0,0.03,99.3,0.98,142.69,0.97,99.3,0.99,391.97,,,0.01,0.01,617.88032,1776265683000
1776265684.844,184.844,0.01,650.51,,,0.02,5.0,0.03,99.3,0.98,5.0,0.97,99.3,0.99,652.54,,,0.01,0.01,617.88032,1776265683000
1776265740.973,240.973,0.01,527.47,,,0.02,15.0,0.03,5.0,0.98,5.0,0.97,99.3,0.99,650.51,,,0.01,0.01,618.19109,1776265739000
1776265755.622,255.622,0.01,252.87,,,0.02,147.69,0.03,94.3,0.98,15.0,0.97,5.0,0.99,527.47,,,0.01,0.01,618.280325,1776265754000
1776265756.055,256.055,0.01,240.87,,,0.02,147.69,0.03,94.3,0.98,147.69,0.97,94.3,0.99,252.87,,,0.01,0.01,618.280325,1776265754000
1776265761.004,261.004,0.01,228.87,,,0.02,147.69,0.03,94.3,0.98,147.69,0.97,94.3,0.99,240.87,,,0.01,0.01,618.299062,1776265758000
1776265763.064,263.064,0.01,216.87,,,0.02,97.69,0.03,94.3,0.98,97.69,0.97,94.3,0.99,228.87,,,0.01,0.01,618.289072,1776265761000
1776265766.278,266.278,0.01,204.87,,,0.02,97.69,0.03,94.3,0.98,97.69,0.97,94.3,0.99,216.87,,,0.01,0.01,618.233219,1776265764000
1776265767.763,267.763,0.01,175.87,,,0.02,97.69,0.03,94.3,0.98,97.69,0.97,94.3,0.99,193.87,,,0.01,0.01,618.2065,1776265766000
1776265768.438,268.438,0.01,174.85,,,0.02,97.69,0.03,94.3,0.98,97.69,0.97,94.3,0.99,175.87,,,0.01,0.01,618.20764,1776265767000
1776265771.0,271.0,0.01,73.84,,,0.02,97.69,0.03,94.3,0.98,97.69,0.97,94.3,0.99,174.85,,,0.01,0.01,618.199864,1776265769000
1776265773.24,273.24,0.01,23.34,,,0.02,97.69,0.03,94.3,0.98,97.69,0.97,94.3,0.99,73.84,,,0.01,0.01,618.188272,1776265771000
1776265784.698,284.698,0.01,21.31,,,0.02,5.0,0.03,5.0,0.98,97.69,0.97,94.3,0.99,23.34,,,0.01,0.01,618.37922,1776265783000
1776265786.196,286.196,0.01,11.2,,,0.02,5.0,0.03,5.0,0.98,5.0,0.97,5.0,0.99,21.31,,,0.01,0.01,618.457261,1776265784000
1776265791.747,291.747,,,,,0.01,620.8,0.02,5.0,0.98,5.0,0.97,5.0,0.99,11.2,,,,0.01,618.491976,1776265790000

# RESULT,winner=Down,slug=bnb-updown-5m-1776265500,ticks=41
