timestamp,elapsed_sec,up_bid_p1,up_bid_s1,up_bid_p2,up_bid_s2,up_ask_p1,up_ask_s1,up_ask_p2,up_ask_s2,down_bid_p1,down_bid_s1,down_bid_p2,down_bid_s2,down_ask_p1,down_ask_s1,down_ask_p2,down_ask_s2,up_spread,down_spread,bnb_price,bnb_oracle_ts
1776192611.428,11.428,0.47,10.0,0.46,11.52,0.57,5.0,0.62,27.91,0.43,5.0,0.38,27.91,0.53,10.0,0.54,11.52,0.1,0.1,613.458,1776192609000
1776192611.864,11.864,0.47,10.0,0.46,11.52,0.57,5.0,0.62,27.91,0.43,5.0,0.38,27.91,0.53,10.0,0.54,11.52,0.1,0.1,613.458,1776192609000
1776192612.088,12.088,0.47,10.0,0.46,11.52,0.57,5.0,0.62,27.91,0.43,5.0,0.38,27.91,0.53,10.0,0.54,11.52,0.1,0.1,613.487215,1776192611000
1776192613.809,13.809,0.47,10.0,0.46,11.52,0.57,5.0,0.62,27.91,0.43,5.0,0.38,27.91,0.53,10.0,0.54,11.52,0.1,0.1,613.559,1776192612000
1776192614.379,14.379,0.47,10.0,0.46,11.52,0.57,5.0,0.62,27.91,0.43,5.0,0.38,27.91,0.53,10.0,0.54,11.52,0.1,0.1,613.55722,1776192613000
1776192615.082,15.082,0.47,10.0,0.46,11.52,0.57,5.0,0.62,27.91,0.43,5.0,0.38,27.91,0.53,10.0,0.54,11.52,0.1,0.1,613.52575,1776192614000
1776192616.728,16.728,0.47,10.0,0.46,11.52,0.57,5.0,0.62,27.91,0.43,5.0,0.38,27.91,0.53,10.0,0.54,11.52,0.1,0.1,613.545,1776192615000
1776192617.07,17.07,0.54,5.0,0.51,55.0,0.62,4.91,0.64,18.0,0.43,5.0,0.38,27.91,0.53,10.0,0.54,11.52,0.08,0.1,613.545,1776192615000
1776192617.462,17.462,0.54,5.0,0.51,55.0,0.62,4.91,0.64,18.0,0.38,4.91,0.36,18.0,0.46,5.0,0.49,55.0,0.08,0.08,613.544,1776192616000
1776192618.173,18.173,0.71,35.09,0.61,76.0,0.72,5.0,0.73,5.0,0.38,4.91,0.36,18.0,0.46,5.0,0.49,55.0,0.01,0.08,613.544,1776192616000
1776192618.376,18.376,0.71,35.09,0.61,76.0,0.72,5.0,0.73,5.0,0.28,5.0,0.27,5.0,0.29,35.09,0.39,76.0,0.01,0.01,613.596189,1776192617000
1776192619.058,19.058,0.69,32.0,0.62,10.0,0.71,5.0,0.72,5.0,0.28,5.0,0.27,5.0,0.29,35.09,0.39,76.0,0.02,0.01,613.596189,1776192617000
1776192619.556,19.556,0.7,36.0,0.62,10.0,0.72,5.0,0.73,5.0,0.29,5.0,0.28,5.0,0.31,32.0,0.38,10.0,0.02,0.02,613.666,1776192618000
1776192620.323,20.323,0.7,36.0,0.62,10.0,0.72,5.0,0.73,5.0,0.28,5.0,0.27,5.0,0.3,36.0,0.38,10.0,0.02,0.02,614.054166,1776192619000
1776192620.709,20.709,0.72,5.0,0.71,29.0,0.89,110.0,0.91,50.0,0.28,5.0,0.27,5.0,0.3,36.0,0.38,10.0,0.17,0.02,614.054166,1776192619000
1776192621.044,21.044,0.72,5.0,0.71,29.0,0.89,110.0,0.91,50.0,0.11,110.0,0.09,50.0,0.28,5.0,0.29,29.0,0.17,0.17,614.173649,1776192620000
1776192621.373,21.373,0.78,5.0,0.72,5.0,0.89,108.0,0.91,50.0,0.11,110.0,0.09,50.0,0.28,5.0,0.29,29.0,0.11,0.17,614.173649,1776192620000
1776192622.382,22.382,0.78,5.0,0.72,5.0,0.89,108.0,0.91,50.0,0.11,108.0,0.09,50.0,0.22,5.0,0.28,5.0,0.11,0.11,614.239676,1776192621000
1776192623.626,23.626,0.78,5.0,0.72,5.0,0.89,108.0,0.91,50.0,0.11,108.0,0.09,50.0,0.22,5.0,0.28,5.0,0.11,0.11,614.2465,1776192622000
1776192624.213,24.213,0.78,5.0,0.72,5.0,0.89,108.0,0.91,50.0,0.11,108.0,0.09,50.0,0.22,5.0,0.28,5.0,0.11,0.11,614.229898,1776192623000
1776192625.557,25.557,0.78,5.0,0.72,5.0,0.89,108.0,0.91,50.0,0.11,108.0,0.09,50.0,0.22,5.0,0.28,5.0,0.11,0.11,614.210891,1776192624000
1776192626.205,26.205,0.78,5.0,0.72,5.0,0.89,108.0,0.91,50.0,0.11,108.0,0.09,50.0,0.22,5.0,0.28,5.0,0.11,0.11,614.20733,1776192625000
1776192626.471,26.471,0.72,5.0,0.67,5.0,0.79,10.0,0.8,25.0,0.11,108.0,0.09,50.0,0.22,5.0,0.28,5.0,0.07,0.11,614.20733,1776192625000
1776192626.772,26.772,0.72,23.0,0.67,5.0,0.79,5.0,0.8,25.0,0.21,10.0,0.2,25.0,0.28,5.0,0.33,5.0,0.07,0.07,614.20733,1776192625000
1776192627.73,27.73,0.72,23.0,0.67,5.0,0.79,5.0,0.8,25.0,0.21,5.0,0.2,25.0,0.28,23.0,0.33,5.0,0.07,0.07,614.259,1776192626000
1776192628.656,28.656,0.72,23.0,0.67,5.0,0.79,5.0,0.8,25.0,0.21,5.0,0.2,25.0,0.28,23.0,0.33,5.0,0.07,0.07,614.301,1776192627000
1776192629.135,29.135,0.72,23.0,0.67,5.0,0.79,5.0,0.8,25.0,0.21,5.0,0.2,25.0,0.28,23.0,0.33,5.0,0.07,0.07,614.330174,1776192628000
1776192629.516,29.516,0.75,2.59,0.73,10.0,0.85,33.0,0.89,98.0,0.14,35.0,0.11,98.0,0.21,19.0,0.29,50.0,0.1,0.07,614.330174,1776192628000
1776192630.178,30.178,0.75,2.59,0.73,10.0,0.85,33.0,0.89,98.0,0.15,33.0,0.11,98.0,0.25,2.59,0.27,10.0,0.1,0.1,614.523151,1776192629000
1776192631.185,31.185,0.75,2.59,0.73,10.0,0.85,33.0,0.89,98.0,0.15,33.0,0.11,98.0,0.25,2.59,0.27,10.0,0.1,0.1,614.541285,1776192630000
1776192632.17,32.17,0.75,2.59,0.73,10.0,0.85,33.0,0.89,98.0,0.15,33.0,0.11,98.0,0.25,2.59,0.27,10.0,0.1,0.1,614.4856,1776192631000
1776192633.319,33.319,0.75,2.59,0.73,10.0,0.85,33.0,0.89,98.0,0.15,33.0,0.11,98.0,0.25,2.59,0.27,10.0,0.1,0.1,614.28298,1776192632000
1776192634.347,34.347,0.75,2.59,0.73,10.0,0.85,33.0,0.89,98.0,0.15,33.0,0.11,98.0,0.25,2.59,0.27,10.0,0.1,0.1,614.3189,1776192633000
1776192635.267,35.267,0.75,2.59,0.73,10.0,0.85,33.0,0.89,98.0,0.15,33.0,0.11,98.0,0.25,2.59,0.27,10.0,0.1,0.1,614.331,1776192634000
1776192635.685,35.685,0.75,4.81,0.71,5.0,0.83,18.39,0.84,19.3,0.15,33.0,0.11,98.0,0.25,2.59,0.27,10.0,0.08,0.1,614.331,1776192634000
1776192636.274,36.274,0.75,4.81,0.71,5.0,0.83,18.39,0.84,19.3,0.17,18.39,0.16,19.3,0.25,4.81,0.29,5.0,0.08,0.08,614.309,1776192635000
1776192637.185,37.185,0.75,4.81,0.71,5.0,0.83,18.39,0.84,19.3,0.17,18.39,0.16,19.3,0.25,4.81,0.29,5.0,0.08,0.08,614.259,1776192636000
1776192638.258,38.258,0.75,4.81,0.71,5.0,0.83,18.39,0.84,19.3,0.17,18.39,0.16,19.3,0.25,4.81,0.29,5.0,0.08,0.08,614.222879,1776192637000
1776192639.45,39.45,0.75,4.81,0.71,5.0,0.83,18.39,0.84,19.3,0.17,18.39,0.16,19.3,0.25,4.81,0.29,5.0,0.08,0.08,614.308,1776192638000
1776192640.277,40.277,0.75,4.81,0.71,5.0,0.83,18.39,0.84,19.3,0.17,18.39,0.16,19.3,0.25,4.81,0.29,5.0,0.08,0.08,614.290832,1776192639000
1776192641.935,41.935,0.75,4.81,0.71,5.0,0.83,18.39,0.84,19.3,0.17,18.39,0.16,19.3,0.25,4.81,0.29,5.0,0.08,0.08,614.237411,1776192641000
1776192643.648,43.648,0.75,4.81,0.71,5.0,0.83,18.39,0.84,19.3,0.17,18.39,0.16,19.3,0.25,4.81,0.29,5.0,0.08,0.08,614.312,1776192642000
1776192644.269,44.269,0.75,4.81,0.71,5.0,0.83,18.39,0.84,19.3,0.17,18.39,0.16,19.3,0.25,4.81,0.29,5.0,0.08,0.08,614.296,1776192643000
1776192645.168,45.168,0.82,12.0,0.76,5.0,0.89,142.1,0.91,31.7,0.16,4.1,0.12,41.0,0.18,5.0,0.21,8.0,0.07,0.02,614.296,1776192643000
1776192645.69,45.69,0.82,12.0,0.76,5.0,0.89,142.1,0.91,31.7,0.11,142.1,0.09,31.7,0.18,12.0,0.24,5.0,0.07,0.07,614.434125,1776192644000
1776192646.299,46.299,0.82,12.0,0.76,5.0,0.89,142.1,0.91,31.7,0.11,142.1,0.09,31.7,0.18,12.0,0.24,5.0,0.07,0.07,614.547043,1776192645000
1776192647.35,47.35,0.82,12.0,0.76,5.0,0.89,142.1,0.91,31.7,0.11,142.1,0.09,31.7,0.18,12.0,0.24,5.0,0.07,0.07,614.560465,1776192646000
1776192647.917,47.917,0.82,12.0,0.76,5.0,0.89,142.1,0.91,31.7,0.11,142.1,0.09,31.7,0.18,12.0,0.24,5.0,0.07,0.07,614.569168,1776192647000
1776192649.29,49.29,0.82,12.0,0.76,5.0,0.89,142.1,0.91,31.7,0.11,142.1,0.09,31.7,0.18,12.0,0.24,5.0,0.07,0.07,614.582,1776192648000
1776192650.092,50.092,0.82,12.0,0.76,5.0,0.89,142.1,0.91,31.7,0.11,142.1,0.09,31.7,0.18,12.0,0.24,5.0,0.07,0.07,614.607792,1776192649000
1776192651.115,51.115,0.82,12.0,0.76,5.0,0.89,142.1,0.91,31.7,0.11,142.1,0.09,31.7,0.18,12.0,0.24,5.0,0.07,0.07,614.607134,1776192650000
1776192652.214,52.214,0.82,12.0,0.76,5.0,0.89,142.1,0.91,31.7,0.11,142.1,0.09,31.7,0.18,12.0,0.24,5.0,0.07,0.07,614.605566,1776192651000
1776192653.409,53.409,0.82,12.0,0.76,5.0,0.89,142.1,0.91,31.7,0.11,142.1,0.09,31.7,0.18,12.0,0.24,5.0,0.07,0.07,614.60477,1776192652000
1776192654.352,54.352,0.82,12.0,0.76,5.0,0.89,142.1,0.91,31.7,0.11,142.1,0.09,31.7,0.18,12.0,0.24,5.0,0.07,0.07,614.603463,1776192653000
1776192655.288,55.288,0.82,12.0,0.76,5.0,0.89,142.1,0.91,31.7,0.11,142.1,0.09,31.7,0.18,12.0,0.24,5.0,0.07,0.07,614.612606,1776192654000
1776192656.011,56.011,0.82,12.0,0.76,5.0,0.89,142.1,0.91,31.7,0.11,142.1,0.09,31.7,0.18,12.0,0.24,5.0,0.07,0.07,614.683423,1776192655000
1776192657.215,57.215,0.82,12.0,0.76,5.0,0.89,142.1,0.91,31.7,0.11,142.1,0.09,31.7,0.18,12.0,0.24,5.0,0.07,0.07,614.68851,1776192656000
1776192658.777,58.777,0.82,12.0,0.76,5.0,0.89,142.1,0.91,31.7,0.11,142.1,0.09,31.7,0.18,12.0,0.24,5.0,0.07,0.07,614.688515,1776192657000
1776192659.698,59.698,0.82,12.0,0.76,5.0,0.89,142.1,0.91,31.7,0.11,142.1,0.09,31.7,0.18,12.0,0.24,5.0,0.07,0.07,614.688515,1776192658000
1776192660.342,60.342,0.82,12.0,0.76,5.0,0.89,142.1,0.91,31.7,0.11,142.1,0.09,31.7,0.18,12.0,0.24,5.0,0.07,0.07,614.694278,1776192659000
1776192661.66,61.66,0.82,12.0,0.76,5.0,0.89,142.1,0.91,31.7,0.11,142.1,0.09,31.7,0.18,12.0,0.24,5.0,0.07,0.07,614.700703,1776192660000
1776192662.322,62.322,0.82,12.0,0.76,5.0,0.89,142.1,0.91,31.7,0.11,142.1,0.09,31.7,0.18,12.0,0.24,5.0,0.07,0.07,614.685637,1776192661000
1776192663.498,63.498,0.82,12.0,0.76,5.0,0.89,142.1,0.91,31.7,0.11,142.1,0.09,31.7,0.18,12.0,0.24,5.0,0.07,0.07,614.67021,1776192662000
1776192664.164,64.164,0.82,12.0,0.76,5.0,0.89,142.1,0.91,31.7,0.11,142.1,0.09,31.7,0.18,12.0,0.24,5.0,0.07,0.07,614.73179,1776192663000
1776192665.556,65.556,0.82,12.0,0.76,5.0,0.89,142.1,0.91,31.7,0.11,142.1,0.09,31.7,0.18,12.0,0.24,5.0,0.07,0.07,614.864,1776192664000
1776192665.949,65.949,0.89,12.0,0.88,5.0,0.9,3.0,0.95,59.7,0.11,142.1,0.09,31.7,0.18,12.0,0.24,5.0,0.01,0.07,614.864,1776192664000
1776192666.258,66.258,0.89,12.0,0.88,5.0,0.9,3.0,0.95,59.7,0.1,3.0,0.05,59.7,0.11,12.0,0.12,5.0,0.01,0.01,614.864,1776192665000
1776192667.562,67.562,0.89,12.0,0.88,5.0,0.9,3.0,0.95,59.7,0.1,3.0,0.05,59.7,0.11,12.0,0.12,5.0,0.01,0.01,614.928,1776192666000
1776192668.14,68.14,0.89,12.0,0.88,5.0,0.9,3.0,0.95,59.7,0.1,3.0,0.05,59.7,0.11,12.0,0.12,5.0,0.01,0.01,614.928,1776192667000
1776192669.497,69.497,0.89,12.0,0.88,5.0,0.9,3.0,0.95,59.7,0.1,3.0,0.05,59.7,0.11,12.0,0.12,5.0,0.01,0.01,614.933,1776192668000
1776192670.16,70.16,0.89,12.0,0.88,5.0,0.9,3.0,0.95,59.7,0.1,3.0,0.05,59.7,0.11,12.0,0.12,5.0,0.01,0.01,614.90857,1776192669000
1776192670.504,70.504,0.89,12.0,0.88,5.0,0.9,6.11,0.95,54.7,0.1,3.0,0.05,59.7,0.11,12.0,0.12,5.0,0.01,0.01,614.90857,1776192669000
1776192671.512,71.512,0.89,12.0,0.88,5.0,0.9,6.11,0.95,54.7,0.1,6.11,0.05,54.7,0.11,12.0,0.12,5.0,0.01,0.01,614.874999,1776192670000
1776192672.177,72.177,0.89,12.0,0.88,5.0,0.9,6.11,0.95,54.7,0.1,6.11,0.05,54.7,0.11,12.0,0.12,5.0,0.01,0.01,614.81128,1776192671000
1776192673.447,73.447,0.89,12.0,0.88,5.0,0.9,6.11,0.95,54.7,0.1,6.11,0.05,54.7,0.11,12.0,0.12,5.0,0.01,0.01,614.801407,1776192672000
1776192674.108,74.108,0.89,12.0,0.88,5.0,0.9,6.11,0.95,54.7,0.1,6.11,0.05,54.7,0.11,12.0,0.12,5.0,0.01,0.01,614.735,1776192673000
1776192675.666,75.666,0.89,12.0,0.88,5.0,0.9,6.11,0.95,54.7,0.1,6.11,0.05,54.7,0.11,12.0,0.12,5.0,0.01,0.01,614.722659,1776192674000
1776192676.21,76.21,0.89,12.0,0.88,5.0,0.9,6.11,0.95,54.7,0.1,6.11,0.05,54.7,0.11,12.0,0.12,5.0,0.01,0.01,614.723617,1776192675000
1776192677.322,77.322,0.89,12.0,0.88,5.0,0.9,6.11,0.95,54.7,0.1,6.11,0.05,54.7,0.11,12.0,0.12,5.0,0.01,0.01,614.722662,1776192676000
1776192678.509,78.509,0.89,12.0,0.88,5.0,0.9,6.11,0.95,54.7,0.1,6.11,0.05,54.7,0.11,12.0,0.12,5.0,0.01,0.01,614.77498,1776192677000
1776192679.154,79.154,0.89,5.0,0.88,5.0,0.92,3.73,0.95,59.7,0.08,3.73,0.05,59.7,0.11,5.0,0.12,5.0,0.03,0.03,614.76932,1776192678000
1776192680.252,80.252,0.89,5.0,0.88,5.0,0.92,3.73,0.95,59.7,0.08,3.73,0.05,59.7,0.11,5.0,0.12,5.0,0.03,0.03,614.77017,1776192679000
1776192681.307,81.307,0.89,5.0,0.88,5.0,0.92,3.73,0.95,59.7,0.08,3.73,0.05,59.7,0.11,5.0,0.12,5.0,0.03,0.03,614.81,1776192680000
1776192682.451,82.451,0.89,5.0,0.88,5.0,0.92,3.73,0.95,59.7,0.08,3.73,0.05,59.7,0.11,5.0,0.12,5.0,0.03,0.03,614.742,1776192681000
1776192683.054,83.054,0.89,5.0,0.88,5.0,0.92,3.73,0.95,59.7,0.08,3.73,0.05,59.7,0.11,5.0,0.12,5.0,0.03,0.03,614.742,1776192682000
1776192684.054,84.054,0.89,5.0,0.88,5.0,0.92,3.73,0.95,59.7,0.08,3.73,0.05,59.7,0.11,5.0,0.12,5.0,0.03,0.03,614.704,1776192683000
1776192685.25,85.25,0.89,5.0,0.88,5.0,0.92,3.73,0.95,59.7,0.08,3.73,0.05,59.7,0.11,5.0,0.12,5.0,0.03,0.03,614.714,1776192684000
1776192686.368,86.368,0.89,5.0,0.88,5.0,0.92,3.73,0.95,59.7,0.08,3.73,0.05,59.7,0.11,5.0,0.12,5.0,0.03,0.03,614.705,1776192685000
1776192686.961,86.961,0.89,5.0,0.88,5.0,0.92,3.73,0.95,59.7,0.08,3.73,0.05,59.7,0.11,5.0,0.12,5.0,0.03,0.03,614.751,1776192686000
1776192687.918,87.918,0.91,1.85,0.9,28.9,0.96,67.7,0.97,127.63,0.08,3.73,0.05,59.7,0.11,5.0,0.12,5.0,0.05,0.03,614.751,1776192686000
1776192689.04,89.04,0.91,1.85,0.9,28.9,0.96,67.7,0.97,127.63,0.04,67.7,0.03,127.63,0.09,1.85,0.1,28.9,0.05,0.05,614.761091,1776192688000
1776192690.132,90.132,0.91,1.85,0.9,28.9,0.96,67.7,0.97,127.63,0.04,67.7,0.03,127.63,0.09,1.85,0.1,28.9,0.05,0.05,614.808,1776192689000
1776192691.531,91.531,0.91,1.85,0.9,28.9,0.96,67.7,0.97,127.63,0.04,67.7,0.03,127.63,0.09,1.85,0.1,28.9,0.05,0.05,614.811,1776192690000
1776192692.081,92.081,0.91,1.85,0.9,28.9,0.96,67.7,0.97,127.63,0.04,67.7,0.03,127.63,0.09,1.85,0.1,28.9,0.05,0.05,614.807296,1776192691000
1776192693.309,93.309,0.91,1.85,0.9,28.9,0.96,67.7,0.97,127.63,0.04,67.7,0.03,127.63,0.09,1.85,0.1,28.9,0.05,0.05,614.847836,1776192692000
1776192694.449,94.449,0.91,1.85,0.9,28.9,0.96,67.7,0.97,127.63,0.04,67.7,0.03,127.63,0.09,1.85,0.1,28.9,0.05,0.05,615.034364,1776192693000
1776192694.985,94.985,0.91,1.85,0.9,28.9,0.96,67.7,0.97,127.63,0.04,67.7,0.03,127.63,0.09,1.85,0.1,28.9,0.05,0.05,615.032724,1776192694000
1776192696.032,96.032,0.91,1.85,0.9,28.9,0.96,67.7,0.97,127.63,0.04,67.7,0.03,127.63,0.09,1.85,0.1,28.9,0.05,0.05,614.999,1776192695000
1776192697.198,97.198,0.91,1.85,0.9,28.9,0.96,67.7,0.97,127.63,0.04,67.7,0.03,127.63,0.09,1.85,0.1,28.9,0.05,0.05,614.940502,1776192696000
1776192698.328,98.328,0.91,1.85,0.9,28.9,0.96,67.7,0.97,127.63,0.04,67.7,0.03,127.63,0.09,1.85,0.1,28.9,0.05,0.05,614.985,1776192697000
1776192699.485,99.485,0.91,1.85,0.9,28.9,0.96,67.7,0.97,127.63,0.04,67.7,0.03,127.63,0.09,1.85,0.1,28.9,0.05,0.05,615.04463,1776192698000
1776192700.04,100.04,0.91,1.85,0.9,28.9,0.96,67.7,0.97,127.63,0.04,67.7,0.03,127.63,0.09,1.85,0.1,28.9,0.05,0.05,615.076,1776192699000
1776192701.208,101.208,0.91,1.85,0.9,28.9,0.96,67.7,0.97,127.63,0.04,67.7,0.03,127.63,0.09,1.85,0.1,28.9,0.05,0.05,615.122,1776192700000
1776192702.287,102.287,0.91,1.85,0.9,28.9,0.96,67.7,0.97,127.63,0.04,67.7,0.03,127.63,0.09,1.85,0.1,28.9,0.05,0.05,615.077,1776192701000
1776192703.636,103.636,0.91,1.85,0.9,28.9,0.96,67.7,0.97,127.63,0.04,67.7,0.03,127.63,0.09,1.85,0.1,28.9,0.05,0.05,615.036616,1776192702000
1776192704.21,104.21,0.91,1.85,0.9,28.9,0.96,67.7,0.97,127.63,0.04,67.7,0.03,127.63,0.09,1.85,0.1,28.9,0.05,0.05,615.037273,1776192703000
1776192705.049,105.049,0.95,48.88,0.94,46.1,0.97,33.33,0.98,146.69,0.04,67.7,0.03,127.63,0.09,1.85,0.1,28.9,0.02,0.05,615.037273,1776192703000
1776192706.215,106.215,0.95,48.88,0.94,46.1,0.97,33.33,0.98,146.69,0.03,33.33,0.02,146.69,0.05,48.88,0.06,46.1,0.02,0.02,615.037827,1776192705000
1776192707.197,107.197,0.95,48.88,0.94,46.1,0.97,33.33,0.98,146.69,0.03,33.33,0.02,146.69,0.05,48.88,0.06,46.1,0.02,0.02,615.037106,1776192706000
1776192708.341,108.341,0.96,65.1,0.95,48.88,0.97,33.33,0.98,146.69,0.03,33.33,0.02,146.69,0.04,65.1,0.05,48.88,0.01,0.01,615.056252,1776192707000
1776192709.4,109.4,0.96,65.1,0.95,48.88,0.97,33.33,0.98,146.69,0.03,33.33,0.02,146.69,0.04,65.1,0.05,48.88,0.01,0.01,615.063,1776192708000
1776192710.007,110.007,0.96,65.1,0.95,48.88,0.97,33.33,0.98,146.69,0.03,33.33,0.02,146.69,0.04,65.1,0.05,48.88,0.01,0.01,615.063,1776192709000
1776192710.994,110.994,0.96,65.1,0.95,48.88,0.97,33.33,0.98,146.69,0.03,33.33,0.02,146.69,0.04,65.1,0.05,48.88,0.01,0.01,615.066,1776192710000
1776192712.148,112.148,0.96,65.1,0.95,48.88,0.97,33.33,0.98,146.69,0.03,33.33,0.02,146.69,0.04,65.1,0.05,48.88,0.01,0.01,615.069,1776192711000
1776192712.359,112.359,0.96,65.1,0.95,48.88,0.97,18.49,0.98,14.0,0.03,33.33,0.02,146.69,0.04,65.1,0.05,48.88,0.01,0.01,615.069,1776192711000
1776192713.068,113.068,0.96,65.1,0.95,48.88,0.97,18.49,0.98,14.0,0.03,18.49,0.02,14.0,0.04,65.1,0.05,48.88,0.01,0.01,615.096,1776192712000
1776192714.165,114.165,0.96,65.1,0.95,48.88,0.97,18.49,0.98,14.0,0.03,18.49,0.02,14.0,0.04,65.1,0.05,48.88,0.01,0.01,615.129,1776192713000
1776192715.202,115.202,0.96,65.1,0.95,48.88,0.97,18.49,0.98,14.0,0.03,18.49,0.02,14.0,0.04,65.1,0.05,48.88,0.01,0.01,615.129,1776192714000
1776192716.267,116.267,0.96,65.1,0.95,48.88,0.97,18.49,0.98,14.0,0.03,18.49,0.02,14.0,0.04,65.1,0.05,48.88,0.01,0.01,615.143,1776192715000
1776192717.255,117.255,0.96,65.1,0.95,48.88,0.97,18.49,0.98,14.0,0.03,18.49,0.02,14.0,0.04,65.1,0.05,48.88,0.01,0.01,615.147,1776192716000
1776192718.857,118.857,0.96,65.1,0.95,48.88,0.97,18.49,0.98,14.0,0.03,18.49,0.02,14.0,0.04,65.1,0.05,48.88,0.01,0.01,615.167576,1776192717000
1776192719.425,119.425,0.96,65.1,0.95,48.88,0.97,18.49,0.98,14.0,0.03,18.49,0.02,14.0,0.04,65.1,0.05,48.88,0.01,0.01,615.167576,1776192718000
1776192719.93,119.93,0.96,65.1,0.95,48.88,0.97,18.49,0.98,14.0,0.03,18.49,0.02,14.0,0.04,65.1,0.05,48.88,0.01,0.01,615.164948,1776192719000
1776192720.941,120.941,0.96,65.1,0.95,48.88,0.97,18.49,0.98,14.0,0.03,18.49,0.02,14.0,0.04,65.1,0.05,48.88,0.01,0.01,615.168417,1776192720000
1776192722.087,122.087,0.96,65.1,0.95,48.88,0.97,18.49,0.98,14.0,0.03,18.49,0.02,14.0,0.04,65.1,0.05,48.88,0.01,0.01,615.171119,1776192721000
1776192723.201,123.201,0.96,65.1,0.95,48.88,0.97,18.49,0.98,14.0,0.03,18.49,0.02,14.0,0.04,65.1,0.05,48.88,0.01,0.01,615.157,1776192722000
1776192724.219,124.219,0.96,65.1,0.95,48.88,0.97,18.49,0.98,14.0,0.03,18.49,0.02,14.0,0.04,65.1,0.05,48.88,0.01,0.01,615.174,1776192723000
1776192725.129,125.129,0.96,65.1,0.95,48.88,0.97,13.33,0.98,14.0,0.03,18.49,0.02,14.0,0.04,65.1,0.05,48.88,0.01,0.01,615.174,1776192723000
1776192726.246,126.246,0.96,65.1,0.95,48.88,0.97,13.33,0.98,14.0,0.03,13.33,0.02,14.0,0.04,65.1,0.05,48.88,0.01,0.01,615.14,1776192725000
1776192727.304,127.304,0.96,65.1,0.95,48.88,0.97,13.33,0.98,14.0,0.03,13.33,0.02,14.0,0.04,65.1,0.05,48.88,0.01,0.01,615.120176,1776192726000
1776192728.44,128.44,0.96,65.1,0.95,48.88,0.97,13.33,0.98,14.0,0.03,13.33,0.02,14.0,0.04,65.1,0.05,48.88,0.01,0.01,615.049,1776192727000
1776192728.9,128.9,0.96,65.1,0.95,48.88,0.97,13.33,0.98,14.0,0.03,13.33,0.02,14.0,0.04,65.1,0.05,48.88,0.01,0.01,615.060225,1776192728000
1776192729.925,129.925,0.96,65.1,0.95,48.88,0.97,13.33,0.98,14.0,0.03,13.33,0.02,14.0,0.04,65.1,0.05,48.88,0.01,0.01,615.023906,1776192729000
1776192730.862,130.862,0.96,65.1,0.95,48.88,0.97,13.33,0.98,14.0,0.03,13.33,0.02,14.0,0.04,65.1,0.05,48.88,0.01,0.01,615.023378,1776192730000
1776192732.372,132.372,0.96,65.1,0.95,48.88,0.97,13.33,0.98,14.0,0.03,13.33,0.02,14.0,0.04,65.1,0.05,48.88,0.01,0.01,615.023102,1776192731000
1776192732.875,132.875,0.96,65.1,0.95,48.88,0.97,13.33,0.98,14.0,0.03,13.33,0.02,14.0,0.04,65.1,0.05,48.88,0.01,0.01,615.02373,1776192732000
1776192733.849,133.849,0.96,65.1,0.95,48.88,0.97,13.33,0.98,14.0,0.03,13.33,0.02,14.0,0.04,65.1,0.05,48.88,0.01,0.01,615.02373,1776192733000
1776192734.918,134.918,0.96,65.1,0.95,48.88,0.97,13.33,0.98,14.0,0.03,13.33,0.02,14.0,0.04,65.1,0.05,48.88,0.01,0.01,615.023035,1776192734000
1776192736.019,136.019,0.96,65.1,0.95,48.88,0.97,13.33,0.98,14.0,0.03,13.33,0.02,14.0,0.04,65.1,0.05,48.88,0.01,0.01,615.018417,1776192735000
1776192736.943,136.943,0.96,65.1,0.95,48.88,0.97,13.33,0.98,14.0,0.03,13.33,0.02,14.0,0.04,65.1,0.05,48.88,0.01,0.01,615.018249,1776192736000
1776192737.946,137.946,0.96,65.1,0.95,48.88,0.97,13.33,0.98,14.0,0.03,13.33,0.02,14.0,0.04,65.1,0.05,48.88,0.01,0.01,615.011394,1776192737000
1776192738.964,138.964,0.96,65.1,0.95,48.88,0.97,13.33,0.98,14.0,0.03,13.33,0.02,14.0,0.04,65.1,0.05,48.88,0.01,0.01,614.968904,1776192738000
1776192739.936,139.936,0.96,65.1,0.95,48.88,0.97,13.33,0.98,14.0,0.03,13.33,0.02,14.0,0.04,65.1,0.05,48.88,0.01,0.01,614.970768,1776192739000
1776192740.89,140.89,0.96,65.1,0.95,48.88,0.97,13.33,0.98,14.0,0.03,13.33,0.02,14.0,0.04,65.1,0.05,48.88,0.01,0.01,614.972462,1776192740000
1776192742.088,142.088,0.96,65.1,0.95,48.88,0.97,13.33,0.98,14.0,0.03,13.33,0.02,14.0,0.04,65.1,0.05,48.88,0.01,0.01,615.064,1776192741000
1776192742.301,142.301,0.96,65.1,0.95,48.88,0.97,12.44,0.98,14.0,0.03,13.33,0.02,14.0,0.04,65.1,0.05,48.88,0.01,0.01,615.064,1776192741000
1776192743.045,143.045,0.96,65.1,0.95,48.88,0.97,12.44,0.98,14.0,0.03,12.44,0.02,14.0,0.04,65.1,0.05,48.88,0.01,0.01,615.052,1776192742000
1776192744.044,144.044,0.96,65.1,0.95,48.88,0.97,12.44,0.98,14.0,0.03,12.44,0.02,14.0,0.04,65.1,0.05,48.88,0.01,0.01,615.053,1776192743000
1776192744.279,144.279,0.96,65.1,0.95,48.88,0.97,6.54,0.98,14.0,0.03,12.44,0.02,14.0,0.04,65.1,0.05,48.88,0.01,0.01,615.053,1776192743000
1776192745.628,145.628,0.96,65.1,0.95,48.88,0.97,6.54,0.98,14.0,0.03,6.54,0.02,14.0,0.04,65.1,0.05,48.88,0.01,0.01,615.048,1776192744000
1776192746.132,146.132,0.96,65.1,0.95,48.88,0.97,6.54,0.98,14.0,0.03,6.54,0.02,14.0,0.04,65.1,0.05,48.88,0.01,0.01,615.04315,1776192745000
1776192747.241,147.241,0.96,65.1,0.95,48.88,0.97,6.54,0.98,14.0,0.03,6.54,0.02,14.0,0.04,65.1,0.05,48.88,0.01,0.01,615.04,1776192746000
1776192747.576,147.576,0.96,65.1,0.95,48.88,0.98,14.0,0.99,825.6,0.03,6.54,0.02,14.0,0.04,65.1,0.05,48.88,0.02,0.01,615.04,1776192746000
1776192748.269,148.269,0.96,65.1,0.95,48.88,0.98,14.0,0.99,825.6,0.02,14.0,0.01,825.6,0.04,65.1,0.05,48.88,0.02,0.02,615.015,1776192747000
1776192749.26,149.26,0.96,65.1,0.95,48.88,0.98,14.0,0.99,825.6,0.02,14.0,0.01,825.6,0.04,65.1,0.05,48.88,0.02,0.02,615.007,1776192748000
1776192750.218,150.218,0.96,65.1,0.95,48.88,0.98,14.0,0.99,825.6,0.02,14.0,0.01,825.6,0.04,65.1,0.05,48.88,0.02,0.02,614.63184,1776192749000
1776192751.209,151.209,0.96,65.1,0.95,48.88,0.98,14.0,0.99,825.6,0.02,14.0,0.01,825.6,0.04,65.1,0.05,48.88,0.02,0.02,614.605529,1776192750000
1776192752.268,152.268,0.96,65.1,0.95,48.88,0.98,14.0,0.99,825.6,0.02,14.0,0.01,825.6,0.04,65.1,0.05,48.88,0.02,0.02,614.671,1776192751000
1776192753.364,153.364,0.96,65.1,0.95,48.88,0.98,14.0,0.99,825.6,0.02,14.0,0.01,825.6,0.04,65.1,0.05,48.88,0.02,0.02,614.617523,1776192752000
1776192753.963,153.963,0.96,65.1,0.95,48.88,0.98,14.0,0.99,825.6,0.02,14.0,0.01,825.6,0.04,65.1,0.05,48.88,0.02,0.02,614.608,1776192753000
1776192754.961,154.961,0.96,65.1,0.95,48.88,0.98,14.0,0.99,825.6,0.02,14.0,0.01,825.6,0.04,65.1,0.05,48.88,0.02,0.02,614.603,1776192754000
1776192755.984,155.984,0.96,65.1,0.95,48.88,0.98,14.0,0.99,825.6,0.02,14.0,0.01,825.6,0.04,65.1,0.05,48.88,0.02,0.02,614.607,1776192755000
1776192757.001,157.001,0.96,65.1,0.95,48.88,0.98,14.0,0.99,825.6,0.02,14.0,0.01,825.6,0.04,65.1,0.05,48.88,0.02,0.02,614.600507,1776192756000
1776192758.058,158.058,0.96,65.1,0.95,48.88,0.98,14.0,0.99,825.6,0.02,14.0,0.01,825.6,0.04,65.1,0.05,48.88,0.02,0.02,614.601004,1776192757000
1776192759.142,159.142,0.96,65.1,0.95,48.88,0.98,14.0,0.99,825.6,0.02,14.0,0.01,825.6,0.04,65.1,0.05,48.88,0.02,0.02,614.602967,1776192758000
1776192760.288,160.288,0.96,65.1,0.95,48.88,0.98,14.0,0.99,825.6,0.02,14.0,0.01,825.6,0.04,65.1,0.05,48.88,0.02,0.02,614.610395,1776192759000
1776192761.307,161.307,0.96,65.1,0.95,48.88,0.98,14.0,0.99,825.6,0.02,14.0,0.01,825.6,0.04,65.1,0.05,48.88,0.02,0.02,614.610393,1776192760000
1776192762.304,162.304,0.96,65.1,0.95,48.88,0.98,14.0,0.99,825.6,0.02,14.0,0.01,825.6,0.04,65.1,0.05,48.88,0.02,0.02,614.610566,1776192761000
1776192763.476,163.476,0.96,65.1,0.95,48.88,0.98,14.0,0.99,825.6,0.02,14.0,0.01,825.6,0.04,65.1,0.05,48.88,0.02,0.02,614.610598,1776192762000
1776192763.99,163.99,0.96,65.1,0.95,48.88,0.98,14.0,0.99,825.6,0.02,14.0,0.01,825.6,0.04,65.1,0.05,48.88,0.02,0.02,614.610598,1776192763000
1776192765.142,165.142,0.96,65.1,0.95,48.88,0.98,14.0,0.99,825.6,0.02,14.0,0.01,825.6,0.04,65.1,0.05,48.88,0.02,0.02,614.613559,1776192764000
1776192766.135,166.135,0.96,65.1,0.95,48.88,0.98,14.0,0.99,825.6,0.02,14.0,0.01,825.6,0.04,65.1,0.05,48.88,0.02,0.02,614.601963,1776192765000
1776192767.056,167.056,0.96,65.1,0.95,48.88,0.98,14.0,0.99,825.6,0.02,14.0,0.01,825.6,0.04,65.1,0.05,48.88,0.02,0.02,614.596558,1776192766000
1776192768.107,168.107,0.96,65.1,0.95,48.88,0.98,14.0,0.99,825.6,0.02,14.0,0.01,825.6,0.04,65.1,0.05,48.88,0.02,0.02,614.591698,1776192767000
1776192769.146,169.146,0.96,65.1,0.95,48.88,0.98,14.0,0.99,825.6,0.02,14.0,0.01,825.6,0.04,65.1,0.05,48.88,0.02,0.02,614.589289,1776192768000
1776192770.176,170.176,0.96,65.1,0.95,48.88,0.98,14.0,0.99,825.6,0.02,14.0,0.01,825.6,0.04,65.1,0.05,48.88,0.02,0.02,614.589225,1776192769000
1776192771.277,171.277,0.96,65.1,0.95,48.88,0.98,14.0,0.99,825.6,0.02,14.0,0.01,825.6,0.04,65.1,0.05,48.88,0.02,0.02,614.589294,1776192770000
1776192772.984,172.984,0.96,65.1,0.95,48.88,0.98,14.0,0.99,825.6,0.02,14.0,0.01,825.6,0.04,65.1,0.05,48.88,0.02,0.02,614.590169,1776192771000
1776192773.602,173.602,0.96,65.1,0.95,48.88,0.98,14.0,0.99,825.6,0.02,14.0,0.01,825.6,0.04,65.1,0.05,48.88,0.02,0.02,614.590016,1776192772000
1776192774.257,174.257,0.96,65.1,0.95,48.88,0.98,14.0,0.99,825.6,0.02,14.0,0.01,825.6,0.04,65.1,0.05,48.88,0.02,0.02,614.588321,1776192773000
1776192775.531,175.531,0.96,65.1,0.95,48.88,0.98,14.0,0.99,825.6,0.02,14.0,0.01,825.6,0.04,65.1,0.05,48.88,0.02,0.02,614.588018,1776192774000
1776192776.299,176.299,0.96,65.1,0.95,48.88,0.98,14.0,0.99,825.6,0.02,14.0,0.01,825.6,0.04,65.1,0.05,48.88,0.02,0.02,614.588459,1776192775000
1776192776.998,176.998,0.96,65.1,0.95,48.88,0.98,14.0,0.99,825.6,0.02,14.0,0.01,825.6,0.04,65.1,0.05,48.88,0.02,0.02,614.588499,1776192776000
1776192778.332,178.332,0.96,65.1,0.95,48.88,0.98,14.0,0.99,825.6,0.02,14.0,0.01,825.6,0.04,65.1,0.05,48.88,0.02,0.02,614.587713,1776192777000
1776192779.606,179.606,0.96,65.1,0.95,48.88,0.98,14.0,0.99,825.6,0.02,14.0,0.01,825.6,0.04,65.1,0.05,48.88,0.02,0.02,614.587711,1776192778000
1776192780.326,180.326,0.96,65.1,0.95,48.88,0.98,14.0,0.99,825.6,0.02,14.0,0.01,825.6,0.04,65.1,0.05,48.88,0.02,0.02,614.591907,1776192779000
1776192780.965,180.965,0.96,65.1,0.95,48.88,0.98,14.0,0.99,825.6,0.02,14.0,0.01,825.6,0.04,65.1,0.05,48.88,0.02,0.02,614.592771,1776192780000
1776192781.465,181.465,0.94,46.1,0.93,39.9,0.96,2.91,0.97,89.3,0.02,14.0,0.01,825.6,0.04,65.1,0.05,48.88,0.02,0.02,614.592771,1776192780000
1776192782.399,182.399,0.94,46.1,0.93,39.9,0.96,2.91,0.97,89.3,0.04,2.91,0.03,89.3,0.06,46.1,0.07,39.9,0.02,0.02,614.593682,1776192781000
1776192783.151,183.151,0.94,46.1,0.93,39.9,0.96,2.91,0.97,89.3,0.04,2.91,0.03,89.3,0.06,46.1,0.07,39.9,0.02,0.02,614.597954,1776192782000
1776192784.554,184.554,0.94,46.1,0.93,39.9,0.96,2.91,0.97,89.3,0.04,2.91,0.03,89.3,0.06,46.1,0.07,39.9,0.02,0.02,614.597954,1776192783000
1776192785.241,185.241,0.94,46.1,0.93,39.9,0.96,2.91,0.97,89.3,0.04,2.91,0.03,89.3,0.06,46.1,0.07,39.9,0.02,0.02,614.597954,1776192784000
1776192786.837,186.837,0.94,46.1,0.93,39.9,0.96,2.91,0.97,89.3,0.04,2.91,0.03,89.3,0.06,46.1,0.07,39.9,0.02,0.02,614.600085,1776192785000
1776192787.653,187.653,0.94,46.1,0.93,39.9,0.96,2.91,0.97,89.3,0.04,2.91,0.03,89.3,0.06,46.1,0.07,39.9,0.02,0.02,614.600002,1776192786000
1776192788.336,188.336,0.94,46.1,0.93,39.9,0.96,2.91,0.97,89.3,0.04,2.91,0.03,89.3,0.06,46.1,0.07,39.9,0.02,0.02,614.599932,1776192787000
1776192789.0,189.0,0.94,46.1,0.93,39.9,0.96,2.91,0.97,89.3,0.04,2.91,0.03,89.3,0.06,46.1,0.07,39.9,0.02,0.02,614.599987,1776192788000
1776192790.923,190.923,0.94,46.1,0.93,39.9,0.96,2.91,0.97,89.3,0.04,2.91,0.03,89.3,0.06,46.1,0.07,39.9,0.02,0.02,614.603594,1776192789000
1776192791.417,191.417,0.94,46.1,0.93,39.9,0.96,2.91,0.97,89.3,0.04,2.91,0.03,89.3,0.06,46.1,0.07,39.9,0.02,0.02,614.605086,1776192790000
1776192791.966,191.966,0.94,46.1,0.93,39.9,0.96,2.91,0.97,89.3,0.04,2.91,0.03,89.3,0.06,46.1,0.07,39.9,0.02,0.02,614.605086,1776192791000
1776192793.09,193.09,0.94,46.1,0.93,39.9,0.96,2.91,0.97,89.3,0.04,2.91,0.03,89.3,0.06,46.1,0.07,39.9,0.02,0.02,614.605519,1776192792000
1776192794.057,194.057,0.94,46.1,0.93,39.9,0.96,2.91,0.97,89.3,0.04,2.91,0.03,89.3,0.06,46.1,0.07,39.9,0.02,0.02,614.605519,1776192793000
1776192794.527,194.527,0.95,54.7,0.94,46.1,0.96,0.82,0.98,5.0,0.04,2.91,0.03,89.3,0.06,46.1,0.07,39.9,0.01,0.02,614.605519,1776192793000
1776192795.146,195.146,0.95,54.7,0.94,46.1,0.96,0.82,0.98,5.0,0.04,0.82,0.02,5.0,0.05,54.7,0.06,46.1,0.01,0.01,614.607611,1776192794000
1776192796.247,196.247,0.95,54.7,0.94,46.1,0.96,0.82,0.98,5.0,0.04,0.82,0.02,5.0,0.05,54.7,0.06,46.1,0.01,0.01,614.607314,1776192795000
1776192797.254,197.254,0.95,54.7,0.94,46.1,0.96,0.82,0.98,5.0,0.04,0.82,0.02,5.0,0.05,54.7,0.06,46.1,0.01,0.01,614.605812,1776192796000
1776192798.476,198.476,0.95,54.7,0.94,46.1,0.96,0.82,0.98,5.0,0.04,0.82,0.02,5.0,0.05,54.7,0.06,46.1,0.01,0.01,614.604356,1776192797000
1776192798.87,198.87,0.95,54.7,0.94,46.1,0.96,0.82,0.98,5.0,0.04,0.82,0.02,5.0,0.05,54.7,0.06,46.1,0.01,0.01,614.604644,1776192798000
1776192799.952,199.952,0.95,54.7,0.94,46.1,0.96,0.82,0.98,5.0,0.04,0.82,0.02,5.0,0.05,54.7,0.06,46.1,0.01,0.01,614.605101,1776192799000
1776192800.876,200.876,0.95,54.7,0.94,46.1,0.99,422.42,,,0.04,0.82,0.02,5.0,0.05,54.7,0.06,46.1,0.04,0.01,614.605101,1776192799000
1776192801.909,201.909,0.95,54.7,0.94,46.1,0.99,422.42,,,0.01,422.42,,,0.05,54.7,0.06,46.1,0.04,0.04,614.640061,1776192801000
1776192803.01,203.01,0.95,54.7,0.94,46.1,0.99,422.42,,,0.01,422.42,,,0.05,54.7,0.06,46.1,0.04,0.04,614.709294,1776192802000
1776192803.323,203.323,0.98,132.69,0.97,89.3,0.99,416.42,,,0.01,422.42,,,0.05,54.7,0.06,46.1,0.01,0.04,614.709294,1776192802000
1776192804.561,204.561,0.98,132.69,0.97,89.3,0.99,416.42,,,0.01,416.42,,,0.02,132.69,0.03,89.3,0.01,0.01,614.709294,1776192803000
1776192805.098,205.098,0.98,132.69,0.97,89.3,0.99,416.42,,,0.01,416.42,,,0.02,132.69,0.03,89.3,0.01,0.01,614.73083,1776192804000
1776192806.287,206.287,0.98,132.69,0.97,89.3,0.99,416.42,,,0.01,416.42,,,0.02,132.69,0.03,89.3,0.01,0.01,614.732331,1776192805000
1776192806.754,206.754,0.99,26.18,0.98,132.69,,,,,0.01,416.42,,,0.02,132.69,0.03,89.3,,0.01,614.732331,1776192805000
1776192808.107,208.107,0.99,26.18,0.98,132.69,,,,,,,,,0.01,26.18,0.02,132.69,,,614.7617,1776192807000
1776192809.128,209.128,0.99,26.18,0.98,132.69,,,,,,,,,0.01,26.18,0.02,132.69,,,615.040642,1776192808000
1776192810.478,210.478,0.99,26.18,0.98,132.69,,,,,,,,,0.01,26.18,0.02,132.69,,,615.171521,1776192809000
1776192811.048,211.048,0.99,26.18,0.98,132.69,,,,,,,,,0.01,26.18,0.02,132.69,,,615.171398,1776192810000
1776192812.081,212.081,0.99,26.18,0.98,132.69,,,,,,,,,0.01,26.18,0.02,132.69,,,615.154615,1776192811000
1776192813.178,213.178,0.99,26.18,0.98,132.69,,,,,,,,,0.01,26.18,0.02,132.69,,,615.01956,1776192812000
1776192814.62,214.62,0.99,26.18,0.98,132.69,,,,,,,,,0.01,26.18,0.02,132.69,,,614.894015,1776192813000
1776192815.189,215.189,0.99,26.18,0.98,132.69,,,,,,,,,0.01,26.18,0.02,132.69,,,614.8944,1776192814000
1776192816.32,216.32,0.99,26.18,0.98,132.69,,,,,,,,,0.01,26.18,0.02,132.69,,,614.894347,1776192815000
1776192817.386,217.386,0.99,26.18,0.98,132.69,,,,,,,,,0.01,26.18,0.02,132.69,,,614.893881,1776192816000
1776192817.969,217.969,0.99,26.18,0.98,132.69,,,,,,,,,0.01,26.18,0.02,132.69,,,614.893881,1776192817000
1776192819.741,219.741,0.99,26.18,0.98,132.69,,,,,,,,,0.01,26.18,0.02,132.69,,,614.92,1776192818000
1776192820.235,220.235,0.99,26.18,0.98,132.69,,,,,,,,,0.01,26.18,0.02,132.69,,,614.92,1776192819000
1776192821.317,221.317,0.99,26.18,0.98,132.69,,,,,,,,,0.01,26.18,0.02,132.69,,,614.938,1776192820000
1776192821.959,221.959,0.99,26.18,0.98,132.69,,,,,,,,,0.01,26.18,0.02,132.69,,,614.938,1776192821000
1776192823.024,223.024,0.99,26.18,0.98,132.69,,,,,,,,,0.01,26.18,0.02,132.69,,,614.934,1776192822000
1776192824.159,224.159,0.99,26.18,0.98,132.69,,,,,,,,,0.01,26.18,0.02,132.69,,,614.901775,1776192823000
1776192825.234,225.234,0.99,26.18,0.98,132.69,,,,,,,,,0.01,26.18,0.02,132.69,,,614.901678,1776192824000
1776192826.373,226.373,0.99,26.18,0.98,132.69,,,,,,,,,0.01,26.18,0.02,132.69,,,614.901321,1776192825000
1776192827.436,227.436,0.99,26.18,0.98,132.69,,,,,,,,,0.01,26.18,0.02,132.69,,,614.945808,1776192826000
1776192828.11,228.11,0.99,26.18,0.98,132.69,,,,,,,,,0.01,26.18,0.02,132.69,,,614.944975,1776192827000
1776192829.103,229.103,0.99,26.18,0.98,132.69,,,,,,,,,0.01,26.18,0.02,132.69,,,614.943722,1776192828000
1776192830.233,230.233,0.99,26.18,0.98,132.69,,,,,,,,,0.01,26.18,0.02,132.69,,,614.950269,1776192829000
1776192831.385,231.385,0.99,26.18,0.98,132.69,,,,,,,,,0.01,26.18,0.02,132.69,,,614.950227,1776192830000
1776192832.009,232.009,0.99,26.18,0.98,132.69,,,,,,,,,0.01,26.18,0.02,132.69,,,614.983465,1776192831000
1776192833.121,233.121,0.99,26.18,0.98,132.69,,,,,,,,,0.01,26.18,0.02,132.69,,,614.993208,1776192832000
1776192834.337,234.337,0.99,26.18,0.98,132.69,,,,,,,,,0.01,26.18,0.02,132.69,,,615.001938,1776192833000
1776192835.153,235.153,0.99,26.18,0.98,132.69,,,,,,,,,0.01,26.18,0.02,132.69,,,615.001584,1776192834000
1776192836.889,236.889,0.99,26.18,0.98,132.69,,,,,,,,,0.01,26.18,0.02,132.69,,,615.000431,1776192835000
1776192837.585,237.585,0.99,26.18,0.98,132.69,,,,,,,,,0.01,26.18,0.02,132.69,,,615.000416,1776192836000
1776192838.55,238.55,0.99,26.18,0.98,132.69,,,,,,,,,0.01,26.18,0.02,132.69,,,614.994544,1776192837000
1776192839.451,239.451,0.99,26.18,0.98,132.69,,,,,,,,,0.01,26.18,0.02,132.69,,,614.994364,1776192838000
1776192840.132,240.132,0.99,26.18,0.98,132.69,,,,,,,,,0.01,26.18,0.02,132.69,,,614.996117,1776192839000
1776192841.491,241.491,0.99,26.18,0.98,132.69,,,,,,,,,0.01,26.18,0.02,132.69,,,614.996761,1776192840000
1776192842.161,242.161,0.99,26.18,0.98,132.69,,,,,,,,,0.01,26.18,0.02,132.69,,,614.997259,1776192841000
1776192844.118,244.118,0.99,26.18,0.98,132.69,,,,,,,,,0.01,26.18,0.02,132.69,,,614.997212,1776192842000
1776192845.154,245.154,0.99,26.18,0.98,132.69,,,,,,,,,0.01,26.18,0.02,132.69,,,614.996359,1776192843000
1776192845.986,245.986,0.99,26.18,0.98,132.69,,,,,,,,,0.01,26.18,0.02,132.69,,,614.996359,1776192844000
1776192847.048,247.048,0.99,26.18,0.98,132.69,,,,,,,,,0.01,26.18,0.02,132.69,,,614.992369,1776192845000
1776192848.054,248.054,0.99,26.18,0.98,132.69,,,,,,,,,0.01,26.18,0.02,132.69,,,614.992735,1776192846000
1776192849.04,249.04,0.99,26.18,0.98,132.69,,,,,,,,,0.01,26.18,0.02,132.69,,,614.988062,1776192847000
1776192850.006,250.006,0.99,26.18,0.98,132.69,,,,,,,,,0.01,26.18,0.02,132.69,,,614.984541,1776192848000
1776192850.841,250.841,0.99,26.18,0.98,132.69,,,,,,,,,0.01,26.18,0.02,132.69,,,614.931406,1776192849000
1776192851.614,251.614,0.99,26.18,0.98,132.69,,,,,,,,,0.01,26.18,0.02,132.69,,,614.859108,1776192850000
1776192852.366,252.366,0.99,26.18,0.98,132.69,,,,,,,,,0.01,26.18,0.02,132.69,,,614.836,1776192851000
1776192853.156,253.156,0.99,26.18,0.98,132.69,,,,,,,,,0.01,26.18,0.02,132.69,,,614.811,1776192852000
1776192854.616,254.616,0.99,26.18,0.98,132.69,,,,,,,,,0.01,26.18,0.02,132.69,,,614.809,1776192853000
1776192855.813,255.813,0.99,26.18,0.98,132.69,,,,,,,,,0.01,26.18,0.02,132.69,,,614.788649,1776192854000
1776192856.619,256.619,0.99,26.18,0.98,132.69,,,,,,,,,0.01,26.18,0.02,132.69,,,614.788588,1776192855000
1776192857.251,257.251,0.99,26.18,0.98,132.69,,,,,,,,,0.01,26.18,0.02,132.69,,,614.788907,1776192856000
1776192858.852,258.852,0.99,26.18,0.98,132.69,,,,,,,,,0.01,26.18,0.02,132.69,,,614.756,1776192857000
1776192859.585,259.585,0.99,26.18,0.98,132.69,,,,,,,,,0.01,26.18,0.02,132.69,,,614.74076,1776192858000
1776192860.333,260.333,0.99,26.18,0.98,132.69,,,,,,,,,0.01,26.18,0.02,132.69,,,614.740661,1776192859000
1776192861.65,261.65,0.99,26.18,0.98,132.69,,,,,,,,,0.01,26.18,0.02,132.69,,,614.739821,1776192860000
1776192862.199,262.199,0.99,26.18,0.98,132.69,,,,,,,,,0.01,26.18,0.02,132.69,,,614.739821,1776192861000
1776192863.452,263.452,0.99,26.18,0.98,132.69,,,,,,,,,0.01,26.18,0.02,132.69,,,614.742765,1776192862000
1776192864.142,264.142,0.99,26.18,0.98,132.69,,,,,,,,,0.01,26.18,0.02,132.69,,,614.74301,1776192863000
1776192865.465,265.465,0.99,26.18,0.98,132.69,,,,,,,,,0.01,26.18,0.02,132.69,,,614.767,1776192864000
1776192866.103,266.103,0.99,26.18,0.98,132.69,,,,,,,,,0.01,26.18,0.02,132.69,,,614.766,1776192865000
1776192867.03,267.03,0.99,26.18,0.98,132.69,,,,,,,,,0.01,26.18,0.02,132.69,,,614.762,1776192866000
1776192868.508,268.508,0.99,26.18,0.98,132.69,,,,,,,,,0.01,26.18,0.02,132.69,,,614.767,1776192867000
1776192869.298,269.298,0.99,26.18,0.98,132.69,,,,,,,,,0.01,26.18,0.02,132.69,,,614.748974,1776192868000
1776192870.053,270.053,0.99,26.18,0.98,132.69,,,,,,,,,0.01,26.18,0.02,132.69,,,614.748334,1776192869000
1776192871.536,271.536,0.99,26.18,0.98,132.69,,,,,,,,,0.01,26.18,0.02,132.69,,,614.746467,1776192870000
1776192872.26,272.26,0.99,26.18,0.98,132.69,,,,,,,,,0.01,26.18,0.02,132.69,,,614.746467,1776192871000
1776192873.958,273.958,0.99,26.18,0.98,132.69,,,,,,,,,0.01,26.18,0.02,132.69,,,614.739704,1776192872000
1776192874.697,274.697,0.99,26.18,0.98,132.69,,,,,,,,,0.01,26.18,0.02,132.69,,,614.73955,1776192873000
1776192875.31,275.31,0.99,26.18,0.98,132.69,,,,,,,,,0.01,26.18,0.02,132.69,,,614.736411,1776192874000
1776192876.644,276.644,0.99,26.18,0.98,132.69,,,,,,,,,0.01,26.18,0.02,132.69,,,614.741904,1776192875000
1776192877.227,277.227,0.99,26.18,0.98,132.69,,,,,,,,,0.01,26.18,0.02,132.69,,,614.741902,1776192876000
1776192878.651,278.651,0.99,26.18,0.98,132.69,,,,,,,,,0.01,26.18,0.02,132.69,,,614.743213,1776192877000
1776192879.747,279.747,0.99,26.18,0.98,132.69,,,,,,,,,0.01,26.18,0.02,132.69,,,614.74439,1776192878000
1776192880.502,280.502,0.99,26.18,0.98,132.69,,,,,,,,,0.01,26.18,0.02,132.69,,,614.74804,1776192879000
1776192881.269,281.269,0.99,26.18,0.98,132.69,,,,,,,,,0.01,26.18,0.02,132.69,,,614.748045,1776192880000
1776192882.563,282.563,0.99,26.18,0.98,132.69,,,,,,,,,0.01,26.18,0.02,132.69,,,614.747935,1776192881000
1776192883.29,283.29,0.99,26.18,0.98,132.69,,,,,,,,,0.01,26.18,0.02,132.69,,,614.747933,1776192882000
1776192884.542,284.542,0.99,26.18,0.98,132.69,,,,,,,,,0.01,26.18,0.02,132.69,,,614.74805,1776192883000
1776192885.361,285.361,0.99,26.18,0.98,132.69,,,,,,,,,0.01,26.18,0.02,132.69,,,614.745094,1776192884000
1776192886.032,286.032,0.99,26.18,0.98,132.69,,,,,,,,,0.01,26.18,0.02,132.69,,,614.745399,1776192885000
1776192887.398,287.398,0.99,26.18,0.98,132.69,,,,,,,,,0.01,26.18,0.02,132.69,,,614.743154,1776192886000
1776192888.07,288.07,0.99,26.18,0.98,132.69,,,,,,,,,0.01,26.18,0.02,132.69,,,614.740732,1776192887000
1776192889.38,289.38,0.99,26.18,0.98,132.69,,,,,,,,,0.01,26.18,0.02,132.69,,,614.704744,1776192888000
1776192890.189,290.189,0.99,26.18,0.98,132.69,,,,,,,,,0.01,26.18,0.02,132.69,,,614.614182,1776192889000
1776192891.827,291.827,0.99,26.18,0.98,132.69,,,,,,,,,0.01,26.18,0.02,132.69,,,614.581555,1776192890000
1776192892.31,292.31,0.99,26.18,0.98,132.69,,,,,,,,,0.01,26.18,0.02,132.69,,,614.581032,1776192891000
1776192893.357,293.357,0.99,26.18,0.98,132.69,,,,,,,,,0.01,26.18,0.02,132.69,,,614.579473,1776192892000
1776192894.262,294.262,0.99,26.18,0.98,132.69,,,,,,,,,0.01,26.18,0.02,132.69,,,614.554704,1776192893000
1776192895.206,295.206,0.99,26.18,0.98,132.69,,,,,,,,,0.01,26.18,0.02,132.69,,,614.608326,1776192894000
1776192896.212,296.212,0.99,26.18,0.98,132.69,,,,,,,,,0.01,26.18,0.02,132.69,,,614.616,1776192895000
1776192896.787,296.787,0.99,3134.97,0.96,312.0,0.999,179.98,,,,,,,0.01,26.18,0.02,132.69,0.009,,614.616,1776192895000
1776192897.16,297.16,0.99,3134.97,0.96,312.0,0.999,179.98,,,0.001,179.98,,,0.01,3134.97,0.04,312.0,0.009,0.009,614.616,1776192896000
1776192897.696,297.696,0.99,3753.42,0.96,312.0,0.999,169.98,,,0.001,179.98,,,0.01,3134.97,0.04,312.0,0.009,0.009,614.616,1776192896000
1776192898.235,298.235,0.99,3753.42,0.96,312.0,0.999,169.98,,,0.001,169.98,,,0.01,3753.42,0.04,312.0,0.009,0.009,614.612,1776192897000
1776192898.578,298.578,0.99,3863.42,0.96,312.0,0.999,159.98,,,0.001,169.98,,,0.01,3753.42,0.04,312.0,0.009,0.009,614.612,1776192897000
1776192898.925,298.925,0.99,3863.37,0.96,312.0,0.999,94.95,,,0.001,119.98,,,0.01,3863.42,0.04,312.0,0.009,0.009,614.612,1776192897000
1776192899.248,299.248,0.99,3863.37,0.96,312.0,0.999,94.95,,,0.001,94.95,,,0.01,3863.37,0.04,312.0,0.009,0.009,614.618,1776192898000
1776192900.233,300.233,0.999,505.65,0.991,10.0,,,,,,,,,0.001,505.65,0.009,10.0,,,614.63,1776192899000

# RESULT,winner=Up,slug=bnb-updown-5m-1776192600,ticks=313
