timestamp,elapsed_sec,up_bid_p1,up_bid_s1,up_bid_p2,up_bid_s2,up_ask_p1,up_ask_s1,up_ask_p2,up_ask_s2,down_bid_p1,down_bid_s1,down_bid_p2,down_bid_s2,down_ask_p1,down_ask_s1,down_ask_p2,down_ask_s2,up_spread,down_spread,bnb_price,bnb_oracle_ts
1776199501.443,1.443,0.33,300.0,0.31,375.0,0.51,15.79,0.67,300.0,0.49,15.79,0.33,300.0,0.67,300.0,0.69,375.0,0.18,0.18,614.133,1776199499000
1776199501.8,1.8,0.33,300.0,0.31,375.0,0.51,15.79,0.67,300.0,0.49,15.79,0.33,300.0,0.67,300.0,0.69,375.0,0.18,0.18,614.166,1776199500000
1776199502.107,2.107,0.33,300.0,0.31,375.0,0.51,15.79,0.67,300.0,0.49,15.79,0.33,300.0,0.67,300.0,0.69,375.0,0.18,0.18,614.166,1776199501000
1776199503.339,3.339,0.33,300.0,0.31,375.0,0.51,15.79,0.67,300.0,0.49,15.79,0.33,300.0,0.67,300.0,0.69,375.0,0.18,0.18,614.182,1776199502000
1776199503.914,3.914,0.33,300.0,0.31,375.0,0.51,15.79,0.67,300.0,0.49,15.79,0.33,300.0,0.67,300.0,0.69,375.0,0.18,0.18,614.182,1776199503000
1776199505.024,5.024,0.33,300.0,0.31,375.0,0.51,15.79,0.67,300.0,0.49,15.79,0.33,300.0,0.67,300.0,0.69,375.0,0.18,0.18,614.183,1776199504000
1776199506.102,6.102,0.33,300.0,0.31,375.0,0.51,15.79,0.67,300.0,0.49,15.79,0.33,300.0,0.67,300.0,0.69,375.0,0.18,0.18,614.199,1776199505000
1776199506.405,6.405,0.49,5.0,0.41,50.0,0.51,15.79,0.63,10.0,0.5,5.0,0.49,15.79,0.51,5.0,0.59,50.0,0.02,0.01,614.199,1776199505000
1776199506.78,6.78,0.5,5.0,0.41,50.0,0.51,10.79,0.64,5.0,0.49,15.79,0.37,10.0,0.51,5.0,0.59,50.0,0.01,0.02,614.199,1776199505000
1776199507.07,7.07,0.5,5.0,0.41,50.0,0.51,10.79,0.64,5.0,0.49,10.79,0.36,5.0,0.5,5.0,0.59,50.0,0.01,0.01,614.199,1776199506000
1776199508.095,8.095,0.5,5.0,0.41,50.0,0.51,10.79,0.64,5.0,0.49,10.79,0.36,5.0,0.5,5.0,0.59,50.0,0.01,0.01,614.261,1776199507000
1776199509.159,9.159,0.5,5.0,0.41,50.0,0.51,10.79,0.64,5.0,0.49,10.79,0.36,5.0,0.5,5.0,0.59,50.0,0.01,0.01,614.293,1776199508000
1776199510.415,10.415,0.5,5.0,0.41,50.0,0.51,10.79,0.64,5.0,0.49,10.79,0.36,5.0,0.5,5.0,0.59,50.0,0.01,0.01,614.286,1776199509000
1776199511.343,11.343,0.5,5.0,0.41,50.0,0.51,10.79,0.64,5.0,0.49,10.79,0.36,5.0,0.5,5.0,0.59,50.0,0.01,0.01,614.272,1776199510000
1776199512.243,12.243,0.5,5.0,0.41,50.0,0.51,10.79,0.64,5.0,0.49,10.79,0.36,5.0,0.5,5.0,0.59,50.0,0.01,0.01,614.272,1776199511000
1776199513.212,13.212,0.5,5.0,0.41,50.0,0.51,10.79,0.64,5.0,0.49,10.79,0.36,5.0,0.5,5.0,0.59,50.0,0.01,0.01,614.267,1776199512000
1776199514.339,14.339,0.5,5.0,0.41,50.0,0.51,10.79,0.64,5.0,0.49,10.79,0.36,5.0,0.5,5.0,0.59,50.0,0.01,0.01,614.269957,1776199513000
1776199516.187,16.187,0.5,5.0,0.49,5.0,0.51,5.69,0.64,10.0,0.49,10.79,0.36,5.0,0.5,5.0,0.59,50.0,0.01,0.01,614.269957,1776199513000
1776199516.449,16.449,0.5,5.0,0.49,5.0,0.51,5.69,0.64,10.0,0.49,5.69,0.36,10.0,0.5,5.0,0.51,5.0,0.01,0.01,614.270036,1776199514000
1776199517.358,17.358,0.5,5.0,0.49,5.0,0.51,5.69,0.64,10.0,0.49,5.69,0.36,10.0,0.5,5.0,0.51,5.0,0.01,0.01,614.270079,1776199516000
1776199518.783,18.783,0.5,5.0,0.49,5.0,0.51,5.69,0.64,10.0,0.49,5.69,0.36,10.0,0.5,5.0,0.51,5.0,0.01,0.01,614.279086,1776199517000
1776199519.368,19.368,0.5,5.0,0.49,5.0,0.51,5.69,0.64,10.0,0.49,5.69,0.36,10.0,0.5,5.0,0.51,5.0,0.01,0.01,614.286657,1776199518000
1776199520.104,20.104,0.5,5.0,0.49,5.0,0.51,5.69,0.64,10.0,0.49,5.69,0.36,10.0,0.5,5.0,0.51,5.0,0.01,0.01,614.287142,1776199519000
1776199520.415,20.415,0.5,5.0,0.49,5.0,0.64,10.0,0.66,10.0,0.49,5.69,0.36,10.0,0.5,5.0,0.51,5.0,0.14,0.01,614.287142,1776199519000
1776199521.274,21.274,0.5,5.0,0.49,5.0,0.64,10.0,0.66,10.0,0.36,10.0,0.34,10.0,0.5,5.0,0.51,5.0,0.14,0.14,614.28716,1776199520000
1776199521.98,21.98,0.5,5.0,0.49,5.0,0.64,10.0,0.66,10.0,0.36,10.0,0.34,10.0,0.5,5.0,0.51,5.0,0.14,0.14,614.287153,1776199521000
1776199523.224,23.224,0.5,5.0,0.49,5.0,0.64,10.0,0.66,10.0,0.36,10.0,0.34,10.0,0.5,5.0,0.51,5.0,0.14,0.14,614.288,1776199522000
1776199524.348,24.348,0.5,5.0,0.49,5.0,0.64,10.0,0.66,10.0,0.36,10.0,0.34,10.0,0.5,5.0,0.51,5.0,0.14,0.14,614.287,1776199523000
1776199524.962,24.962,0.5,5.0,0.49,5.0,0.64,10.0,0.66,10.0,0.36,10.0,0.34,10.0,0.5,5.0,0.51,5.0,0.14,0.14,614.287,1776199524000
1776199526.016,26.016,0.5,5.0,0.49,5.0,0.64,10.0,0.66,10.0,0.36,10.0,0.34,10.0,0.5,5.0,0.51,5.0,0.14,0.14,614.287,1776199525000
1776199527.341,27.341,0.5,5.0,0.49,5.0,0.64,10.0,0.66,10.0,0.36,10.0,0.34,10.0,0.5,5.0,0.51,5.0,0.14,0.14,614.294,1776199526000
1776199528.359,28.359,0.5,5.0,0.49,5.0,0.64,10.0,0.66,10.0,0.36,10.0,0.34,10.0,0.5,5.0,0.51,5.0,0.14,0.14,614.293,1776199527000
1776199528.948,28.948,0.5,5.0,0.49,5.0,0.64,10.0,0.66,10.0,0.36,10.0,0.34,10.0,0.5,5.0,0.51,5.0,0.14,0.14,614.291,1776199528000
1776199530.121,30.121,0.5,5.0,0.49,5.0,0.64,10.0,0.66,10.0,0.36,10.0,0.34,10.0,0.5,5.0,0.51,5.0,0.14,0.14,614.295,1776199529000
1776199530.6,30.6,0.56,5.0,0.49,5.0,0.61,50.0,0.65,15.0,0.36,10.0,0.34,10.0,0.5,5.0,0.51,5.0,0.05,0.14,614.295,1776199529000
1776199531.208,31.208,0.56,5.0,0.49,5.0,0.61,50.0,0.65,15.0,0.39,50.0,0.35,15.0,0.44,5.0,0.51,5.0,0.05,0.05,614.288,1776199530000
1776199532.306,32.306,0.56,5.0,0.49,5.0,0.61,50.0,0.65,15.0,0.39,50.0,0.35,15.0,0.44,5.0,0.51,5.0,0.05,0.05,614.288,1776199531000
1776199532.898,32.898,0.56,5.0,0.49,5.0,0.61,50.0,0.65,15.0,0.39,50.0,0.35,15.0,0.44,5.0,0.51,5.0,0.05,0.05,614.288,1776199532000
1776199534.049,34.049,0.44,5.0,0.38,5.0,0.57,5.0,0.58,10.0,0.39,50.0,0.35,15.0,0.44,5.0,0.51,5.0,0.13,0.05,614.288,1776199532000
1776199534.641,34.641,0.44,5.0,0.38,5.0,0.57,5.0,0.58,10.0,0.43,5.0,0.42,10.0,0.56,5.0,0.62,5.0,0.13,0.13,614.190776,1776199533000
1776199535.273,35.273,0.44,5.0,0.38,5.0,0.57,5.0,0.58,10.0,0.43,5.0,0.42,10.0,0.56,5.0,0.62,5.0,0.13,0.13,614.190398,1776199534000
1776199536.572,36.572,0.44,5.0,0.38,5.0,0.57,5.0,0.58,10.0,0.43,5.0,0.42,10.0,0.56,5.0,0.62,5.0,0.13,0.13,614.120967,1776199535000
1776199537.223,37.223,0.44,5.0,0.38,5.0,0.57,5.0,0.58,10.0,0.43,5.0,0.42,10.0,0.56,5.0,0.62,5.0,0.13,0.13,614.127332,1776199536000
1776199538.381,38.381,0.44,5.0,0.38,5.0,0.57,5.0,0.58,10.0,0.43,5.0,0.42,10.0,0.56,5.0,0.62,5.0,0.13,0.13,614.140504,1776199537000
1776199538.993,38.993,0.44,5.0,0.38,5.0,0.57,5.0,0.58,10.0,0.43,5.0,0.42,10.0,0.56,5.0,0.62,5.0,0.13,0.13,614.140876,1776199538000
1776199540.309,40.309,0.44,5.0,0.38,5.0,0.57,5.0,0.58,10.0,0.43,5.0,0.42,10.0,0.56,5.0,0.62,5.0,0.13,0.13,614.155,1776199539000
1776199541.593,41.593,0.44,5.0,0.38,5.0,0.57,5.0,0.58,10.0,0.43,5.0,0.42,10.0,0.56,5.0,0.62,5.0,0.13,0.13,614.153,1776199540000
1776199542.211,42.211,0.44,5.0,0.38,5.0,0.57,5.0,0.58,10.0,0.43,5.0,0.42,10.0,0.56,5.0,0.62,5.0,0.13,0.13,614.145195,1776199541000
1776199543.464,43.464,0.44,5.0,0.38,5.0,0.57,5.0,0.58,10.0,0.43,5.0,0.42,10.0,0.56,5.0,0.62,5.0,0.13,0.13,614.163,1776199542000
1776199544.095,44.095,0.44,5.0,0.38,5.0,0.57,5.0,0.58,10.0,0.43,5.0,0.42,10.0,0.56,5.0,0.62,5.0,0.13,0.13,614.162668,1776199543000
1776199545.41,45.41,0.44,5.0,0.38,5.0,0.57,5.0,0.58,10.0,0.43,5.0,0.42,10.0,0.56,5.0,0.62,5.0,0.13,0.13,614.164174,1776199544000
1776199546.018,46.018,0.44,5.0,0.38,5.0,0.57,5.0,0.58,10.0,0.43,5.0,0.42,10.0,0.56,5.0,0.62,5.0,0.13,0.13,614.164152,1776199545000
1776199547.364,47.364,0.44,5.0,0.38,5.0,0.57,5.0,0.58,10.0,0.43,5.0,0.42,10.0,0.56,5.0,0.62,5.0,0.13,0.13,614.168926,1776199546000
1776199548.066,48.066,0.44,5.0,0.38,5.0,0.57,5.0,0.58,10.0,0.43,5.0,0.42,10.0,0.56,5.0,0.62,5.0,0.13,0.13,614.168926,1776199547000
1776199549.098,49.098,0.44,5.0,0.38,5.0,0.57,5.0,0.58,10.0,0.43,5.0,0.42,10.0,0.56,5.0,0.62,5.0,0.13,0.13,614.23,1776199548000
1776199550.123,50.123,0.44,5.0,0.38,5.0,0.57,5.0,0.58,10.0,0.43,5.0,0.42,10.0,0.56,5.0,0.62,5.0,0.13,0.13,614.23,1776199549000
1776199551.273,51.273,0.44,5.0,0.38,5.0,0.57,5.0,0.58,10.0,0.43,5.0,0.42,10.0,0.56,5.0,0.62,5.0,0.13,0.13,614.249,1776199550000
1776199552.461,52.461,0.44,5.0,0.38,5.0,0.57,5.0,0.58,10.0,0.43,5.0,0.42,10.0,0.56,5.0,0.62,5.0,0.13,0.13,614.249,1776199551000
1776199552.974,52.974,0.44,5.0,0.38,5.0,0.57,5.0,0.58,10.0,0.43,5.0,0.42,10.0,0.56,5.0,0.62,5.0,0.13,0.13,614.247,1776199552000
1776199554.261,54.261,0.44,5.0,0.38,5.0,0.57,5.0,0.58,10.0,0.43,5.0,0.42,10.0,0.56,5.0,0.62,5.0,0.13,0.13,614.245,1776199553000
1776199555.288,55.288,0.44,5.0,0.38,5.0,0.57,5.0,0.58,10.0,0.43,5.0,0.42,10.0,0.56,5.0,0.62,5.0,0.13,0.13,614.244,1776199554000
1776199556.317,56.317,0.44,5.0,0.38,5.0,0.57,5.0,0.58,10.0,0.43,5.0,0.42,10.0,0.56,5.0,0.62,5.0,0.13,0.13,614.170091,1776199555000
1776199556.923,56.923,0.44,5.0,0.38,5.0,0.57,5.0,0.58,10.0,0.43,5.0,0.42,10.0,0.56,5.0,0.62,5.0,0.13,0.13,614.169806,1776199556000
1776199558.006,58.006,0.44,5.0,0.38,5.0,0.57,5.0,0.58,10.0,0.43,5.0,0.42,10.0,0.56,5.0,0.62,5.0,0.13,0.13,614.169806,1776199557000
1776199559.059,59.059,0.44,5.0,0.38,5.0,0.57,5.0,0.58,10.0,0.43,5.0,0.42,10.0,0.56,5.0,0.62,5.0,0.13,0.13,614.169557,1776199558000
1776199560.119,60.119,0.44,5.0,0.38,5.0,0.57,5.0,0.58,10.0,0.43,5.0,0.42,10.0,0.56,5.0,0.62,5.0,0.13,0.13,614.168307,1776199559000
1776199561.178,61.178,0.44,5.0,0.38,5.0,0.57,5.0,0.58,10.0,0.43,5.0,0.42,10.0,0.56,5.0,0.62,5.0,0.13,0.13,614.162153,1776199560000
1776199562.186,62.186,0.44,5.0,0.38,5.0,0.57,5.0,0.58,10.0,0.43,5.0,0.42,10.0,0.56,5.0,0.62,5.0,0.13,0.13,614.167348,1776199561000
1776199563.289,63.289,0.44,5.0,0.38,5.0,0.57,5.0,0.58,10.0,0.43,5.0,0.42,10.0,0.56,5.0,0.62,5.0,0.13,0.13,614.167348,1776199562000
1776199564.452,64.452,0.44,5.0,0.38,5.0,0.57,5.0,0.58,10.0,0.43,5.0,0.42,10.0,0.56,5.0,0.62,5.0,0.13,0.13,614.167247,1776199563000
1776199564.971,64.971,0.44,5.0,0.38,5.0,0.57,5.0,0.58,10.0,0.43,5.0,0.42,10.0,0.56,5.0,0.62,5.0,0.13,0.13,614.167247,1776199564000
1776199566.185,66.185,0.44,5.0,0.38,5.0,0.57,5.0,0.58,10.0,0.43,5.0,0.42,10.0,0.56,5.0,0.62,5.0,0.13,0.13,614.167269,1776199565000
1776199567.387,67.387,0.44,5.0,0.38,5.0,0.57,5.0,0.58,10.0,0.43,5.0,0.42,10.0,0.56,5.0,0.62,5.0,0.13,0.13,614.167067,1776199566000
1776199567.965,67.965,0.44,5.0,0.38,5.0,0.57,5.0,0.58,10.0,0.43,5.0,0.42,10.0,0.56,5.0,0.62,5.0,0.13,0.13,614.167313,1776199567000
1776199569.223,69.223,0.44,5.0,0.38,5.0,0.57,5.0,0.58,10.0,0.43,5.0,0.42,10.0,0.56,5.0,0.62,5.0,0.13,0.13,614.167392,1776199568000
1776199570.303,70.303,0.44,5.0,0.38,5.0,0.57,5.0,0.58,10.0,0.43,5.0,0.42,10.0,0.56,5.0,0.62,5.0,0.13,0.13,614.167295,1776199569000
1776199571.037,71.037,0.44,5.0,0.38,5.0,0.57,5.0,0.58,10.0,0.43,5.0,0.42,10.0,0.56,5.0,0.62,5.0,0.13,0.13,614.181568,1776199570000
1776199572.111,72.111,0.44,5.0,0.38,5.0,0.57,5.0,0.58,10.0,0.43,5.0,0.42,10.0,0.56,5.0,0.62,5.0,0.13,0.13,614.193959,1776199571000
1776199573.297,73.297,0.44,5.0,0.38,5.0,0.57,5.0,0.58,10.0,0.43,5.0,0.42,10.0,0.56,5.0,0.62,5.0,0.13,0.13,614.233,1776199572000
1776199574.277,74.277,0.44,5.0,0.38,5.0,0.57,5.0,0.58,10.0,0.43,5.0,0.42,10.0,0.56,5.0,0.62,5.0,0.13,0.13,614.233,1776199573000
1776199574.831,74.831,0.44,5.0,0.38,5.0,0.57,5.0,0.58,10.0,0.43,5.0,0.42,10.0,0.56,5.0,0.62,5.0,0.13,0.13,614.245,1776199574000
1776199575.922,75.922,0.44,5.0,0.38,5.0,0.57,5.0,0.58,10.0,0.43,5.0,0.42,10.0,0.56,5.0,0.62,5.0,0.13,0.13,614.244,1776199575000
1776199577.091,77.091,0.44,5.0,0.38,5.0,0.57,5.0,0.58,10.0,0.43,5.0,0.42,10.0,0.56,5.0,0.62,5.0,0.13,0.13,614.241,1776199576000
1776199578.252,78.252,0.44,5.0,0.38,5.0,0.57,5.0,0.58,10.0,0.43,5.0,0.42,10.0,0.56,5.0,0.62,5.0,0.13,0.13,614.249,1776199577000
1776199580.292,80.292,0.44,5.0,0.38,5.0,0.57,5.0,0.58,10.0,0.43,5.0,0.42,10.0,0.56,5.0,0.62,5.0,0.13,0.13,614.265,1776199579000
1776199581.885,81.885,0.44,5.0,0.38,5.0,0.57,5.0,0.58,10.0,0.43,5.0,0.42,10.0,0.56,5.0,0.62,5.0,0.13,0.13,614.279,1776199580000
1776199582.494,82.494,0.44,5.0,0.38,5.0,0.57,5.0,0.58,10.0,0.43,5.0,0.42,10.0,0.56,5.0,0.62,5.0,0.13,0.13,614.332,1776199581000
1776199583.406,83.406,0.44,5.0,0.38,5.0,0.57,5.0,0.58,10.0,0.43,5.0,0.42,10.0,0.56,5.0,0.62,5.0,0.13,0.13,614.331,1776199582000
1776199584.128,84.128,0.44,5.0,0.38,5.0,0.57,5.0,0.58,10.0,0.43,5.0,0.42,10.0,0.56,5.0,0.62,5.0,0.13,0.13,614.331,1776199583000
1776199585.497,85.497,0.44,5.0,0.38,5.0,0.57,5.0,0.58,10.0,0.43,5.0,0.42,10.0,0.56,5.0,0.62,5.0,0.13,0.13,614.332,1776199584000
1776199586.318,86.318,0.44,5.0,0.38,5.0,0.57,5.0,0.58,10.0,0.43,5.0,0.42,10.0,0.56,5.0,0.62,5.0,0.13,0.13,614.332,1776199585000
1776199587.981,87.981,0.44,5.0,0.38,5.0,0.57,5.0,0.58,10.0,0.43,5.0,0.42,10.0,0.56,5.0,0.62,5.0,0.13,0.13,614.329,1776199586000
1776199588.65,88.65,0.44,5.0,0.38,5.0,0.57,5.0,0.58,10.0,0.43,5.0,0.42,10.0,0.56,5.0,0.62,5.0,0.13,0.13,614.32,1776199587000
1776199589.352,89.352,0.44,5.0,0.38,5.0,0.57,5.0,0.58,10.0,0.43,5.0,0.42,10.0,0.56,5.0,0.62,5.0,0.13,0.13,614.324,1776199588000
1776199589.769,89.769,0.63,11.2,0.62,11.0,0.64,5.0,0.65,8.57,0.43,5.0,0.42,10.0,0.56,5.0,0.62,5.0,0.01,0.13,614.324,1776199588000
1776199590.045,90.045,0.63,11.2,0.62,11.0,0.65,2.57,0.73,10.0,0.36,5.0,0.35,8.57,0.37,11.2,0.38,11.0,0.02,0.01,614.324,1776199588000
1776199591.51,91.51,0.63,11.2,0.62,11.0,0.65,2.57,0.73,10.0,0.35,2.57,0.27,10.0,0.37,11.2,0.38,11.0,0.02,0.02,614.33387,1776199590000
1776199592.399,92.399,0.63,11.2,0.62,11.0,0.65,2.57,0.73,10.0,0.35,2.57,0.27,10.0,0.37,11.2,0.38,11.0,0.02,0.02,614.333486,1776199591000
1776199593.184,93.184,0.63,43.2,0.62,21.0,0.64,5.0,0.65,2.57,0.36,5.0,0.35,2.57,0.37,43.2,0.38,21.0,0.01,0.01,614.334195,1776199592000
1776199594.716,94.716,0.63,43.2,0.62,21.0,0.64,5.0,0.65,2.57,0.36,5.0,0.35,2.57,0.37,43.2,0.38,21.0,0.01,0.01,614.355434,1776199593000
1776199595.363,95.363,0.63,43.2,0.62,21.0,0.64,5.0,0.65,2.57,0.36,5.0,0.35,2.57,0.37,43.2,0.38,21.0,0.01,0.01,614.385403,1776199594000
1776199596.183,96.183,0.63,43.2,0.62,21.0,0.64,5.0,0.65,2.57,0.36,5.0,0.35,2.57,0.37,43.2,0.38,21.0,0.01,0.01,614.387345,1776199595000
1776199597.963,97.963,0.63,43.2,0.62,21.0,0.64,5.0,0.65,2.57,0.36,5.0,0.35,2.57,0.37,43.2,0.38,21.0,0.01,0.01,614.418303,1776199596000
1776199598.302,98.302,0.7,6.43,0.63,58.2,0.8,5.0,0.81,5.0,0.36,5.0,0.35,2.57,0.37,43.2,0.38,21.0,0.1,0.01,614.418303,1776199596000
1776199598.514,98.514,0.7,6.43,0.63,58.2,0.8,5.0,0.81,5.0,0.2,5.0,0.19,5.0,0.3,6.43,0.37,58.2,0.1,0.1,614.512,1776199597000
1776199599.089,99.089,0.7,6.43,0.63,58.2,0.8,5.0,0.81,5.0,0.2,5.0,0.19,5.0,0.3,6.43,0.37,58.2,0.1,0.1,614.512,1776199598000
1776199600.079,100.079,0.7,6.43,0.63,58.2,0.8,5.0,0.81,5.0,0.2,5.0,0.19,5.0,0.3,6.43,0.37,58.2,0.1,0.1,614.559,1776199599000
1776199600.869,100.869,0.7,6.43,0.69,5.0,0.79,5.0,0.8,5.0,0.2,5.0,0.19,5.0,0.3,6.43,0.37,58.2,0.09,0.1,614.559,1776199599000
1776199601.111,101.111,0.7,6.43,0.69,5.0,0.79,5.0,0.8,5.0,0.21,5.0,0.2,5.0,0.3,6.43,0.31,5.0,0.09,0.09,614.559,1776199600000
1776199602.198,102.198,0.7,6.43,0.69,5.0,0.79,5.0,0.8,5.0,0.21,5.0,0.2,5.0,0.3,6.43,0.31,5.0,0.09,0.09,614.559,1776199601000
1776199603.238,103.238,0.7,6.43,0.69,5.0,0.79,5.0,0.8,5.0,0.21,5.0,0.2,5.0,0.3,6.43,0.31,5.0,0.09,0.09,614.538,1776199602000
1776199604.306,104.306,0.7,6.43,0.69,5.0,0.79,5.0,0.8,5.0,0.21,5.0,0.2,5.0,0.3,6.43,0.31,5.0,0.09,0.09,614.532,1776199603000
1776199604.877,104.877,0.7,6.43,0.69,5.0,0.79,5.0,0.8,5.0,0.21,5.0,0.2,5.0,0.3,6.43,0.31,5.0,0.09,0.09,614.532,1776199604000
1776199605.907,105.907,0.7,6.43,0.69,5.0,0.79,5.0,0.8,5.0,0.21,5.0,0.2,5.0,0.3,6.43,0.31,5.0,0.09,0.09,614.556,1776199605000
1776199606.43,106.43,0.78,15.2,0.77,14.7,0.8,5.0,0.81,10.0,0.21,5.0,0.2,5.0,0.3,6.43,0.31,5.0,0.02,0.09,614.556,1776199605000
1776199606.868,106.868,0.79,10.7,0.78,15.2,0.8,5.0,0.81,10.0,0.2,5.0,0.19,10.0,0.22,15.2,0.23,14.7,0.01,0.02,614.556,1776199605000
1776199608.068,108.068,0.79,10.7,0.78,15.2,0.8,5.0,0.81,10.0,0.2,5.0,0.19,10.0,0.21,10.7,0.22,15.2,0.01,0.01,614.549,1776199607000
1776199608.986,108.986,0.79,10.7,0.78,15.2,0.8,5.0,0.81,10.0,0.2,5.0,0.19,10.0,0.21,10.7,0.22,15.2,0.01,0.01,614.547,1776199608000
1776199609.922,109.922,0.79,10.7,0.78,15.2,0.8,5.0,0.81,10.0,0.2,5.0,0.19,10.0,0.21,10.7,0.22,15.2,0.01,0.01,614.543,1776199609000
1776199611.414,111.414,0.8,16.3,0.79,10.7,0.83,4.0,0.84,10.0,0.17,4.0,0.16,10.0,0.2,16.3,0.21,10.7,0.03,0.03,614.551,1776199610000
1776199612.482,112.482,0.8,16.3,0.79,10.7,0.83,4.0,0.84,10.0,0.17,4.0,0.16,10.0,0.2,16.3,0.21,10.7,0.03,0.03,614.551,1776199611000
1776199613.222,113.222,0.8,16.3,0.79,10.7,0.83,4.0,0.84,10.0,0.17,4.0,0.16,10.0,0.2,16.3,0.21,10.7,0.03,0.03,614.543,1776199612000
1776199614.399,114.399,0.78,10.2,0.77,14.7,0.83,4.0,0.84,10.0,0.17,4.0,0.16,10.0,0.2,16.3,0.21,10.7,0.05,0.03,614.543,1776199612000
1776199614.646,114.646,0.78,10.2,0.77,14.7,0.83,4.0,0.84,10.0,0.17,4.0,0.16,10.0,0.22,10.2,0.23,14.7,0.05,0.05,614.559,1776199613000
1776199615.492,115.492,0.78,10.2,0.77,14.7,0.83,4.0,0.84,10.0,0.17,4.0,0.16,10.0,0.22,10.2,0.23,14.7,0.05,0.05,614.559,1776199614000
1776199616.186,116.186,0.78,10.2,0.77,14.7,0.83,4.0,0.84,10.0,0.17,4.0,0.16,10.0,0.22,10.2,0.23,14.7,0.05,0.05,614.559,1776199615000
1776199618.461,118.461,0.7,6.43,0.65,5.0,0.71,45.0,0.8,10.0,0.17,4.0,0.16,10.0,0.22,10.2,0.23,14.7,0.01,0.05,614.559,1776199615000
1776199620.537,120.537,0.48,5.0,0.45,5.56,0.55,5.0,0.61,36.96,0.39,36.96,0.33,5.0,0.52,5.0,0.55,5.56,0.07,0.13,614.559,1776199615000
1776199621.697,121.697,0.49,1.0,0.48,5.0,0.54,5.0,0.55,5.0,0.45,5.0,0.39,36.96,0.52,5.0,0.55,5.56,0.05,0.07,614.559,1776199615000
1776199623.466,123.466,0.49,1.0,0.48,5.0,0.54,5.0,0.55,5.0,0.46,5.0,0.45,5.0,0.51,1.0,0.52,5.0,0.05,0.05,614.133,1776199622000
1776199624.92,124.92,0.49,1.0,0.48,5.0,0.54,5.0,0.55,5.0,0.46,5.0,0.45,5.0,0.51,1.0,0.52,5.0,0.05,0.05,614.122,1776199623000
1776199625.709,125.709,0.49,1.0,0.48,5.0,0.54,5.0,0.55,5.0,0.46,5.0,0.45,5.0,0.51,1.0,0.52,5.0,0.05,0.05,614.189,1776199624000
1776199626.531,126.531,0.49,1.0,0.48,5.0,0.54,5.0,0.55,5.0,0.46,5.0,0.45,5.0,0.51,1.0,0.52,5.0,0.05,0.05,614.189,1776199625000
1776199627.237,127.237,0.49,1.0,0.48,5.0,0.54,5.0,0.55,5.0,0.46,5.0,0.45,5.0,0.51,1.0,0.52,5.0,0.05,0.05,614.179,1776199626000
1776199628.838,128.838,0.49,1.0,0.48,5.0,0.54,5.0,0.55,5.0,0.46,5.0,0.45,5.0,0.51,1.0,0.52,5.0,0.05,0.05,614.175,1776199627000
1776199629.616,129.616,0.49,1.0,0.48,5.0,0.54,5.0,0.55,5.0,0.46,5.0,0.45,5.0,0.51,1.0,0.52,5.0,0.05,0.05,614.177,1776199628000
1776199629.947,129.947,0.49,22.0,0.48,5.0,0.56,4.6,0.67,5.0,0.46,5.0,0.45,5.0,0.51,1.0,0.52,5.0,0.07,0.05,614.177,1776199628000
1776199630.265,130.265,0.49,22.0,0.48,5.0,0.67,4.41,0.71,50.0,0.33,4.41,0.29,50.0,0.51,22.0,0.52,5.0,0.18,0.18,614.179,1776199629000
1776199632.24,132.24,0.49,22.0,0.48,5.0,0.67,4.41,0.71,50.0,0.33,4.41,0.29,50.0,0.51,22.0,0.52,5.0,0.18,0.18,614.280535,1776199630000
1776199633.079,133.079,0.49,22.0,0.48,5.0,0.67,4.41,0.71,50.0,0.33,4.41,0.29,50.0,0.51,22.0,0.52,5.0,0.18,0.18,614.291014,1776199631000
1776199634.096,134.096,0.49,22.0,0.48,5.0,0.67,4.41,0.71,50.0,0.33,4.41,0.29,50.0,0.51,22.0,0.52,5.0,0.18,0.18,614.315149,1776199632000
1776199634.826,134.826,0.65,15.0,0.62,5.0,0.66,5.33,0.67,4.41,0.33,4.41,0.29,50.0,0.51,22.0,0.52,5.0,0.01,0.18,614.315149,1776199632000
1776199635.027,135.027,0.65,15.0,0.62,5.0,0.66,5.33,0.67,4.41,0.34,5.33,0.33,4.41,0.35,15.0,0.38,5.0,0.01,0.01,614.315149,1776199633000
1776199636.003,136.003,0.65,15.0,0.62,5.0,0.66,5.33,0.67,4.41,0.34,5.33,0.33,4.41,0.35,15.0,0.38,5.0,0.01,0.01,614.317144,1776199634000
1776199637.024,137.024,0.65,15.0,0.62,5.0,0.66,5.33,0.67,4.41,0.34,5.33,0.33,4.41,0.35,15.0,0.38,5.0,0.01,0.01,614.317281,1776199635000
1776199637.972,137.972,0.65,15.0,0.62,5.0,0.66,5.33,0.67,4.41,0.34,5.33,0.33,4.41,0.35,15.0,0.38,5.0,0.01,0.01,614.31879,1776199636000
1776199638.843,138.843,0.65,15.0,0.62,5.0,0.66,5.33,0.67,4.41,0.34,5.33,0.33,4.41,0.35,15.0,0.38,5.0,0.01,0.01,614.31879,1776199637000
1776199639.83,139.83,0.65,15.0,0.62,5.0,0.66,5.33,0.67,4.41,0.34,5.33,0.33,4.41,0.35,15.0,0.38,5.0,0.01,0.01,614.318611,1776199638000
1776199640.804,140.804,0.65,15.0,0.62,5.0,0.66,5.33,0.67,4.41,0.34,5.33,0.33,4.41,0.35,15.0,0.38,5.0,0.01,0.01,614.318611,1776199639000
1776199641.526,141.526,0.65,15.0,0.62,5.0,0.66,5.31,0.67,4.41,0.34,5.33,0.33,4.41,0.35,15.0,0.38,5.0,0.01,0.01,614.318611,1776199639000
1776199641.814,141.814,0.65,15.0,0.62,5.0,0.66,5.31,0.67,4.41,0.34,5.31,0.33,4.41,0.35,15.0,0.38,5.0,0.01,0.01,614.317977,1776199640000
1776199642.318,142.318,0.54,5.0,0.49,5.0,0.61,40.0,0.66,5.31,0.34,5.31,0.33,4.41,0.35,10.0,0.38,5.0,0.07,0.01,614.317977,1776199640000
1776199642.859,142.859,0.54,5.0,0.49,5.0,0.61,40.0,0.66,5.31,0.39,40.0,0.34,5.31,0.46,5.0,0.51,5.0,0.07,0.07,614.317937,1776199641000
1776199643.792,143.792,0.54,5.0,0.49,5.0,0.61,40.0,0.66,5.31,0.39,40.0,0.34,5.31,0.46,5.0,0.51,5.0,0.07,0.07,614.317981,1776199642000
1776199644.587,144.587,0.54,5.0,0.49,5.0,0.61,40.0,0.66,5.31,0.39,40.0,0.34,5.31,0.46,5.0,0.51,5.0,0.07,0.07,614.308495,1776199643000
1776199645.348,145.348,0.54,5.0,0.49,5.0,0.61,40.0,0.66,5.31,0.39,40.0,0.34,5.31,0.46,5.0,0.51,5.0,0.07,0.07,614.18913,1776199644000
1776199645.923,145.923,0.49,10.0,0.48,5.0,0.56,14.98,0.64,10.0,0.44,5.0,0.37,10.0,0.45,5.0,0.52,5.0,0.07,0.01,614.18913,1776199644000
1776199646.176,146.176,0.49,10.0,0.48,5.0,0.56,14.98,0.64,10.0,0.44,14.98,0.36,10.0,0.51,10.0,0.52,5.0,0.07,0.07,614.18161,1776199645000
1776199647.859,147.859,0.49,10.0,0.48,5.0,0.56,14.98,0.64,10.0,0.44,14.98,0.36,10.0,0.51,10.0,0.52,5.0,0.07,0.07,614.121686,1776199646000
1776199648.617,148.617,0.49,10.0,0.48,5.0,0.56,14.98,0.64,10.0,0.44,14.98,0.36,10.0,0.51,10.0,0.52,5.0,0.07,0.07,614.121685,1776199647000
1776199649.362,149.362,0.49,10.0,0.48,5.0,0.56,14.98,0.64,10.0,0.44,14.98,0.36,10.0,0.51,10.0,0.52,5.0,0.07,0.07,614.121621,1776199648000
1776199650.26,150.26,0.49,10.0,0.48,5.0,0.56,14.98,0.64,10.0,0.44,14.98,0.36,10.0,0.51,10.0,0.52,5.0,0.07,0.07,614.116705,1776199649000
1776199651.949,151.949,0.49,5.0,0.48,5.0,0.52,5.0,0.53,5.0,0.48,5.0,0.47,5.0,0.51,5.0,0.52,5.0,0.03,0.03,614.109006,1776199650000
1776199652.743,152.743,0.49,5.0,0.48,5.0,0.52,5.0,0.53,5.0,0.48,5.0,0.47,5.0,0.51,5.0,0.52,5.0,0.03,0.03,614.099,1776199651000
1776199653.666,153.666,0.48,5.0,0.45,5.56,0.51,10.4,0.52,15.4,0.48,5.0,0.47,5.0,0.51,5.0,0.52,5.0,0.03,0.03,614.099,1776199651000
1776199654.05,154.05,0.45,5.56,0.41,50.0,0.5,10.0,0.51,10.4,0.49,10.4,0.48,15.4,0.52,5.0,0.55,5.56,0.05,0.03,614.079979,1776199652000
1776199655.246,155.246,0.45,5.56,0.41,50.0,0.5,10.0,0.51,10.4,0.5,10.0,0.49,10.4,0.55,5.56,0.59,50.0,0.05,0.05,614.080601,1776199654000
1776199655.929,155.929,0.45,5.56,0.41,50.0,0.5,4.7,0.52,15.4,0.5,4.7,0.48,15.4,0.55,5.56,0.59,50.0,0.05,0.05,614.08367,1776199655000
1776199656.973,156.973,0.45,5.56,0.41,50.0,0.5,4.7,0.52,15.4,0.5,4.7,0.48,15.4,0.55,5.56,0.59,50.0,0.05,0.05,614.07978,1776199656000
1776199658.146,158.146,0.45,5.56,0.41,50.0,0.5,4.7,0.52,15.4,0.5,4.7,0.48,15.4,0.55,5.56,0.59,50.0,0.05,0.05,614.079779,1776199657000
1776199659.285,159.285,0.45,5.56,0.41,50.0,0.5,4.7,0.52,15.4,0.5,4.7,0.48,15.4,0.55,5.56,0.59,50.0,0.05,0.05,614.080256,1776199658000
1776199659.912,159.912,0.45,5.56,0.41,50.0,0.5,4.7,0.52,15.4,0.5,4.7,0.48,15.4,0.55,5.56,0.59,50.0,0.05,0.05,614.083,1776199659000
1776199660.976,160.976,0.45,5.56,0.41,50.0,0.5,4.7,0.52,15.4,0.5,4.7,0.48,15.4,0.55,5.56,0.59,50.0,0.05,0.05,614.083913,1776199660000
1776199662.153,162.153,0.45,0.56,0.41,55.0,0.51,10.0,0.52,10.4,0.49,10.0,0.48,10.4,0.55,0.56,0.59,55.0,0.06,0.06,614.11,1776199661000
1776199663.183,163.183,0.45,0.56,0.41,55.0,0.51,10.0,0.52,10.4,0.49,10.0,0.48,10.4,0.55,0.56,0.59,55.0,0.06,0.06,614.10329,1776199662000
1776199664.402,164.402,0.45,0.56,0.41,55.0,0.51,10.0,0.52,10.4,0.49,10.0,0.48,10.4,0.55,0.56,0.59,55.0,0.06,0.06,614.104509,1776199663000
1776199664.968,164.968,0.45,0.56,0.41,55.0,0.51,10.0,0.52,10.4,0.49,10.0,0.48,10.4,0.55,0.56,0.59,55.0,0.06,0.06,614.106,1776199664000
1776199666.079,166.079,0.45,0.56,0.41,55.0,0.51,10.0,0.52,10.4,0.49,10.0,0.48,10.4,0.55,0.56,0.59,55.0,0.06,0.06,614.114,1776199665000
1776199667.227,167.227,0.45,0.56,0.41,55.0,0.51,10.0,0.52,10.4,0.49,10.0,0.48,10.4,0.55,0.56,0.59,55.0,0.06,0.06,614.11,1776199666000
1776199668.393,168.393,0.45,0.56,0.41,55.0,0.51,10.0,0.52,10.4,0.49,10.0,0.48,10.4,0.55,0.56,0.59,55.0,0.06,0.06,614.104976,1776199667000
1776199668.871,168.871,0.45,0.56,0.41,55.0,0.51,10.0,0.52,10.4,0.49,10.0,0.48,10.4,0.55,0.56,0.59,55.0,0.06,0.06,614.105244,1776199668000
1776199670.439,170.439,0.45,0.56,0.41,55.0,0.51,10.0,0.52,10.4,0.49,10.0,0.48,10.4,0.55,0.56,0.59,55.0,0.06,0.06,614.11,1776199669000
1776199671.017,171.017,0.45,0.56,0.41,55.0,0.51,10.0,0.52,10.4,0.49,10.0,0.48,10.4,0.55,0.56,0.59,55.0,0.06,0.06,614.11,1776199670000
1776199672.098,172.098,0.45,0.56,0.41,55.0,0.51,10.0,0.52,10.4,0.49,10.0,0.48,10.4,0.55,0.56,0.59,55.0,0.06,0.06,614.109081,1776199671000
1776199673.266,173.266,0.45,0.56,0.41,55.0,0.51,10.0,0.52,10.4,0.49,10.0,0.48,10.4,0.55,0.56,0.59,55.0,0.06,0.06,614.126,1776199672000
1776199674.269,174.269,0.45,0.56,0.41,55.0,0.51,10.0,0.52,10.4,0.49,10.0,0.48,10.4,0.55,0.56,0.59,55.0,0.06,0.06,614.121,1776199673000
1776199675.286,175.286,0.45,0.56,0.41,55.0,0.51,10.0,0.52,10.4,0.49,10.0,0.48,10.4,0.55,0.56,0.59,55.0,0.06,0.06,614.139002,1776199674000
1776199676.4,176.4,0.45,0.56,0.41,55.0,0.51,10.0,0.52,10.4,0.49,10.0,0.48,10.4,0.55,0.56,0.59,55.0,0.06,0.06,614.134567,1776199675000
1776199676.931,176.931,0.45,0.56,0.41,55.0,0.51,10.0,0.52,10.4,0.49,10.0,0.48,10.4,0.55,0.56,0.59,55.0,0.06,0.06,614.13456,1776199676000
1776199678.019,178.019,0.45,0.56,0.41,55.0,0.51,10.0,0.52,10.4,0.49,10.0,0.48,10.4,0.55,0.56,0.59,55.0,0.06,0.06,614.136686,1776199677000
1776199679.112,179.112,0.45,0.56,0.41,55.0,0.51,10.0,0.52,10.4,0.49,10.0,0.48,10.4,0.55,0.56,0.59,55.0,0.06,0.06,614.137943,1776199678000
1776199680.205,180.205,0.45,0.56,0.41,55.0,0.51,10.0,0.52,10.4,0.49,10.0,0.48,10.4,0.55,0.56,0.59,55.0,0.06,0.06,614.135854,1776199679000
1776199681.384,181.384,0.45,0.56,0.41,55.0,0.51,10.0,0.52,10.4,0.49,10.0,0.48,10.4,0.55,0.56,0.59,55.0,0.06,0.06,614.136489,1776199680000
1776199681.989,181.989,0.45,0.56,0.41,55.0,0.51,10.0,0.52,10.4,0.49,10.0,0.48,10.4,0.55,0.56,0.59,55.0,0.06,0.06,614.136489,1776199681000
1776199683.135,183.135,0.45,0.56,0.41,55.0,0.51,10.0,0.52,10.4,0.49,10.0,0.48,10.4,0.55,0.56,0.59,55.0,0.06,0.06,614.136555,1776199682000
1776199684.153,184.153,0.45,0.56,0.41,55.0,0.51,10.0,0.52,10.4,0.49,10.0,0.48,10.4,0.55,0.56,0.59,55.0,0.06,0.06,614.136587,1776199683000
1776199685.567,185.567,0.45,0.56,0.41,55.0,0.51,10.0,0.52,10.4,0.49,10.0,0.48,10.4,0.55,0.56,0.59,55.0,0.06,0.06,614.136587,1776199684000
1776199686.496,186.496,0.45,0.56,0.41,55.0,0.51,10.0,0.52,10.4,0.49,10.0,0.48,10.4,0.55,0.56,0.59,55.0,0.06,0.06,614.136587,1776199685000
1776199687.131,187.131,0.45,0.56,0.41,55.0,0.51,10.0,0.52,10.4,0.49,10.0,0.48,10.4,0.55,0.56,0.59,55.0,0.06,0.06,614.136703,1776199686000
1776199688.351,188.351,0.45,0.56,0.41,55.0,0.51,10.0,0.52,10.4,0.49,10.0,0.48,10.4,0.55,0.56,0.59,55.0,0.06,0.06,614.135764,1776199687000
1776199689.209,189.209,0.45,0.56,0.41,55.0,0.51,10.0,0.52,10.4,0.49,10.0,0.48,10.4,0.55,0.56,0.59,55.0,0.06,0.06,614.135764,1776199688000
1776199690.503,190.503,0.45,0.56,0.41,55.0,0.51,10.0,0.52,10.4,0.49,10.0,0.48,10.4,0.55,0.56,0.59,55.0,0.06,0.06,614.137885,1776199689000
1776199691.101,191.101,0.45,0.56,0.41,55.0,0.51,10.0,0.52,10.4,0.49,10.0,0.48,10.4,0.55,0.56,0.59,55.0,0.06,0.06,614.137885,1776199690000
1776199692.339,192.339,0.45,0.56,0.41,55.0,0.51,10.0,0.52,10.4,0.49,10.0,0.48,10.4,0.55,0.56,0.59,55.0,0.06,0.06,614.135673,1776199691000
1776199693.109,193.109,0.45,0.56,0.41,55.0,0.51,10.0,0.52,10.4,0.49,10.0,0.48,10.4,0.55,0.56,0.59,55.0,0.06,0.06,614.135673,1776199692000
1776199694.418,194.418,0.45,0.56,0.41,55.0,0.51,10.0,0.52,10.4,0.49,10.0,0.48,10.4,0.55,0.56,0.59,55.0,0.06,0.06,614.137515,1776199693000
1776199695.084,195.084,0.45,0.56,0.41,55.0,0.51,10.0,0.52,10.4,0.49,10.0,0.48,10.4,0.55,0.56,0.59,55.0,0.06,0.06,614.137515,1776199694000
1776199696.416,196.416,0.45,0.56,0.41,55.0,0.51,10.0,0.52,10.4,0.49,10.0,0.48,10.4,0.55,0.56,0.59,55.0,0.06,0.06,614.189982,1776199695000
1776199696.989,196.989,0.45,0.56,0.41,55.0,0.51,10.0,0.52,10.4,0.49,10.0,0.48,10.4,0.55,0.56,0.59,55.0,0.06,0.06,614.189982,1776199696000
1776199698.337,198.337,0.45,0.56,0.41,55.0,0.51,10.0,0.52,10.4,0.49,10.0,0.48,10.4,0.55,0.56,0.59,55.0,0.06,0.06,614.225929,1776199697000
1776199699.227,199.227,0.45,0.56,0.41,55.0,0.51,10.0,0.52,10.4,0.49,10.0,0.48,10.4,0.55,0.56,0.59,55.0,0.06,0.06,614.225929,1776199698000
1776199700.004,200.004,0.57,10.0,0.56,5.0,0.69,7.39,0.7,10.0,0.49,10.0,0.48,10.4,0.55,0.56,0.59,55.0,0.12,0.06,614.225929,1776199698000
1776199700.634,200.634,0.57,10.0,0.56,5.0,0.69,7.39,0.7,10.0,0.31,7.39,0.3,10.0,0.43,10.0,0.44,5.0,0.12,0.12,614.226561,1776199699000
1776199701.598,201.598,0.57,10.0,0.56,5.0,0.69,7.39,0.7,10.0,0.31,7.39,0.3,10.0,0.43,10.0,0.44,5.0,0.12,0.12,614.226698,1776199700000
1776199702.144,202.144,0.57,10.0,0.56,5.0,0.69,7.39,0.7,10.0,0.31,7.39,0.3,10.0,0.43,10.0,0.44,5.0,0.12,0.12,614.211409,1776199701000
1776199703.206,203.206,0.57,10.0,0.56,5.0,0.69,7.39,0.7,10.0,0.31,7.39,0.3,10.0,0.43,10.0,0.44,5.0,0.12,0.12,614.215706,1776199702000
1776199704.368,204.368,0.57,10.0,0.56,5.0,0.69,7.39,0.7,10.0,0.31,7.39,0.3,10.0,0.43,10.0,0.44,5.0,0.12,0.12,614.212419,1776199703000
1776199705.42,205.42,0.57,10.0,0.56,5.0,0.69,7.39,0.7,10.0,0.31,7.39,0.3,10.0,0.43,10.0,0.44,5.0,0.12,0.12,614.212288,1776199704000
1776199706.012,206.012,0.57,10.0,0.56,5.0,0.69,7.39,0.7,10.0,0.31,7.39,0.3,10.0,0.43,10.0,0.44,5.0,0.12,0.12,614.218398,1776199705000
1776199707.031,207.031,0.57,10.0,0.56,5.0,0.69,7.39,0.7,10.0,0.31,7.39,0.3,10.0,0.43,10.0,0.44,5.0,0.12,0.12,614.218973,1776199706000
1776199708.09,208.09,0.57,10.0,0.56,5.0,0.69,7.39,0.7,10.0,0.31,7.39,0.3,10.0,0.43,10.0,0.44,5.0,0.12,0.12,614.212674,1776199707000
1776199709.144,209.144,0.57,10.0,0.56,5.0,0.69,7.39,0.7,10.0,0.31,7.39,0.3,10.0,0.43,10.0,0.44,5.0,0.12,0.12,614.212363,1776199708000
1776199710.183,210.183,0.57,10.0,0.56,5.0,0.69,7.39,0.7,10.0,0.31,7.39,0.3,10.0,0.43,10.0,0.44,5.0,0.12,0.12,614.212363,1776199709000
1776199711.266,211.266,0.57,10.0,0.56,5.0,0.69,7.39,0.7,10.0,0.31,7.39,0.3,10.0,0.43,10.0,0.44,5.0,0.12,0.12,614.212363,1776199710000
1776199712.327,212.327,0.57,10.0,0.56,5.0,0.69,7.39,0.7,10.0,0.31,7.39,0.3,10.0,0.43,10.0,0.44,5.0,0.12,0.12,614.21233,1776199711000
1776199713.363,213.363,0.57,10.0,0.56,5.0,0.69,7.39,0.7,10.0,0.31,7.39,0.3,10.0,0.43,10.0,0.44,5.0,0.12,0.12,614.169986,1776199712000
1776199714.332,214.332,0.57,10.0,0.56,5.0,0.69,7.39,0.7,10.0,0.31,7.39,0.3,10.0,0.43,10.0,0.44,5.0,0.12,0.12,614.167047,1776199713000
1776199715.42,215.42,0.57,10.0,0.56,5.0,0.69,7.39,0.7,10.0,0.31,7.39,0.3,10.0,0.43,10.0,0.44,5.0,0.12,0.12,614.167047,1776199714000
1776199716.061,216.061,0.57,10.0,0.56,5.0,0.69,7.39,0.7,10.0,0.31,7.39,0.3,10.0,0.43,10.0,0.44,5.0,0.12,0.12,614.165089,1776199715000
1776199717.415,217.415,0.57,10.0,0.56,5.0,0.69,7.39,0.7,10.0,0.31,7.39,0.3,10.0,0.43,10.0,0.44,5.0,0.12,0.12,614.165096,1776199716000
1776199718.001,218.001,0.57,10.0,0.56,5.0,0.69,7.39,0.7,10.0,0.31,7.39,0.3,10.0,0.43,10.0,0.44,5.0,0.12,0.12,614.165096,1776199717000
1776199719.202,219.202,0.57,10.0,0.56,5.0,0.69,7.39,0.7,10.0,0.31,7.39,0.3,10.0,0.43,10.0,0.44,5.0,0.12,0.12,614.168154,1776199718000
1776199720.453,220.453,0.57,10.0,0.56,5.0,0.69,7.39,0.7,10.0,0.31,7.39,0.3,10.0,0.43,10.0,0.44,5.0,0.12,0.12,614.168154,1776199719000
1776199721.019,221.019,0.57,10.0,0.56,5.0,0.69,7.39,0.7,10.0,0.31,7.39,0.3,10.0,0.43,10.0,0.44,5.0,0.12,0.12,614.168093,1776199720000
1776199722.211,222.211,0.57,10.0,0.56,5.0,0.69,7.39,0.7,10.0,0.31,7.39,0.3,10.0,0.43,10.0,0.44,5.0,0.12,0.12,614.168,1776199721000
1776199723.331,223.331,0.57,10.0,0.56,5.0,0.69,7.39,0.7,10.0,0.31,7.39,0.3,10.0,0.43,10.0,0.44,5.0,0.12,0.12,614.166339,1776199722000
1776199724.462,224.462,0.57,10.0,0.56,5.0,0.69,7.39,0.7,10.0,0.31,7.39,0.3,10.0,0.43,10.0,0.44,5.0,0.12,0.12,614.164835,1776199723000
1776199725.062,225.062,0.57,10.0,0.56,5.0,0.69,7.39,0.7,10.0,0.31,7.39,0.3,10.0,0.43,10.0,0.44,5.0,0.12,0.12,614.164835,1776199724000
1776199726.201,226.201,0.57,10.0,0.56,5.0,0.69,7.39,0.7,10.0,0.31,7.39,0.3,10.0,0.43,10.0,0.44,5.0,0.12,0.12,614.164399,1776199725000
1776199727.389,227.389,0.57,10.0,0.56,5.0,0.69,7.39,0.7,10.0,0.31,7.39,0.3,10.0,0.43,10.0,0.44,5.0,0.12,0.12,614.162889,1776199726000
1776199727.978,227.978,0.57,10.0,0.56,5.0,0.69,7.39,0.7,10.0,0.31,7.39,0.3,10.0,0.43,10.0,0.44,5.0,0.12,0.12,614.162889,1776199727000
1776199729.151,229.151,0.57,10.0,0.56,5.0,0.69,7.39,0.7,10.0,0.31,7.39,0.3,10.0,0.43,10.0,0.44,5.0,0.12,0.12,614.155313,1776199728000
1776199731.162,231.162,0.57,10.0,0.56,5.0,0.69,7.39,0.7,10.0,0.31,7.39,0.3,10.0,0.43,10.0,0.44,5.0,0.12,0.12,614.15551,1776199729000
1776199731.699,231.699,0.57,10.0,0.56,5.0,0.69,7.39,0.7,10.0,0.31,7.39,0.3,10.0,0.43,10.0,0.44,5.0,0.12,0.12,614.15551,1776199730000
1776199732.302,232.302,0.57,10.0,0.56,5.0,0.69,7.39,0.7,10.0,0.31,7.39,0.3,10.0,0.43,10.0,0.44,5.0,0.12,0.12,614.15548,1776199731000
1776199733.52,233.52,0.57,10.0,0.56,5.0,0.69,7.39,0.7,10.0,0.31,7.39,0.3,10.0,0.43,10.0,0.44,5.0,0.12,0.12,614.155196,1776199732000
1776199734.03,234.03,0.57,10.0,0.56,5.0,0.69,7.39,0.7,10.0,0.31,7.39,0.3,10.0,0.43,10.0,0.44,5.0,0.12,0.12,614.132659,1776199733000
1776199735.074,235.074,0.57,10.0,0.56,5.0,0.69,7.39,0.7,10.0,0.31,7.39,0.3,10.0,0.43,10.0,0.44,5.0,0.12,0.12,614.13217,1776199734000
1776199736.251,236.251,0.57,10.0,0.56,5.0,0.69,7.39,0.7,10.0,0.31,7.39,0.3,10.0,0.43,10.0,0.44,5.0,0.12,0.12,614.126973,1776199735000
1776199737.042,237.042,0.34,8.48,0.32,11.9,0.51,10.4,0.52,10.4,0.31,7.39,0.3,10.0,0.43,10.0,0.44,5.0,0.17,0.12,614.126973,1776199735000
1776199737.402,237.402,0.34,8.48,0.32,11.9,0.51,10.4,0.52,10.4,0.49,10.4,0.48,10.4,0.66,8.48,0.68,11.9,0.17,0.17,614.136,1776199736000
1776199737.943,237.943,0.34,8.48,0.32,11.9,0.51,10.4,0.52,10.4,0.49,10.4,0.48,10.4,0.66,8.48,0.68,11.9,0.17,0.17,614.136,1776199737000
1776199739.082,239.082,0.34,8.48,0.32,11.9,0.51,10.4,0.52,10.4,0.49,10.4,0.48,10.4,0.66,8.48,0.68,11.9,0.17,0.17,614.127288,1776199738000
1776199740.266,240.266,0.34,8.48,0.32,11.9,0.51,10.4,0.52,10.4,0.49,10.4,0.48,10.4,0.66,8.48,0.68,11.9,0.17,0.17,614.125543,1776199739000
1776199740.862,240.862,0.34,8.48,0.32,11.9,0.51,10.4,0.52,10.4,0.49,10.4,0.48,10.4,0.66,8.48,0.68,11.9,0.17,0.17,614.125543,1776199740000
1776199741.883,241.883,0.34,8.48,0.32,11.9,0.51,10.4,0.52,10.4,0.49,10.4,0.48,10.4,0.66,8.48,0.68,11.9,0.17,0.17,614.125543,1776199741000
1776199743.079,243.079,0.34,8.48,0.32,11.9,0.51,10.4,0.52,10.4,0.49,10.4,0.48,10.4,0.66,8.48,0.68,11.9,0.17,0.17,614.117034,1776199742000
1776199744.272,244.272,0.34,8.48,0.32,11.9,0.51,10.4,0.52,10.4,0.49,10.4,0.48,10.4,0.66,8.48,0.68,11.9,0.17,0.17,614.117091,1776199743000
1776199744.877,244.877,0.34,8.48,0.32,11.9,0.51,10.4,0.52,10.4,0.49,10.4,0.48,10.4,0.66,8.48,0.68,11.9,0.17,0.17,614.117198,1776199744000
1776199746.549,246.549,0.34,8.48,0.32,11.9,0.51,10.4,0.52,10.4,0.49,10.4,0.48,10.4,0.66,8.48,0.68,11.9,0.17,0.17,614.117101,1776199745000
1776199747.162,247.162,0.34,8.48,0.32,11.9,0.51,10.4,0.52,10.4,0.49,10.4,0.48,10.4,0.66,8.48,0.68,11.9,0.17,0.17,614.116796,1776199746000
1776199748.306,248.306,0.34,8.48,0.32,11.9,0.51,10.4,0.52,10.4,0.49,10.4,0.48,10.4,0.66,8.48,0.68,11.9,0.17,0.17,614.133,1776199747000
1776199748.972,248.972,0.34,8.48,0.32,11.9,0.51,10.4,0.52,10.4,0.49,10.4,0.48,10.4,0.66,8.48,0.68,11.9,0.17,0.17,614.133,1776199748000
1776199750.176,250.176,0.34,8.48,0.32,11.9,0.51,10.4,0.52,10.4,0.49,10.4,0.48,10.4,0.66,8.48,0.68,11.9,0.17,0.17,614.136,1776199749000
1776199751.77,251.77,0.34,8.48,0.32,11.9,0.51,10.4,0.52,10.4,0.49,10.4,0.48,10.4,0.66,8.48,0.68,11.9,0.17,0.17,614.139,1776199750000
1776199752.444,252.444,0.34,8.48,0.32,11.9,0.51,10.4,0.52,10.4,0.49,10.4,0.48,10.4,0.66,8.48,0.68,11.9,0.17,0.17,614.122,1776199751000
1776199753.066,253.066,0.34,8.48,0.32,11.9,0.51,10.4,0.52,10.4,0.49,10.4,0.48,10.4,0.66,8.48,0.68,11.9,0.17,0.17,614.122,1776199752000
1776199754.387,254.387,0.34,8.48,0.32,11.9,0.51,10.4,0.52,10.4,0.49,10.4,0.48,10.4,0.66,8.48,0.68,11.9,0.17,0.17,614.124,1776199753000
1776199755.005,255.005,0.34,8.48,0.32,11.9,0.51,10.4,0.52,10.4,0.49,10.4,0.48,10.4,0.66,8.48,0.68,11.9,0.17,0.17,614.124,1776199754000
1776199756.135,256.135,0.34,8.48,0.32,11.9,0.51,10.4,0.52,10.4,0.49,10.4,0.48,10.4,0.66,8.48,0.68,11.9,0.17,0.17,614.139,1776199755000
1776199757.594,257.594,0.34,8.48,0.32,11.9,0.51,10.4,0.52,10.4,0.49,10.4,0.48,10.4,0.66,8.48,0.68,11.9,0.17,0.17,614.139,1776199756000
1776199758.344,258.344,0.34,8.48,0.32,11.9,0.51,10.4,0.52,10.4,0.49,10.4,0.48,10.4,0.66,8.48,0.68,11.9,0.17,0.17,614.139,1776199757000
1776199759.588,259.588,0.34,8.48,0.32,11.9,0.51,10.4,0.52,10.4,0.49,10.4,0.48,10.4,0.66,8.48,0.68,11.9,0.17,0.17,614.155,1776199758000
1776199760.223,260.223,0.34,8.48,0.32,11.9,0.51,10.4,0.52,10.4,0.49,10.4,0.48,10.4,0.66,8.48,0.68,11.9,0.17,0.17,614.155,1776199759000
1776199761.423,261.423,0.34,8.48,0.32,11.9,0.51,10.4,0.52,10.4,0.49,10.4,0.48,10.4,0.66,8.48,0.68,11.9,0.17,0.17,614.164,1776199760000
1776199762.324,262.324,0.34,8.48,0.32,11.9,0.51,10.4,0.52,10.4,0.49,10.4,0.48,10.4,0.66,8.48,0.68,11.9,0.17,0.17,614.191,1776199761000
1776199763.007,263.007,0.34,8.48,0.32,11.9,0.51,10.4,0.52,10.4,0.49,10.4,0.48,10.4,0.66,8.48,0.68,11.9,0.17,0.17,614.191,1776199762000
1776199763.915,263.915,0.34,8.48,0.32,11.9,0.51,10.4,0.52,10.4,0.49,10.4,0.48,10.4,0.66,8.48,0.68,11.9,0.17,0.17,614.194,1776199763000
1776199764.964,264.964,0.34,8.48,0.32,11.9,0.51,10.4,0.52,10.4,0.49,10.4,0.48,10.4,0.66,8.48,0.68,11.9,0.17,0.17,614.186,1776199764000
1776199766.053,266.053,0.34,8.48,0.32,11.9,0.51,10.4,0.52,10.4,0.49,10.4,0.48,10.4,0.66,8.48,0.68,11.9,0.17,0.17,614.212,1776199765000
1776199767.013,267.013,0.34,8.48,0.32,11.9,0.51,10.4,0.52,10.4,0.49,10.4,0.48,10.4,0.66,8.48,0.68,11.9,0.17,0.17,614.208,1776199766000
1776199767.437,267.437,0.37,11.2,0.36,11.3,0.49,4.0,0.54,10.5,0.49,10.4,0.48,10.4,0.66,8.48,0.68,11.9,0.12,0.17,614.208,1776199766000
1776199768.092,268.092,0.37,11.2,0.36,11.3,0.49,4.0,0.54,10.5,0.51,4.0,0.46,10.5,0.63,11.2,0.64,11.3,0.12,0.12,614.211,1776199767000
1776199769.16,269.16,0.37,11.2,0.36,11.3,0.49,4.0,0.54,10.5,0.51,4.0,0.46,10.5,0.63,11.2,0.64,11.3,0.12,0.12,614.217,1776199768000
1776199770.178,270.178,0.37,11.2,0.36,11.3,0.49,4.0,0.54,10.5,0.51,4.0,0.46,10.5,0.63,11.2,0.64,11.3,0.12,0.12,614.216,1776199769000
1776199771.235,271.235,0.51,46.0,0.41,106.0,0.8,16.2,0.81,66.89,0.2,16.2,0.19,66.89,0.49,46.0,0.59,106.0,0.29,0.29,614.217,1776199770000
1776199772.285,272.285,0.51,46.0,0.41,106.0,0.8,16.2,0.81,66.89,0.2,16.2,0.19,66.89,0.49,46.0,0.59,106.0,0.29,0.29,614.257,1776199771000
1776199773.365,273.365,0.51,46.0,0.41,106.0,0.8,16.2,0.81,66.89,0.2,16.2,0.19,66.89,0.49,46.0,0.59,106.0,0.29,0.29,614.319,1776199772000
1776199774.493,274.493,0.51,46.0,0.41,106.0,0.8,16.2,0.81,66.89,0.2,16.2,0.19,66.89,0.49,46.0,0.59,106.0,0.29,0.29,614.292,1776199773000
1776199774.923,274.923,0.51,46.0,0.41,106.0,0.8,16.2,0.81,66.89,0.2,16.2,0.19,66.89,0.49,46.0,0.59,106.0,0.29,0.29,614.292,1776199774000
1776199776.34,276.34,0.51,46.0,0.41,106.0,0.8,16.2,0.81,66.89,0.2,16.2,0.19,66.89,0.49,46.0,0.59,106.0,0.29,0.29,614.29,1776199775000
1776199777.034,277.034,0.51,46.0,0.41,106.0,0.8,16.2,0.81,66.89,0.2,16.2,0.19,66.89,0.49,46.0,0.59,106.0,0.29,0.29,614.289,1776199776000
1776199778.008,278.008,0.51,46.0,0.41,106.0,0.8,16.2,0.81,66.89,0.2,16.2,0.19,66.89,0.49,46.0,0.59,106.0,0.29,0.29,614.289,1776199777000
1776199779.51,279.51,0.51,46.0,0.41,106.0,0.8,16.2,0.81,66.89,0.2,16.2,0.19,66.89,0.49,46.0,0.59,106.0,0.29,0.29,614.291,1776199778000
1776199780.088,280.088,0.51,46.0,0.41,106.0,0.8,16.2,0.81,66.89,0.2,16.2,0.19,66.89,0.49,46.0,0.59,106.0,0.29,0.29,614.291,1776199779000
1776199781.211,281.211,0.51,46.0,0.41,106.0,0.8,16.2,0.81,66.89,0.2,16.2,0.19,66.89,0.49,46.0,0.59,106.0,0.29,0.29,614.292,1776199780000
1776199781.42,281.42,0.41,50.0,0.31,50.0,0.71,45.81,0.81,50.0,0.2,16.2,0.19,66.89,0.49,46.0,0.59,106.0,0.3,0.29,614.292,1776199780000
1776199782.349,282.349,0.41,50.0,0.31,50.0,0.71,41.62,0.81,50.0,0.29,41.62,0.19,50.0,0.59,50.0,0.69,50.0,0.3,0.3,614.293,1776199781000
1776199783.43,283.43,0.41,50.0,0.31,50.0,0.71,41.62,0.81,50.0,0.29,41.62,0.19,50.0,0.59,50.0,0.69,50.0,0.3,0.3,614.303,1776199782000
1776199784.117,284.117,0.41,50.0,0.31,50.0,0.71,41.62,0.81,50.0,0.29,41.62,0.19,50.0,0.59,50.0,0.69,50.0,0.3,0.3,614.303,1776199783000
1776199785.562,285.562,0.71,81.0,0.61,50.0,0.94,30.17,0.96,5.0,0.06,30.17,0.04,5.0,0.29,81.0,0.39,50.0,0.23,0.23,614.262,1776199784000
1776199786.047,286.047,0.71,81.0,0.61,50.0,0.94,30.17,0.96,5.0,0.06,30.17,0.04,5.0,0.29,81.0,0.39,50.0,0.23,0.23,614.295,1776199785000
1776199787.217,287.217,0.71,81.0,0.61,50.0,0.94,30.17,0.96,5.0,0.06,30.17,0.04,5.0,0.29,81.0,0.39,50.0,0.23,0.23,614.298,1776199786000
1776199788.304,288.304,0.71,81.0,0.61,50.0,0.94,30.17,0.96,5.0,0.06,30.17,0.04,5.0,0.29,81.0,0.39,50.0,0.23,0.23,614.307,1776199787000
1776199788.87,288.87,0.71,81.0,0.61,50.0,0.94,30.17,0.96,5.0,0.06,30.17,0.04,5.0,0.29,81.0,0.39,50.0,0.23,0.23,614.307,1776199788000
1776199790.18,290.18,0.71,81.0,0.61,50.0,0.94,30.17,0.96,5.0,0.06,30.17,0.04,5.0,0.29,81.0,0.39,50.0,0.23,0.23,614.308,1776199789000
1776199791.43,291.43,0.95,5.0,0.71,50.0,0.98,10.0,0.99,400.0,0.02,10.0,0.01,400.0,0.05,5.0,0.29,50.0,0.03,0.03,614.298,1776199790000
1776199791.934,291.934,0.95,5.0,0.71,50.0,0.98,10.0,0.99,400.0,0.02,10.0,0.01,400.0,0.05,5.0,0.29,50.0,0.03,0.03,614.298,1776199791000
1776199793.129,293.129,0.95,5.0,0.71,50.0,0.98,10.0,0.99,400.0,0.02,10.0,0.01,400.0,0.05,5.0,0.29,50.0,0.03,0.03,614.299,1776199792000
1776199794.305,294.305,0.95,5.0,0.71,50.0,0.98,10.0,0.99,400.0,0.02,10.0,0.01,400.0,0.05,5.0,0.29,50.0,0.03,0.03,614.301,1776199793000
1776199795.293,295.293,0.95,5.0,0.81,50.0,0.98,5.0,0.99,120.0,0.02,5.0,0.01,120.0,0.05,5.0,0.19,50.0,0.03,0.03,614.308,1776199794000
1776199795.536,295.536,0.95,5.0,0.81,50.0,0.98,1.96,0.99,120.0,0.02,5.0,0.01,120.0,0.05,5.0,0.19,50.0,0.03,0.03,614.308,1776199794000
1776199795.885,295.885,0.95,5.0,0.81,50.0,0.98,1.96,0.99,120.0,0.02,1.96,0.01,120.0,0.05,5.0,0.19,50.0,0.03,0.03,614.308,1776199795000
1776199796.946,296.946,0.95,5.0,0.81,50.0,0.98,1.96,0.99,120.0,0.02,1.96,0.01,120.0,0.05,5.0,0.19,50.0,0.03,0.03,614.309,1776199796000
1776199797.353,297.353,0.95,5.0,0.91,50.0,0.99,66.68,,,0.02,1.96,0.01,120.0,0.05,5.0,0.19,50.0,0.04,0.03,614.309,1776199796000
1776199797.628,297.628,0.95,5.0,0.91,50.0,0.99,35.48,,,0.01,55.68,,,0.05,5.0,0.09,50.0,0.04,0.04,614.309,1776199796000
1776199798.074,298.074,0.95,5.0,0.91,50.0,,,,,,,,,0.05,5.0,0.09,50.0,,,614.308,1776199797000
1776199799.116,299.116,0.95,5.0,0.91,50.0,,,,,,,,,0.05,5.0,0.09,50.0,,,614.301,1776199798000
1776199800.218,300.218,0.95,5.0,0.91,50.0,,,,,,,,,0.05,5.0,0.09,50.0,,,614.302,1776199799000

# RESULT,winner=Up,slug=bnb-updown-5m-1776199500,ticks=319
