timestamp,elapsed_sec,up_bid_p1,up_bid_s1,up_bid_p2,up_bid_s2,up_ask_p1,up_ask_s1,up_ask_p2,up_ask_s2,down_bid_p1,down_bid_s1,down_bid_p2,down_bid_s2,down_ask_p1,down_ask_s1,down_ask_p2,down_ask_s2,up_spread,down_spread,bnb_price,bnb_oracle_ts
1776197111.568,11.568,0.52,5.0,0.51,5.0,0.57,10.0,0.58,11.9,0.43,10.0,0.42,11.9,0.48,5.0,0.49,5.0,0.05,0.05,614.409,1776197110000
1776197111.951,11.951,0.52,5.0,0.51,5.0,0.57,10.0,0.58,11.9,0.43,10.0,0.42,11.9,0.48,5.0,0.49,5.0,0.05,0.05,614.409,1776197110000
1776197116.656,16.656,0.52,5.0,0.51,5.0,0.57,10.0,0.58,11.9,0.43,10.0,0.42,11.9,0.48,5.0,0.49,5.0,0.05,0.05,614.397,1776197112000
1776197117.04,17.04,0.52,5.0,0.51,5.0,0.57,10.0,0.58,11.9,0.43,10.0,0.42,11.9,0.48,5.0,0.49,5.0,0.05,0.05,614.336,1776197115000
1776197117.848,17.848,0.52,5.0,0.51,5.0,0.57,10.0,0.58,11.9,0.43,10.0,0.42,11.9,0.48,5.0,0.49,5.0,0.05,0.05,614.339,1776197116000
1776197118.3,18.3,0.52,5.0,0.51,5.0,0.57,10.0,0.58,11.9,0.43,10.0,0.42,11.9,0.48,5.0,0.49,5.0,0.05,0.05,614.339,1776197117000
1776197119.504,19.504,0.52,5.0,0.51,5.0,0.57,10.0,0.58,11.9,0.43,10.0,0.42,11.9,0.48,5.0,0.49,5.0,0.05,0.05,614.34,1776197118000
1776197120.32,20.32,0.52,5.0,0.51,5.0,0.57,10.0,0.58,11.9,0.43,10.0,0.42,11.9,0.48,5.0,0.49,5.0,0.05,0.05,614.34,1776197119000
1776197121.417,21.417,0.52,5.0,0.51,5.0,0.57,10.0,0.58,11.9,0.43,10.0,0.42,11.9,0.48,5.0,0.49,5.0,0.05,0.05,614.284535,1776197120000
1776197122.199,22.199,0.52,5.0,0.51,5.0,0.57,10.0,0.58,11.9,0.43,10.0,0.42,11.9,0.48,5.0,0.49,5.0,0.05,0.05,614.284393,1776197121000
1776197122.481,22.481,0.49,5.0,0.47,5.0,0.56,5.0,0.57,15.0,0.43,10.0,0.42,11.9,0.48,5.0,0.49,5.0,0.07,0.05,614.284393,1776197121000
1776197123.382,23.382,0.49,5.0,0.47,5.0,0.56,5.0,0.57,15.0,0.44,5.0,0.43,15.0,0.51,5.0,0.53,5.0,0.07,0.07,614.312,1776197122000
1776197124.148,24.148,0.49,5.0,0.47,5.0,0.56,5.0,0.57,15.0,0.44,5.0,0.43,15.0,0.51,5.0,0.53,5.0,0.07,0.07,614.321,1776197123000
1776197124.592,24.592,0.51,5.0,0.49,5.0,0.57,10.0,0.58,11.9,0.44,5.0,0.43,15.0,0.51,5.0,0.53,5.0,0.06,0.07,614.321,1776197123000
1776197125.281,25.281,0.51,5.0,0.49,5.0,0.57,10.0,0.58,11.9,0.43,10.0,0.42,11.9,0.49,5.0,0.51,5.0,0.06,0.06,614.34,1776197124000
1776197126.621,26.621,0.51,5.0,0.49,5.0,0.57,10.0,0.58,11.9,0.43,10.0,0.42,11.9,0.49,5.0,0.51,5.0,0.06,0.06,614.396,1776197125000
1776197127.288,27.288,0.51,5.0,0.49,5.0,0.57,10.0,0.58,11.9,0.43,10.0,0.42,11.9,0.49,5.0,0.51,5.0,0.06,0.06,614.403,1776197126000
1776197128.742,28.742,0.51,5.0,0.49,5.0,0.57,10.0,0.58,11.9,0.43,10.0,0.42,11.9,0.49,5.0,0.51,5.0,0.06,0.06,614.403,1776197127000
1776197129.317,29.317,0.51,5.0,0.49,5.0,0.57,10.0,0.58,11.9,0.43,10.0,0.42,11.9,0.49,5.0,0.51,5.0,0.06,0.06,614.403,1776197128000
1776197130.565,30.565,0.51,5.0,0.49,5.0,0.57,10.0,0.58,11.9,0.43,10.0,0.42,11.9,0.49,5.0,0.51,5.0,0.06,0.06,614.404,1776197129000
1776197131.188,31.188,0.51,5.0,0.49,5.0,0.57,10.0,0.58,11.9,0.43,10.0,0.42,11.9,0.49,5.0,0.51,5.0,0.06,0.06,614.404,1776197130000
1776197132.413,32.413,0.51,5.0,0.49,5.0,0.57,10.0,0.58,11.9,0.43,10.0,0.42,11.9,0.49,5.0,0.51,5.0,0.06,0.06,614.408,1776197131000
1776197133.471,33.471,0.51,5.0,0.49,5.0,0.57,10.0,0.58,11.9,0.43,10.0,0.42,11.9,0.49,5.0,0.51,5.0,0.06,0.06,614.405,1776197132000
1776197134.286,34.286,0.51,5.0,0.49,5.0,0.57,10.0,0.58,11.9,0.43,10.0,0.42,11.9,0.49,5.0,0.51,5.0,0.06,0.06,614.405,1776197133000
1776197135.916,35.916,0.51,5.0,0.49,5.0,0.57,10.0,0.58,11.9,0.43,10.0,0.42,11.9,0.49,5.0,0.51,5.0,0.06,0.06,614.407,1776197134000
1776197136.769,36.769,0.51,5.0,0.49,5.0,0.57,10.0,0.58,11.9,0.43,10.0,0.42,11.9,0.49,5.0,0.51,5.0,0.06,0.06,614.415,1776197135000
1776197137.44,37.44,0.51,5.0,0.49,5.0,0.57,10.0,0.58,11.9,0.43,10.0,0.42,11.9,0.49,5.0,0.51,5.0,0.06,0.06,614.421,1776197136000
1776197138.198,38.198,0.51,5.0,0.49,5.0,0.57,10.0,0.58,11.9,0.43,10.0,0.42,11.9,0.49,5.0,0.51,5.0,0.06,0.06,614.391,1776197137000
1776197139.429,39.429,0.51,5.0,0.49,5.0,0.57,10.0,0.58,11.9,0.43,10.0,0.42,11.9,0.49,5.0,0.51,5.0,0.06,0.06,614.391,1776197138000
1776197140.14,40.14,0.51,5.0,0.49,5.0,0.57,10.0,0.58,11.9,0.43,10.0,0.42,11.9,0.49,5.0,0.51,5.0,0.06,0.06,614.346,1776197139000
1776197141.577,41.577,0.51,5.0,0.49,5.0,0.57,10.0,0.58,11.9,0.43,10.0,0.42,11.9,0.49,5.0,0.51,5.0,0.06,0.06,614.348,1776197140000
1776197142.084,42.084,0.51,5.0,0.49,5.0,0.57,10.0,0.58,11.9,0.43,10.0,0.42,11.9,0.49,5.0,0.51,5.0,0.06,0.06,614.335,1776197141000
1776197143.663,43.663,0.51,5.0,0.49,5.0,0.57,10.0,0.58,11.9,0.43,10.0,0.42,11.9,0.49,5.0,0.51,5.0,0.06,0.06,614.321,1776197142000
1776197144.279,44.279,0.51,5.0,0.49,5.0,0.57,10.0,0.58,11.9,0.43,10.0,0.42,11.9,0.49,5.0,0.51,5.0,0.06,0.06,614.321,1776197143000
1776197145.177,45.177,0.51,5.0,0.49,5.0,0.57,10.0,0.58,11.9,0.43,10.0,0.42,11.9,0.49,5.0,0.51,5.0,0.06,0.06,614.324688,1776197144000
1776197146.515,46.515,0.51,5.0,0.49,5.0,0.57,10.0,0.58,11.9,0.43,10.0,0.42,11.9,0.49,5.0,0.51,5.0,0.06,0.06,614.348,1776197145000
1776197147.158,47.158,0.51,5.0,0.49,5.0,0.57,10.0,0.58,11.9,0.43,10.0,0.42,11.9,0.49,5.0,0.51,5.0,0.06,0.06,614.348,1776197146000
1776197148.631,48.631,0.51,5.0,0.49,5.0,0.57,10.0,0.58,11.9,0.43,10.0,0.42,11.9,0.49,5.0,0.51,5.0,0.06,0.06,614.396,1776197147000
1776197149.19,49.19,0.51,5.0,0.49,5.0,0.57,10.0,0.58,11.9,0.43,10.0,0.42,11.9,0.49,5.0,0.51,5.0,0.06,0.06,614.396,1776197148000
1776197150.567,50.567,0.51,5.0,0.49,5.0,0.57,10.0,0.58,11.9,0.43,10.0,0.42,11.9,0.49,5.0,0.51,5.0,0.06,0.06,614.396,1776197149000
1776197151.552,51.552,0.51,5.0,0.49,5.0,0.57,10.0,0.58,11.9,0.43,10.0,0.42,11.9,0.49,5.0,0.51,5.0,0.06,0.06,614.396,1776197150000
1776197152.093,52.093,0.51,5.0,0.49,5.0,0.57,10.0,0.58,11.9,0.43,10.0,0.42,11.9,0.49,5.0,0.51,5.0,0.06,0.06,614.396,1776197151000
1776197153.137,53.137,0.51,5.0,0.49,5.0,0.57,10.0,0.58,11.9,0.43,10.0,0.42,11.9,0.49,5.0,0.51,5.0,0.06,0.06,614.4,1776197152000
1776197154.341,54.341,0.51,5.0,0.49,5.0,0.57,10.0,0.58,11.9,0.43,10.0,0.42,11.9,0.49,5.0,0.51,5.0,0.06,0.06,614.4,1776197153000
1776197155.296,55.296,0.51,5.0,0.49,5.0,0.57,10.0,0.58,11.9,0.43,10.0,0.42,11.9,0.49,5.0,0.51,5.0,0.06,0.06,614.398,1776197154000
1776197156.29,56.29,0.51,5.0,0.49,5.0,0.57,10.0,0.58,11.9,0.43,10.0,0.42,11.9,0.49,5.0,0.51,5.0,0.06,0.06,614.376,1776197155000
1776197157.247,57.247,0.51,5.0,0.49,5.0,0.57,10.0,0.58,11.9,0.43,10.0,0.42,11.9,0.49,5.0,0.51,5.0,0.06,0.06,614.406,1776197156000
1776197158.315,58.315,0.51,5.0,0.49,5.0,0.57,10.0,0.58,11.9,0.43,10.0,0.42,11.9,0.49,5.0,0.51,5.0,0.06,0.06,614.389,1776197157000
1776197159.367,59.367,0.51,5.0,0.49,5.0,0.57,10.0,0.58,11.9,0.43,10.0,0.42,11.9,0.49,5.0,0.51,5.0,0.06,0.06,614.392,1776197158000
1776197160.523,60.523,0.51,5.0,0.49,5.0,0.57,10.0,0.58,11.9,0.43,10.0,0.42,11.9,0.49,5.0,0.51,5.0,0.06,0.06,614.393,1776197159000
1776197160.959,60.959,0.51,5.0,0.49,5.0,0.57,10.0,0.58,11.9,0.43,10.0,0.42,11.9,0.49,5.0,0.51,5.0,0.06,0.06,614.393,1776197160000
1776197161.686,61.686,0.52,5.0,0.51,5.0,0.57,5.0,0.58,11.9,0.43,10.0,0.42,11.9,0.49,5.0,0.51,5.0,0.05,0.06,614.393,1776197160000
1776197162.033,62.033,0.52,5.0,0.51,5.0,0.57,5.0,0.58,11.9,0.43,5.0,0.42,11.9,0.48,5.0,0.49,5.0,0.05,0.05,614.396,1776197161000
1776197163.059,63.059,0.52,5.0,0.51,5.0,0.57,5.0,0.58,11.9,0.43,5.0,0.42,11.9,0.48,5.0,0.49,5.0,0.05,0.05,614.391,1776197162000
1776197164.053,64.053,0.52,5.0,0.51,5.0,0.57,5.0,0.58,11.9,0.43,5.0,0.42,11.9,0.48,5.0,0.49,5.0,0.05,0.05,614.467,1776197163000
1776197164.938,64.938,0.52,5.0,0.51,5.0,0.57,5.0,0.58,11.9,0.43,5.0,0.42,11.9,0.48,5.0,0.49,5.0,0.05,0.05,614.467,1776197164000
1776197165.311,65.311,0.49,10.0,0.48,5.0,0.55,10.0,0.56,11.23,0.43,5.0,0.42,11.9,0.48,5.0,0.49,5.0,0.06,0.05,614.467,1776197164000
1776197166.027,66.027,0.49,10.0,0.48,5.0,0.55,10.0,0.56,11.23,0.45,10.0,0.44,11.23,0.51,10.0,0.52,5.0,0.06,0.06,614.484,1776197165000
1776197166.441,66.441,0.54,10.0,0.53,5.0,0.55,3.1,0.56,11.23,0.45,10.0,0.44,11.23,0.51,10.0,0.52,5.0,0.01,0.06,614.484,1776197165000
1776197167.107,67.107,0.54,10.0,0.53,5.0,0.55,3.1,0.56,11.23,0.45,3.1,0.44,11.23,0.46,10.0,0.47,5.0,0.01,0.01,614.455,1776197166000
1776197168.099,68.099,0.54,10.0,0.53,5.0,0.55,3.1,0.56,11.23,0.45,3.1,0.44,11.23,0.46,10.0,0.47,5.0,0.01,0.01,614.440647,1776197167000
1776197168.506,68.506,0.54,10.0,0.53,5.0,0.56,9.27,0.58,11.9,0.45,3.1,0.44,11.23,0.46,10.0,0.47,5.0,0.02,0.01,614.440647,1776197167000
1776197169.119,69.119,0.54,10.0,0.53,5.0,0.56,9.27,0.58,11.9,0.44,9.27,0.42,11.9,0.46,10.0,0.47,5.0,0.02,0.02,614.519,1776197168000
1776197170.191,70.191,0.54,10.0,0.53,5.0,0.56,9.27,0.58,11.9,0.44,9.27,0.42,11.9,0.46,10.0,0.47,5.0,0.02,0.02,614.506,1776197169000
1776197171.213,71.213,0.54,10.0,0.53,5.0,0.56,9.27,0.58,11.9,0.44,9.27,0.42,11.9,0.46,10.0,0.47,5.0,0.02,0.02,614.466,1776197170000
1776197172.218,72.218,0.54,10.0,0.53,5.0,0.56,9.27,0.58,11.9,0.44,9.27,0.42,11.9,0.46,10.0,0.47,5.0,0.02,0.02,614.476,1776197171000
1776197173.295,73.295,0.54,10.0,0.53,5.0,0.56,9.27,0.58,11.9,0.44,9.27,0.42,11.9,0.46,10.0,0.47,5.0,0.02,0.02,614.476,1776197172000
1776197174.375,74.375,0.54,10.0,0.53,5.0,0.56,9.27,0.58,11.9,0.44,9.27,0.42,11.9,0.46,10.0,0.47,5.0,0.02,0.02,614.473,1776197173000
1776197175.333,75.333,0.54,10.0,0.53,5.0,0.56,9.27,0.58,11.9,0.44,9.27,0.42,11.9,0.46,10.0,0.47,5.0,0.02,0.02,614.463,1776197174000
1776197175.976,75.976,0.54,10.0,0.53,5.0,0.56,9.27,0.58,11.9,0.44,9.27,0.42,11.9,0.46,10.0,0.47,5.0,0.02,0.02,614.463,1776197175000
1776197176.955,76.955,0.54,10.0,0.53,5.0,0.56,9.27,0.58,11.9,0.44,9.27,0.42,11.9,0.46,10.0,0.47,5.0,0.02,0.02,614.464,1776197176000
1776197178.689,78.689,0.54,10.0,0.53,5.0,0.56,9.27,0.58,11.9,0.44,9.27,0.42,11.9,0.46,10.0,0.47,5.0,0.02,0.02,614.471,1776197177000
1776197179.19,79.19,0.54,10.0,0.53,5.0,0.56,9.27,0.58,11.9,0.44,9.27,0.42,11.9,0.46,10.0,0.47,5.0,0.02,0.02,614.469,1776197178000
1776197180.219,80.219,0.54,10.0,0.53,5.0,0.56,9.27,0.58,11.9,0.44,9.27,0.42,11.9,0.46,10.0,0.47,5.0,0.02,0.02,614.463,1776197179000
1776197181.182,81.182,0.51,5.0,0.49,5.0,0.56,9.27,0.57,10.0,0.44,9.27,0.43,10.0,0.49,5.0,0.51,5.0,0.05,0.05,614.463,1776197180000
1776197182.294,82.294,0.51,5.0,0.49,5.0,0.56,9.27,0.57,10.0,0.44,9.27,0.43,10.0,0.49,5.0,0.51,5.0,0.05,0.05,614.462,1776197181000
1776197183.378,83.378,0.51,5.0,0.49,5.0,0.56,9.27,0.57,10.0,0.44,9.27,0.43,10.0,0.49,5.0,0.51,5.0,0.05,0.05,614.437458,1776197182000
1776197184.559,84.559,0.51,5.0,0.49,5.0,0.56,9.27,0.57,10.0,0.44,9.27,0.43,10.0,0.49,5.0,0.51,5.0,0.05,0.05,614.420369,1776197183000
1776197185.08,85.08,0.51,5.0,0.49,5.0,0.56,9.27,0.57,10.0,0.44,9.27,0.43,10.0,0.49,5.0,0.51,5.0,0.05,0.05,614.43487,1776197184000
1776197185.894,85.894,0.34,5.0,0.33,11.06,0.51,82.0,0.54,20.5,0.44,9.27,0.43,10.0,0.49,5.0,0.51,5.0,0.17,0.05,614.43487,1776197184000
1776197186.161,86.161,0.34,5.0,0.33,11.06,0.51,82.0,0.54,20.5,0.49,82.0,0.46,20.5,0.66,5.0,0.67,11.06,0.17,0.17,614.41966,1776197185000
1776197187.243,87.243,0.34,5.0,0.33,11.06,0.51,82.0,0.54,20.5,0.49,82.0,0.46,20.5,0.66,5.0,0.67,11.06,0.17,0.17,614.406557,1776197186000
1776197188.29,88.29,0.34,5.0,0.33,11.06,0.51,82.0,0.54,20.5,0.49,82.0,0.46,20.5,0.66,5.0,0.67,11.06,0.17,0.17,614.269,1776197187000
1776197189.388,89.388,0.34,5.0,0.33,11.06,0.51,82.0,0.54,20.5,0.49,82.0,0.46,20.5,0.66,5.0,0.67,11.06,0.17,0.17,614.190586,1776197188000
1776197190.433,90.433,0.34,5.0,0.33,11.06,0.51,82.0,0.54,20.5,0.49,82.0,0.46,20.5,0.66,5.0,0.67,11.06,0.17,0.17,614.189162,1776197189000
1776197191.274,91.274,0.32,8.39,0.28,9.0,0.41,78.0,0.43,10.0,0.49,82.0,0.46,20.5,0.66,5.0,0.67,11.06,0.09,0.17,614.189162,1776197189000
1776197191.869,91.869,0.22,2.98,0.21,5.0,0.41,78.0,0.43,10.0,0.59,78.0,0.57,10.0,0.68,8.39,0.72,9.0,0.19,0.09,614.188589,1776197190000
1776197192.555,92.555,0.22,2.98,0.21,5.0,0.41,78.0,0.43,10.0,0.59,78.0,0.57,10.0,0.78,2.98,0.79,5.0,0.19,0.19,614.188658,1776197191000
1776197193.084,93.084,0.22,2.98,0.21,5.0,0.41,78.0,0.43,10.0,0.59,78.0,0.57,10.0,0.78,2.98,0.79,5.0,0.19,0.19,614.188658,1776197192000
1776197193.376,93.376,0.23,8.0,0.2,9.0,0.36,28.0,0.41,75.7,0.59,78.0,0.57,10.0,0.78,2.98,0.79,5.0,0.13,0.19,614.188658,1776197192000
1776197194.103,94.103,0.23,8.0,0.2,9.0,0.36,28.0,0.41,75.7,0.64,28.0,0.59,75.7,0.77,8.0,0.8,9.0,0.13,0.13,614.106983,1776197193000
1776197195.191,95.191,0.23,3.0,0.18,28.71,0.36,18.0,0.37,10.0,0.64,18.0,0.63,10.0,0.77,3.0,0.82,28.71,0.13,0.13,614.034,1776197194000
1776197196.279,96.279,0.23,1.7,0.18,28.71,0.36,18.0,0.37,10.0,0.64,18.0,0.63,10.0,0.77,1.7,0.82,28.71,0.13,0.13,614.053116,1776197195000
1776197197.294,97.294,0.23,1.7,0.18,28.71,0.36,18.0,0.37,10.0,0.64,18.0,0.63,10.0,0.77,1.7,0.82,28.71,0.13,0.13,614.076,1776197196000
1776197198.327,98.327,0.23,1.7,0.18,28.71,0.36,18.0,0.37,10.0,0.64,18.0,0.63,10.0,0.77,1.7,0.82,28.71,0.13,0.13,614.055,1776197197000
1776197199.364,99.364,0.23,1.7,0.18,28.71,0.36,18.0,0.37,10.0,0.64,18.0,0.63,10.0,0.77,1.7,0.82,28.71,0.13,0.13,614.053,1776197198000
1776197199.899,99.899,0.23,1.7,0.18,28.71,0.36,18.0,0.37,10.0,0.64,18.0,0.63,10.0,0.77,1.7,0.82,28.71,0.13,0.13,614.053,1776197199000
1776197200.966,100.966,0.23,1.7,0.18,28.71,0.36,18.0,0.37,10.0,0.64,18.0,0.63,10.0,0.77,1.7,0.82,28.71,0.13,0.13,614.052533,1776197200000
1776197202.039,102.039,0.23,1.7,0.18,28.71,0.36,18.0,0.37,10.0,0.64,18.0,0.63,10.0,0.77,1.7,0.82,28.71,0.13,0.13,614.056,1776197201000
1776197203.079,103.079,0.23,1.7,0.18,28.71,0.36,18.0,0.37,10.0,0.64,18.0,0.63,10.0,0.77,1.7,0.82,28.71,0.13,0.13,614.054,1776197202000
1776197204.134,104.134,0.23,1.7,0.18,28.71,0.36,18.0,0.37,10.0,0.64,18.0,0.63,10.0,0.77,1.7,0.82,28.71,0.13,0.13,614.066,1776197203000
1776197205.136,105.136,0.23,1.7,0.18,28.71,0.36,18.0,0.37,10.0,0.64,18.0,0.63,10.0,0.77,1.7,0.82,28.71,0.13,0.13,614.066,1776197204000
1776197206.378,106.378,0.23,1.7,0.18,28.71,0.36,18.0,0.37,10.0,0.64,18.0,0.63,10.0,0.77,1.7,0.82,28.71,0.13,0.13,614.061,1776197205000
1776197207.03,107.03,0.23,1.7,0.18,28.71,0.36,18.0,0.37,10.0,0.64,18.0,0.63,10.0,0.77,1.7,0.82,28.71,0.13,0.13,614.061,1776197206000
1776197208.318,108.318,0.23,1.7,0.18,28.71,0.36,18.0,0.37,10.0,0.64,18.0,0.63,10.0,0.77,1.7,0.82,28.71,0.13,0.13,614.06,1776197207000
1776197209.082,109.082,0.23,1.7,0.18,28.71,0.36,18.0,0.37,10.0,0.64,18.0,0.63,10.0,0.77,1.7,0.82,28.71,0.13,0.13,614.045952,1776197208000
1776197210.565,110.565,0.23,1.7,0.18,28.71,0.36,18.0,0.37,10.0,0.64,18.0,0.63,10.0,0.77,1.7,0.82,28.71,0.13,0.13,614.043327,1776197209000
1776197211.17,111.17,0.23,1.7,0.18,28.71,0.36,18.0,0.37,10.0,0.64,18.0,0.63,10.0,0.77,1.7,0.82,28.71,0.13,0.13,614.043042,1776197210000
1776197212.333,112.333,0.23,1.7,0.18,28.71,0.36,18.0,0.37,10.0,0.64,18.0,0.63,10.0,0.77,1.7,0.82,28.71,0.13,0.13,614.043083,1776197211000
1776197213.006,113.006,0.23,1.7,0.18,28.71,0.36,18.0,0.37,10.0,0.64,18.0,0.63,10.0,0.77,1.7,0.82,28.71,0.13,0.13,614.043029,1776197212000
1776197214.283,114.283,0.23,1.7,0.18,28.71,0.36,18.0,0.37,10.0,0.64,18.0,0.63,10.0,0.77,1.7,0.82,28.71,0.13,0.13,614.044136,1776197213000
1776197215.468,115.468,0.23,1.7,0.18,28.71,0.36,18.0,0.37,10.0,0.64,18.0,0.63,10.0,0.77,1.7,0.82,28.71,0.13,0.13,614.046,1776197214000
1776197216.082,116.082,0.23,1.7,0.18,28.71,0.36,18.0,0.37,10.0,0.64,18.0,0.63,10.0,0.77,1.7,0.82,28.71,0.13,0.13,614.046,1776197215000
1776197217.514,117.514,0.23,1.7,0.18,28.71,0.36,18.0,0.37,10.0,0.64,18.0,0.63,10.0,0.77,1.7,0.82,28.71,0.13,0.13,614.045755,1776197216000
1776197218.043,118.043,0.23,1.7,0.18,28.71,0.36,18.0,0.37,10.0,0.64,18.0,0.63,10.0,0.77,1.7,0.82,28.71,0.13,0.13,614.046485,1776197217000
1776197219.324,119.324,0.23,1.7,0.18,28.71,0.36,18.0,0.37,10.0,0.64,18.0,0.63,10.0,0.77,1.7,0.82,28.71,0.13,0.13,614.06,1776197218000
1776197220.534,120.534,0.23,1.7,0.18,28.71,0.36,18.0,0.37,10.0,0.64,18.0,0.63,10.0,0.77,1.7,0.82,28.71,0.13,0.13,614.054,1776197219000
1776197221.178,121.178,0.23,1.7,0.18,28.71,0.36,18.0,0.37,10.0,0.64,18.0,0.63,10.0,0.77,1.7,0.82,28.71,0.13,0.13,614.054,1776197220000
1776197222.882,122.882,0.22,8.2,0.21,50.0,0.37,11.2,0.38,11.0,0.64,18.0,0.63,10.0,0.77,1.7,0.82,28.71,0.15,0.13,614.054,1776197220000
1776197223.269,123.269,0.22,8.2,0.21,50.0,0.37,11.2,0.38,11.0,0.63,11.2,0.62,11.0,0.78,8.2,0.79,50.0,0.15,0.15,614.059,1776197221000
1776197224.095,124.095,0.22,8.2,0.21,50.0,0.37,11.2,0.38,11.0,0.63,11.2,0.62,11.0,0.78,8.2,0.79,50.0,0.15,0.15,614.080245,1776197222000
1776197224.794,124.794,0.22,8.2,0.21,50.0,0.37,11.2,0.38,11.0,0.63,11.2,0.62,11.0,0.78,8.2,0.79,50.0,0.15,0.15,614.156,1776197223000
1776197225.539,125.539,0.22,8.2,0.21,50.0,0.37,11.2,0.38,11.0,0.63,11.2,0.62,11.0,0.78,8.2,0.79,50.0,0.15,0.15,614.156,1776197224000
1776197226.395,126.395,0.22,8.2,0.21,50.0,0.37,11.2,0.38,11.0,0.63,11.2,0.62,11.0,0.78,8.2,0.79,50.0,0.15,0.15,614.156,1776197225000
1776197227.111,127.111,0.22,8.2,0.21,50.0,0.37,11.2,0.38,11.0,0.63,11.2,0.62,11.0,0.78,8.2,0.79,50.0,0.15,0.15,614.184,1776197226000
1776197228.583,128.583,0.22,8.2,0.21,50.0,0.37,11.2,0.38,11.0,0.63,11.2,0.62,11.0,0.78,8.2,0.79,50.0,0.15,0.15,614.182,1776197227000
1776197229.38,129.38,0.22,8.2,0.21,50.0,0.37,11.2,0.38,11.0,0.63,11.2,0.62,11.0,0.78,8.2,0.79,50.0,0.15,0.15,614.181,1776197228000
1776197230.085,130.085,0.22,8.2,0.21,50.0,0.37,11.2,0.38,11.0,0.63,11.2,0.62,11.0,0.78,8.2,0.79,50.0,0.15,0.15,614.181,1776197229000
1776197231.477,131.477,0.22,8.2,0.21,50.0,0.37,11.2,0.38,11.0,0.63,11.2,0.62,11.0,0.78,8.2,0.79,50.0,0.15,0.15,614.178,1776197230000
1776197232.215,132.215,0.22,8.2,0.21,50.0,0.37,11.2,0.38,11.0,0.63,11.2,0.62,11.0,0.78,8.2,0.79,50.0,0.15,0.15,614.184,1776197231000
1776197233.403,133.403,0.22,8.2,0.21,50.0,0.37,11.2,0.38,11.0,0.63,11.2,0.62,11.0,0.78,8.2,0.79,50.0,0.15,0.15,614.167,1776197232000
1776197234.454,134.454,0.22,8.2,0.21,50.0,0.37,11.2,0.38,11.0,0.63,11.2,0.62,11.0,0.78,8.2,0.79,50.0,0.15,0.15,614.168,1776197233000
1776197235.244,135.244,0.22,8.2,0.21,50.0,0.37,11.2,0.38,11.0,0.63,11.2,0.62,11.0,0.78,8.2,0.79,50.0,0.15,0.15,614.168,1776197234000
1776197236.834,136.834,0.22,8.2,0.21,50.0,0.37,11.2,0.38,11.0,0.63,11.2,0.62,11.0,0.78,8.2,0.79,50.0,0.15,0.15,614.24,1776197235000
1776197237.781,137.781,0.22,8.2,0.21,50.0,0.37,11.2,0.38,11.0,0.63,11.2,0.62,11.0,0.78,8.2,0.79,50.0,0.15,0.15,614.24,1776197236000
1776197238.58,138.58,0.22,8.2,0.21,50.0,0.37,11.2,0.38,11.0,0.63,11.2,0.62,11.0,0.78,8.2,0.79,50.0,0.15,0.15,614.24,1776197237000
1776197239.171,139.171,0.22,8.2,0.21,50.0,0.37,11.2,0.38,11.0,0.63,11.2,0.62,11.0,0.78,8.2,0.79,50.0,0.15,0.15,614.227939,1776197238000
1776197240.68,140.68,0.22,8.2,0.21,50.0,0.37,11.2,0.38,11.0,0.63,11.2,0.62,11.0,0.78,8.2,0.79,50.0,0.15,0.15,614.287,1776197239000
1776197241.274,141.274,0.22,8.2,0.21,50.0,0.37,11.2,0.38,11.0,0.63,11.2,0.62,11.0,0.78,8.2,0.79,50.0,0.15,0.15,614.287,1776197240000
1776197242.356,142.356,0.22,8.2,0.21,50.0,0.37,11.2,0.38,11.0,0.63,11.2,0.62,11.0,0.78,8.2,0.79,50.0,0.15,0.15,614.289,1776197241000
1776197243.131,143.131,0.22,8.2,0.21,50.0,0.37,11.2,0.38,11.0,0.63,11.2,0.62,11.0,0.78,8.2,0.79,50.0,0.15,0.15,614.29048,1776197242000
1776197244.42,144.42,0.22,8.2,0.21,50.0,0.37,11.2,0.38,11.0,0.63,11.2,0.62,11.0,0.78,8.2,0.79,50.0,0.15,0.15,614.288985,1776197243000
1776197244.871,144.871,0.22,8.2,0.21,50.0,0.37,11.2,0.38,11.0,0.63,11.2,0.62,11.0,0.78,8.2,0.79,50.0,0.15,0.15,614.288985,1776197244000
1776197246.08,146.08,0.22,8.2,0.21,50.0,0.37,11.2,0.38,11.0,0.63,11.2,0.62,11.0,0.78,8.2,0.79,50.0,0.15,0.15,614.28853,1776197245000
1776197247.263,147.263,0.22,8.2,0.21,50.0,0.37,11.2,0.38,11.0,0.63,11.2,0.62,11.0,0.78,8.2,0.79,50.0,0.15,0.15,614.293581,1776197246000
1776197250.448,150.448,0.22,8.2,0.21,50.0,0.37,11.2,0.38,11.0,0.63,11.2,0.62,11.0,0.78,8.2,0.79,50.0,0.15,0.15,614.298705,1776197249000
1776197250.946,150.946,0.22,8.2,0.21,50.0,0.37,11.2,0.38,11.0,0.63,11.2,0.62,11.0,0.78,8.2,0.79,50.0,0.15,0.15,614.298708,1776197250000
1776197251.919,151.919,0.22,8.2,0.21,50.0,0.37,11.2,0.38,11.0,0.63,11.2,0.62,11.0,0.78,8.2,0.79,50.0,0.15,0.15,614.298665,1776197251000
1776197252.901,152.901,0.22,8.2,0.21,50.0,0.37,11.2,0.38,11.0,0.63,11.2,0.62,11.0,0.78,8.2,0.79,50.0,0.15,0.15,614.298726,1776197252000
1776197253.88,153.88,0.22,8.2,0.21,50.0,0.37,11.2,0.38,11.0,0.63,11.2,0.62,11.0,0.78,8.2,0.79,50.0,0.15,0.15,614.296199,1776197253000
1776197255.023,155.023,0.22,8.2,0.21,50.0,0.37,11.2,0.38,11.0,0.63,11.2,0.62,11.0,0.78,8.2,0.79,50.0,0.15,0.15,614.294717,1776197254000
1776197255.852,155.852,0.22,8.2,0.21,50.0,0.37,11.2,0.38,11.0,0.63,11.2,0.62,11.0,0.78,8.2,0.79,50.0,0.15,0.15,614.291311,1776197255000
1776197256.857,156.857,0.22,8.2,0.21,50.0,0.37,11.2,0.38,11.0,0.63,11.2,0.62,11.0,0.78,8.2,0.79,50.0,0.15,0.15,614.293592,1776197256000
1776197257.817,157.817,0.22,8.2,0.21,50.0,0.37,11.2,0.38,11.0,0.63,11.2,0.62,11.0,0.78,8.2,0.79,50.0,0.15,0.15,614.293592,1776197257000
1776197258.849,158.849,0.22,8.2,0.21,50.0,0.37,11.2,0.38,11.0,0.63,11.2,0.62,11.0,0.78,8.2,0.79,50.0,0.15,0.15,614.295191,1776197258000
1776197259.891,159.891,0.22,8.2,0.21,50.0,0.37,11.2,0.38,11.0,0.63,11.2,0.62,11.0,0.78,8.2,0.79,50.0,0.15,0.15,614.295943,1776197259000
1776197260.914,160.914,0.22,8.2,0.21,50.0,0.37,11.2,0.38,11.0,0.63,11.2,0.62,11.0,0.78,8.2,0.79,50.0,0.15,0.15,614.295359,1776197260000
1776197261.949,161.949,0.22,8.2,0.21,50.0,0.37,11.2,0.38,11.0,0.63,11.2,0.62,11.0,0.78,8.2,0.79,50.0,0.15,0.15,614.295186,1776197261000
1776197263.51,163.51,0.22,8.2,0.21,50.0,0.37,11.2,0.38,11.0,0.63,11.2,0.62,11.0,0.78,8.2,0.79,50.0,0.15,0.15,614.2953,1776197262000
1776197264.083,164.083,0.36,20.0,0.35,7.0,0.42,5.0,0.43,8.77,0.58,5.0,0.57,8.77,0.64,20.0,0.65,7.0,0.06,0.06,614.293469,1776197263000
1776197265.13,165.13,0.36,20.0,0.35,7.0,0.42,5.0,0.43,8.77,0.58,5.0,0.57,8.77,0.64,20.0,0.65,7.0,0.06,0.06,614.291962,1776197264000
1776197266.339,166.339,0.36,20.0,0.35,7.0,0.42,5.0,0.43,8.77,0.58,5.0,0.57,8.77,0.64,20.0,0.65,7.0,0.06,0.06,614.297868,1776197265000
1776197266.911,166.911,0.36,20.0,0.35,7.0,0.42,5.0,0.43,8.77,0.58,5.0,0.57,8.77,0.64,20.0,0.65,7.0,0.06,0.06,614.298099,1776197266000
1776197268.175,168.175,0.36,20.0,0.35,7.0,0.42,5.0,0.43,8.77,0.58,5.0,0.57,8.77,0.64,20.0,0.65,7.0,0.06,0.06,614.298153,1776197267000
1776197269.212,169.212,0.36,20.0,0.35,7.0,0.42,5.0,0.43,8.77,0.58,5.0,0.57,8.77,0.64,20.0,0.65,7.0,0.06,0.06,614.298342,1776197268000
1776197270.223,170.223,0.46,7.23,0.36,20.0,0.5,10.4,0.51,10.4,0.58,5.0,0.57,8.77,0.64,20.0,0.65,7.0,0.04,0.06,614.298342,1776197268000
1776197270.455,170.455,0.46,7.23,0.36,20.0,0.5,10.4,0.51,10.4,0.5,10.4,0.49,10.4,0.54,7.23,0.64,20.0,0.04,0.04,614.301722,1776197269000
1776197270.66,170.66,0.46,7.23,0.36,20.0,0.49,5.0,0.5,10.4,0.5,10.4,0.49,10.4,0.54,7.23,0.64,20.0,0.03,0.04,614.301722,1776197269000
1776197270.937,170.937,0.46,7.23,0.36,20.0,0.49,5.0,0.5,10.4,0.51,5.0,0.5,10.4,0.54,7.23,0.64,20.0,0.03,0.03,614.301722,1776197270000
1776197272.184,172.184,0.46,7.23,0.36,20.0,0.49,5.0,0.5,10.4,0.51,5.0,0.5,10.4,0.54,7.23,0.64,20.0,0.03,0.03,614.31,1776197271000
1776197273.326,173.326,0.46,7.23,0.36,20.0,0.49,5.0,0.5,10.4,0.51,5.0,0.5,10.4,0.54,7.23,0.64,20.0,0.03,0.03,614.340998,1776197272000
1776197273.972,173.972,0.46,7.23,0.36,20.0,0.49,5.0,0.5,10.4,0.51,5.0,0.5,10.4,0.54,7.23,0.64,20.0,0.03,0.03,614.364131,1776197273000
1776197275.319,175.319,0.46,7.23,0.36,20.0,0.49,5.0,0.5,10.4,0.51,5.0,0.5,10.4,0.54,7.23,0.64,20.0,0.03,0.03,614.328,1776197274000
1776197275.912,175.912,0.46,7.23,0.36,20.0,0.49,5.0,0.5,10.4,0.51,5.0,0.5,10.4,0.54,7.23,0.64,20.0,0.03,0.03,614.328,1776197275000
1776197277.045,177.045,0.46,7.23,0.36,20.0,0.49,5.0,0.5,10.4,0.51,5.0,0.5,10.4,0.54,7.23,0.64,20.0,0.03,0.03,614.309624,1776197276000
1776197277.379,177.379,0.39,5.0,0.32,11.9,0.49,20.4,0.5,10.4,0.51,5.0,0.5,10.4,0.54,7.23,0.64,20.0,0.1,0.03,614.309624,1776197276000
1776197278.879,178.879,0.39,5.0,0.32,11.9,0.49,20.4,0.5,10.4,0.51,20.4,0.5,10.4,0.61,5.0,0.68,11.9,0.1,0.1,614.309461,1776197277000
1776197279.447,179.447,0.39,5.0,0.32,11.9,0.49,20.4,0.5,10.4,0.51,20.4,0.5,10.4,0.61,5.0,0.68,11.9,0.1,0.1,614.309461,1776197278000
1776197280.128,180.128,0.39,5.0,0.32,11.9,0.49,20.4,0.5,10.4,0.51,20.4,0.5,10.4,0.61,5.0,0.68,11.9,0.1,0.1,614.309365,1776197279000
1776197281.235,181.235,0.39,5.0,0.32,11.9,0.49,20.4,0.5,10.4,0.51,20.4,0.5,10.4,0.61,5.0,0.68,11.9,0.1,0.1,614.309382,1776197280000
1776197282.547,182.547,0.39,5.0,0.32,11.9,0.49,20.4,0.5,10.4,0.51,20.4,0.5,10.4,0.61,5.0,0.68,11.9,0.1,0.1,614.310287,1776197281000
1776197282.853,182.853,0.41,50.0,0.39,20.0,0.45,5.0,0.54,10.5,0.51,20.4,0.5,10.4,0.61,5.0,0.68,11.9,0.04,0.1,614.310287,1776197281000
1776197283.103,183.103,0.41,50.0,0.39,20.0,0.45,5.0,0.54,10.5,0.55,5.0,0.46,10.5,0.59,50.0,0.61,20.0,0.04,0.04,614.30871,1776197282000
1776197284.394,184.394,0.41,50.0,0.39,20.0,0.45,5.0,0.54,10.5,0.55,5.0,0.46,10.5,0.59,50.0,0.61,20.0,0.04,0.04,614.327089,1776197283000
1776197285.525,185.525,0.41,50.0,0.39,20.0,0.45,5.0,0.54,10.5,0.55,5.0,0.46,10.5,0.59,50.0,0.61,20.0,0.04,0.04,614.411,1776197284000
1776197286.122,186.122,0.41,50.0,0.39,20.0,0.45,5.0,0.54,10.5,0.55,5.0,0.46,10.5,0.59,50.0,0.61,20.0,0.04,0.04,614.411,1776197285000
1776197287.281,187.281,0.41,50.0,0.39,20.0,0.45,5.0,0.54,10.5,0.55,5.0,0.46,10.5,0.59,50.0,0.61,20.0,0.04,0.04,614.423,1776197286000
1776197288.565,188.565,0.41,50.0,0.39,20.0,0.45,5.0,0.54,10.5,0.55,5.0,0.46,10.5,0.59,50.0,0.61,20.0,0.04,0.04,614.466,1776197287000
1776197289.093,189.093,0.41,50.0,0.39,20.0,0.45,5.0,0.54,10.5,0.55,5.0,0.46,10.5,0.59,50.0,0.61,20.0,0.04,0.04,614.466,1776197288000
1776197290.234,190.234,0.41,50.0,0.39,20.0,0.45,5.0,0.54,10.5,0.55,5.0,0.46,10.5,0.59,50.0,0.61,20.0,0.04,0.04,614.458,1776197289000
1776197291.348,191.348,0.41,50.0,0.39,20.0,0.45,5.0,0.54,10.5,0.55,5.0,0.46,10.5,0.59,50.0,0.61,20.0,0.04,0.04,614.468,1776197290000
1776197291.873,191.873,0.41,50.0,0.39,20.0,0.45,5.0,0.54,10.5,0.55,5.0,0.46,10.5,0.59,50.0,0.61,20.0,0.04,0.04,614.468,1776197291000
1776197293.034,193.034,0.41,50.0,0.39,20.0,0.45,5.0,0.54,10.5,0.55,5.0,0.46,10.5,0.59,50.0,0.61,20.0,0.04,0.04,614.424006,1776197292000
1776197294.508,194.508,0.41,50.0,0.39,20.0,0.45,5.0,0.54,10.5,0.55,5.0,0.46,10.5,0.59,50.0,0.61,20.0,0.04,0.04,614.424006,1776197293000
1776197295.121,195.121,0.41,50.0,0.39,20.0,0.45,5.0,0.54,10.5,0.55,5.0,0.46,10.5,0.59,50.0,0.61,20.0,0.04,0.04,614.424006,1776197294000
1776197296.24,196.24,0.41,50.0,0.39,20.0,0.45,5.0,0.54,10.5,0.55,5.0,0.46,10.5,0.59,50.0,0.61,20.0,0.04,0.04,614.424006,1776197295000
1776197297.3,197.3,0.41,50.0,0.39,20.0,0.45,5.0,0.54,10.5,0.55,5.0,0.46,10.5,0.59,50.0,0.61,20.0,0.04,0.04,614.424006,1776197296000
1776197298.695,198.695,0.41,50.0,0.39,20.0,0.45,5.0,0.54,10.5,0.55,5.0,0.46,10.5,0.59,50.0,0.61,20.0,0.04,0.04,614.424006,1776197297000
1776197299.267,199.267,0.41,50.0,0.39,20.0,0.45,5.0,0.54,10.5,0.55,5.0,0.46,10.5,0.59,50.0,0.61,20.0,0.04,0.04,614.435274,1776197298000
1776197300.745,200.745,0.56,5.0,0.55,6.0,0.61,94.0,0.63,21.2,0.55,5.0,0.46,10.5,0.59,50.0,0.61,20.0,0.05,0.04,614.435274,1776197298000
1776197301.393,201.393,0.56,5.0,0.55,6.0,0.61,94.0,0.63,21.2,0.39,94.0,0.37,21.2,0.44,5.0,0.45,6.0,0.05,0.05,614.433128,1776197300000
1776197301.808,201.808,0.45,5.0,0.39,10.0,0.56,5.0,0.57,50.0,0.39,94.0,0.37,21.2,0.44,5.0,0.45,6.0,0.11,0.05,614.433128,1776197300000
1776197302.15,202.15,0.45,5.0,0.39,10.0,0.56,5.0,0.57,50.0,0.44,5.0,0.43,50.0,0.55,5.0,0.61,10.0,0.11,0.11,614.433146,1776197301000
1776197303.125,203.125,0.45,5.0,0.39,10.0,0.56,5.0,0.57,50.0,0.44,5.0,0.43,50.0,0.55,5.0,0.61,10.0,0.11,0.11,614.307762,1776197302000
1776197304.324,204.324,0.45,5.0,0.39,10.0,0.56,5.0,0.57,50.0,0.44,5.0,0.43,50.0,0.55,5.0,0.61,10.0,0.11,0.11,614.275,1776197303000
1776197305.562,205.562,0.45,5.0,0.39,10.0,0.56,5.0,0.57,50.0,0.44,5.0,0.43,50.0,0.55,5.0,0.61,10.0,0.11,0.11,614.235,1776197304000
1776197306.131,206.131,0.45,5.0,0.39,10.0,0.56,5.0,0.57,50.0,0.44,5.0,0.43,50.0,0.55,5.0,0.61,10.0,0.11,0.11,614.241,1776197305000
1776197307.404,207.404,0.45,5.0,0.39,10.0,0.56,5.0,0.57,50.0,0.44,5.0,0.43,50.0,0.55,5.0,0.61,10.0,0.11,0.11,614.241,1776197306000
1776197308.525,208.525,0.45,5.0,0.39,10.0,0.56,5.0,0.57,50.0,0.44,5.0,0.43,50.0,0.55,5.0,0.61,10.0,0.11,0.11,614.232507,1776197307000
1776197309.558,209.558,0.45,5.0,0.39,10.0,0.56,5.0,0.57,50.0,0.44,5.0,0.43,50.0,0.55,5.0,0.61,10.0,0.11,0.11,614.229603,1776197308000
1776197310.412,210.412,0.45,5.0,0.39,10.0,0.56,5.0,0.57,50.0,0.44,5.0,0.43,50.0,0.55,5.0,0.61,10.0,0.11,0.11,614.229603,1776197309000
1776197311.194,211.194,0.45,5.0,0.39,10.0,0.56,5.0,0.57,50.0,0.44,5.0,0.43,50.0,0.55,5.0,0.61,10.0,0.11,0.11,614.229578,1776197310000
1776197311.888,211.888,0.4,5.0,0.39,10.0,0.42,34.7,0.43,10.6,0.44,5.0,0.43,50.0,0.55,5.0,0.61,10.0,0.02,0.11,614.229578,1776197310000
1776197312.819,212.819,0.4,5.0,0.39,10.0,0.42,34.7,0.43,10.6,0.58,34.7,0.57,10.6,0.6,5.0,0.61,10.0,0.02,0.02,614.227056,1776197311000
1776197313.639,213.639,0.4,5.0,0.39,10.0,0.42,34.7,0.43,10.6,0.58,34.7,0.57,10.6,0.6,5.0,0.61,10.0,0.02,0.02,614.227056,1776197312000
1776197314.534,214.534,0.4,5.0,0.39,10.0,0.42,34.7,0.43,10.6,0.58,34.7,0.57,10.6,0.6,5.0,0.61,10.0,0.02,0.02,614.229187,1776197313000
1776197315.167,215.167,0.4,5.0,0.39,10.0,0.42,34.7,0.43,10.6,0.58,34.7,0.57,10.6,0.6,5.0,0.61,10.0,0.02,0.02,614.229187,1776197314000
1776197316.593,216.593,0.39,10.0,0.29,5.0,0.41,33.7,0.42,10.7,0.59,33.7,0.58,10.7,0.61,10.0,0.71,5.0,0.02,0.02,614.229215,1776197315000
1776197317.33,217.33,0.39,10.0,0.29,5.0,0.41,33.7,0.42,10.7,0.59,33.7,0.58,10.7,0.61,10.0,0.71,5.0,0.02,0.02,614.229058,1776197316000
1776197318.001,218.001,0.29,5.0,0.26,5.0,0.39,5.0,0.4,10.8,0.61,5.0,0.6,10.8,0.71,5.0,0.74,5.0,0.1,0.1,614.229058,1776197317000
1776197318.384,218.384,0.27,6.0,0.25,5.0,0.38,5.73,0.39,31.9,0.61,5.0,0.6,10.8,0.71,5.0,0.74,5.0,0.11,0.1,614.229058,1776197317000
1776197319.489,219.489,0.27,6.0,0.25,5.0,0.38,5.73,0.39,31.9,0.62,5.73,0.61,31.9,0.73,6.0,0.75,5.0,0.11,0.11,614.228552,1776197318000
1776197320.253,220.253,0.27,6.0,0.25,5.0,0.38,5.73,0.39,31.9,0.62,5.73,0.61,31.9,0.73,6.0,0.75,5.0,0.11,0.11,614.228451,1776197319000
1776197321.779,221.779,0.27,6.0,0.25,5.0,0.38,5.73,0.39,31.9,0.62,5.73,0.61,31.9,0.73,6.0,0.75,5.0,0.11,0.11,614.228344,1776197320000
1776197322.558,222.558,0.27,6.0,0.25,5.0,0.38,5.73,0.39,31.9,0.62,5.73,0.61,31.9,0.73,6.0,0.75,5.0,0.11,0.11,614.22892,1776197321000
1776197323.398,223.398,0.27,6.0,0.25,5.0,0.38,5.73,0.39,31.9,0.62,5.73,0.61,31.9,0.73,6.0,0.75,5.0,0.11,0.11,614.22892,1776197322000
1776197324.122,224.122,0.27,6.0,0.25,5.0,0.38,5.73,0.39,31.9,0.62,5.73,0.61,31.9,0.73,6.0,0.75,5.0,0.11,0.11,614.22728,1776197323000
1776197325.718,225.718,0.27,6.0,0.25,5.0,0.38,5.73,0.39,31.9,0.62,5.73,0.61,31.9,0.73,6.0,0.75,5.0,0.11,0.11,614.227264,1776197324000
1776197326.357,226.357,0.27,6.0,0.25,5.0,0.38,5.73,0.39,31.9,0.62,5.73,0.61,31.9,0.73,6.0,0.75,5.0,0.11,0.11,614.227063,1776197325000
1776197327.159,227.159,0.27,6.0,0.25,5.0,0.38,5.73,0.39,31.9,0.62,5.73,0.61,31.9,0.73,6.0,0.75,5.0,0.11,0.11,614.226962,1776197326000
1776197328.918,228.918,0.27,6.0,0.25,5.0,0.38,5.73,0.39,31.9,0.62,5.73,0.61,31.9,0.73,6.0,0.75,5.0,0.11,0.11,614.229025,1776197327000
1776197329.729,229.729,0.27,6.0,0.25,5.0,0.38,5.73,0.39,31.9,0.62,5.73,0.61,31.9,0.73,6.0,0.75,5.0,0.11,0.11,614.229025,1776197328000
1776197330.158,230.158,0.27,6.0,0.25,5.0,0.38,5.73,0.39,31.9,0.62,5.73,0.61,31.9,0.73,6.0,0.75,5.0,0.11,0.11,614.229025,1776197329000
1776197331.255,231.255,0.27,6.0,0.25,5.0,0.38,5.73,0.39,31.9,0.62,5.73,0.61,31.9,0.73,6.0,0.75,5.0,0.11,0.11,614.229414,1776197330000
1776197332.435,232.435,0.27,6.0,0.25,5.0,0.38,5.73,0.39,31.9,0.62,5.73,0.61,31.9,0.73,6.0,0.75,5.0,0.11,0.11,614.225061,1776197331000
1776197333.123,233.123,0.27,6.0,0.25,5.0,0.38,5.73,0.39,31.9,0.62,5.73,0.61,31.9,0.73,6.0,0.75,5.0,0.11,0.11,614.225061,1776197332000
1776197334.144,234.144,0.27,6.0,0.25,5.0,0.38,5.73,0.39,31.9,0.62,5.73,0.61,31.9,0.73,6.0,0.75,5.0,0.11,0.11,614.227905,1776197333000
1776197335.267,235.267,0.27,6.0,0.25,5.0,0.38,5.73,0.39,31.9,0.62,5.73,0.61,31.9,0.73,6.0,0.75,5.0,0.11,0.11,614.147,1776197334000
1776197336.468,236.468,0.27,6.0,0.25,5.0,0.38,5.73,0.39,31.9,0.62,5.73,0.61,31.9,0.73,6.0,0.75,5.0,0.11,0.11,614.129201,1776197335000
1776197337.141,237.141,0.27,6.0,0.25,5.0,0.38,5.73,0.39,31.9,0.62,5.73,0.61,31.9,0.73,6.0,0.75,5.0,0.11,0.11,614.130314,1776197336000
1776197338.446,238.446,0.27,6.0,0.25,5.0,0.38,5.73,0.39,31.9,0.62,5.73,0.61,31.9,0.73,6.0,0.75,5.0,0.11,0.11,614.130264,1776197337000
1776197339.029,239.029,0.15,18.17,0.12,5.0,0.16,19.3,0.17,18.39,0.62,5.73,0.61,31.9,0.73,6.0,0.75,5.0,0.01,0.11,614.130264,1776197337000
1776197339.61,239.61,0.15,18.17,0.12,5.0,0.16,19.3,0.17,18.39,0.84,19.3,0.83,18.39,0.85,18.17,0.88,5.0,0.01,0.01,614.130136,1776197338000
1776197340.283,240.283,0.15,18.17,0.12,5.0,0.16,19.3,0.17,18.39,0.84,19.3,0.83,18.39,0.85,18.17,0.88,5.0,0.01,0.01,614.126336,1776197339000
1776197341.636,241.636,0.15,18.17,0.12,5.0,0.16,19.3,0.17,18.39,0.84,19.3,0.83,18.39,0.85,18.17,0.88,5.0,0.01,0.01,614.125856,1776197340000
1776197342.348,242.348,0.15,18.17,0.12,5.0,0.16,19.3,0.17,18.39,0.84,19.3,0.83,18.39,0.85,18.17,0.88,5.0,0.01,0.01,614.129234,1776197341000
1776197342.945,242.945,0.15,8.73,0.05,54.7,0.16,32.3,0.17,18.39,0.84,19.3,0.83,18.39,0.85,18.17,0.88,5.0,0.01,0.01,614.129234,1776197341000
1776197344.105,244.105,0.15,8.73,0.05,54.7,0.16,32.3,0.17,18.39,0.84,32.3,0.83,18.39,0.85,8.73,0.95,54.7,0.01,0.01,614.129536,1776197343000
1776197345.195,245.195,0.15,8.73,0.05,54.7,0.16,32.3,0.17,18.39,0.84,32.3,0.83,18.39,0.85,8.73,0.95,54.7,0.01,0.01,614.129354,1776197344000
1776197345.741,245.741,0.05,54.7,0.04,72.7,0.16,32.3,0.17,18.39,0.84,32.3,0.83,18.39,0.85,8.73,0.95,54.7,0.11,0.01,614.129354,1776197344000
1776197346.307,246.307,0.05,54.7,0.04,72.7,0.16,32.3,0.17,18.39,0.84,32.3,0.83,18.39,0.95,54.7,0.96,72.7,0.11,0.11,614.129336,1776197345000
1776197347.32,247.32,0.05,54.7,0.04,72.7,0.16,32.3,0.17,18.39,0.84,32.3,0.83,18.39,0.95,54.7,0.96,72.7,0.11,0.11,614.133414,1776197346000
1776197347.813,247.813,0.05,54.7,0.04,72.7,0.16,32.3,0.17,18.39,0.84,32.3,0.83,18.39,0.95,54.7,0.96,72.7,0.11,0.11,614.133414,1776197347000
1776197348.865,248.865,0.05,54.7,0.04,72.7,0.16,32.3,0.17,18.39,0.84,32.3,0.83,18.39,0.95,54.7,0.96,72.7,0.11,0.11,614.136465,1776197348000
1776197349.895,249.895,0.05,54.7,0.04,72.7,0.16,32.3,0.17,18.39,0.84,32.3,0.83,18.39,0.95,54.7,0.96,72.7,0.11,0.11,614.136465,1776197349000
1776197350.882,250.882,0.05,54.7,0.04,72.7,0.16,32.3,0.17,18.39,0.84,32.3,0.83,18.39,0.95,54.7,0.96,72.7,0.11,0.11,614.139318,1776197350000
1776197351.947,251.947,0.05,54.7,0.04,72.7,0.16,32.3,0.17,18.39,0.84,32.3,0.83,18.39,0.95,54.7,0.96,72.7,0.11,0.11,614.138947,1776197351000
1776197353.038,253.038,0.05,54.7,0.04,72.7,0.16,32.3,0.17,18.39,0.84,32.3,0.83,18.39,0.95,54.7,0.96,72.7,0.11,0.11,614.13901,1776197352000
1776197353.982,253.982,0.05,54.7,0.04,72.7,0.16,32.3,0.17,18.39,0.84,32.3,0.83,18.39,0.95,54.7,0.96,72.7,0.11,0.11,614.139255,1776197353000
1776197355.032,255.032,0.05,54.7,0.04,72.7,0.16,32.3,0.17,18.39,0.84,32.3,0.83,18.39,0.95,54.7,0.96,72.7,0.11,0.11,614.139255,1776197354000
1776197356.051,256.051,0.05,54.7,0.04,72.7,0.16,32.3,0.17,18.39,0.84,32.3,0.83,18.39,0.95,54.7,0.96,72.7,0.11,0.11,614.135207,1776197355000
1776197357.056,257.056,0.05,54.7,0.04,72.7,0.16,32.3,0.17,18.39,0.84,32.3,0.83,18.39,0.95,54.7,0.96,72.7,0.11,0.11,614.135207,1776197356000
1776197358.469,258.469,0.05,54.7,0.04,72.7,0.16,32.3,0.17,18.39,0.84,32.3,0.83,18.39,0.95,54.7,0.96,72.7,0.11,0.11,614.135953,1776197357000
1776197359.216,259.216,0.05,54.7,0.04,72.7,0.16,32.3,0.17,18.39,0.84,32.3,0.83,18.39,0.95,54.7,0.96,72.7,0.11,0.11,614.140817,1776197358000
1776197360.345,260.345,0.05,54.7,0.04,72.7,0.16,32.3,0.17,18.39,0.84,32.3,0.83,18.39,0.95,54.7,0.96,72.7,0.11,0.11,614.140819,1776197359000
1776197361.41,261.41,0.05,54.7,0.04,72.7,0.16,32.3,0.17,18.39,0.84,32.3,0.83,18.39,0.95,54.7,0.96,72.7,0.11,0.11,614.144711,1776197360000
1776197361.952,261.952,0.05,54.7,0.04,72.7,0.16,32.3,0.17,18.39,0.84,32.3,0.83,18.39,0.95,54.7,0.96,72.7,0.11,0.11,614.142734,1776197361000
1776197363.043,263.043,0.05,54.7,0.04,72.7,0.16,32.3,0.17,18.39,0.84,32.3,0.83,18.39,0.95,54.7,0.96,72.7,0.11,0.11,614.14278,1776197362000
1776197363.98,263.98,0.05,54.7,0.04,72.7,0.16,32.3,0.17,18.39,0.84,32.3,0.83,18.39,0.95,54.7,0.96,72.7,0.11,0.11,614.1466,1776197363000
1776197365.121,265.121,0.05,54.7,0.04,72.7,0.16,32.3,0.17,18.39,0.84,32.3,0.83,18.39,0.95,54.7,0.96,72.7,0.11,0.11,614.147696,1776197364000
1776197366.026,266.026,0.41,23.5,0.31,50.0,0.42,10.7,0.43,10.6,0.84,32.3,0.83,18.39,0.95,54.7,0.96,72.7,0.01,0.11,614.147696,1776197364000
1776197366.413,266.413,0.41,21.8,0.31,50.0,0.42,10.7,0.43,10.6,0.58,10.7,0.57,10.6,0.59,21.8,0.69,50.0,0.01,0.01,614.22744,1776197365000
1776197366.998,266.998,0.41,21.8,0.31,50.0,0.42,10.7,0.43,10.6,0.58,10.7,0.57,10.6,0.59,21.8,0.69,50.0,0.01,0.01,614.22744,1776197366000
1776197368.123,268.123,0.41,21.8,0.31,50.0,0.42,10.7,0.43,10.6,0.58,10.7,0.57,10.6,0.59,21.8,0.69,50.0,0.01,0.01,614.28341,1776197367000
1776197369.306,269.306,0.41,21.8,0.31,50.0,0.42,10.7,0.43,10.6,0.58,10.7,0.57,10.6,0.59,21.8,0.69,50.0,0.01,0.01,614.372,1776197368000
1776197370.274,270.274,0.41,21.8,0.31,50.0,0.42,10.7,0.43,10.6,0.58,10.7,0.57,10.6,0.59,21.8,0.69,50.0,0.01,0.01,614.378,1776197369000
1776197371.346,271.346,0.41,21.8,0.31,50.0,0.42,10.7,0.43,10.6,0.58,10.7,0.57,10.6,0.59,21.8,0.69,50.0,0.01,0.01,614.377,1776197370000
1776197371.891,271.891,0.41,21.8,0.31,50.0,0.42,10.7,0.43,10.6,0.58,10.7,0.57,10.6,0.59,21.8,0.69,50.0,0.01,0.01,614.385307,1776197371000
1776197373.109,273.109,0.41,21.8,0.31,50.0,0.42,10.7,0.43,10.6,0.58,10.7,0.57,10.6,0.59,21.8,0.69,50.0,0.01,0.01,614.388,1776197372000
1776197374.68,274.68,0.41,21.8,0.31,50.0,0.42,10.7,0.43,10.6,0.58,10.7,0.57,10.6,0.59,21.8,0.69,50.0,0.01,0.01,614.412,1776197373000
1776197375.352,275.352,0.41,21.8,0.31,50.0,0.42,10.7,0.43,10.6,0.58,10.7,0.57,10.6,0.59,21.8,0.69,50.0,0.01,0.01,614.412,1776197374000
1776197375.996,275.996,0.41,21.8,0.31,50.0,0.42,10.7,0.43,10.6,0.58,10.7,0.57,10.6,0.59,21.8,0.69,50.0,0.01,0.01,614.402,1776197375000
1776197377.354,277.354,0.41,21.8,0.31,50.0,0.42,10.7,0.43,10.6,0.58,10.7,0.57,10.6,0.59,21.8,0.69,50.0,0.01,0.01,614.409,1776197376000
1776197378.025,278.025,0.41,21.8,0.31,50.0,0.42,10.7,0.43,10.6,0.58,10.7,0.57,10.6,0.59,21.8,0.69,50.0,0.01,0.01,614.409,1776197377000
1776197379.179,279.179,0.51,44.0,0.43,30.12,0.81,50.0,0.91,50.0,0.58,10.7,0.57,10.6,0.59,21.8,0.69,50.0,0.3,0.01,614.409,1776197377000
1776197380.405,280.405,0.51,44.0,0.43,30.12,0.81,50.0,0.91,50.0,0.19,50.0,0.09,50.0,0.49,44.0,0.57,30.12,0.3,0.3,614.419,1776197379000
1776197381.053,281.053,0.51,44.0,0.43,30.12,0.81,50.0,0.91,50.0,0.19,50.0,0.09,50.0,0.49,44.0,0.57,30.12,0.3,0.3,614.45196,1776197380000
1776197382.168,282.168,0.51,44.0,0.43,30.12,0.81,50.0,0.91,50.0,0.19,50.0,0.09,50.0,0.49,44.0,0.57,30.12,0.3,0.3,614.459,1776197381000
1776197383.406,283.406,0.51,44.0,0.43,30.12,0.81,50.0,0.91,50.0,0.19,50.0,0.09,50.0,0.49,44.0,0.57,30.12,0.3,0.3,614.474,1776197382000
1776197384.045,284.045,0.51,44.0,0.43,30.12,0.81,50.0,0.91,50.0,0.19,50.0,0.09,50.0,0.49,44.0,0.57,30.12,0.3,0.3,614.474,1776197383000
1776197385.236,285.236,0.51,44.0,0.43,30.12,0.81,50.0,0.91,50.0,0.19,50.0,0.09,50.0,0.49,44.0,0.57,30.12,0.3,0.3,614.463,1776197384000
1776197385.601,285.601,0.61,38.0,0.51,44.0,0.91,50.0,0.96,105.0,0.19,50.0,0.09,50.0,0.49,44.0,0.57,30.12,0.3,0.3,614.463,1776197384000
1776197386.466,286.466,0.61,38.0,0.51,44.0,0.91,50.0,0.96,105.0,0.09,50.0,0.04,105.0,0.39,38.0,0.49,44.0,0.3,0.3,614.467,1776197385000
1776197387.116,287.116,0.61,38.0,0.51,44.0,0.91,50.0,0.96,105.0,0.09,50.0,0.04,105.0,0.39,38.0,0.49,44.0,0.3,0.3,614.471,1776197386000
1776197388.15,288.15,0.64,5.0,0.61,38.0,0.91,45.0,0.96,5.0,0.09,50.0,0.04,105.0,0.39,38.0,0.49,44.0,0.27,0.3,614.471,1776197386000
1776197389.107,289.107,0.64,5.0,0.61,38.0,0.91,45.0,0.96,5.0,0.09,45.0,0.04,5.0,0.36,5.0,0.39,38.0,0.27,0.27,614.492577,1776197388000
1776197390.196,290.196,0.64,5.0,0.61,38.0,0.91,45.0,0.96,5.0,0.09,45.0,0.04,5.0,0.36,5.0,0.39,38.0,0.27,0.27,614.499786,1776197389000
1776197390.775,290.775,0.78,5.0,0.71,50.0,0.96,1.9,0.98,110.0,0.09,45.0,0.04,5.0,0.36,5.0,0.39,38.0,0.18,0.27,614.499786,1776197389000
1776197391.065,291.065,0.79,5.0,0.71,50.0,0.98,101.75,0.99,1410.0,0.04,1.9,0.02,110.0,0.22,5.0,0.29,50.0,0.19,0.18,614.499786,1776197389000
1776197392.314,292.314,0.79,5.0,0.71,50.0,0.98,101.75,0.99,1410.0,0.02,101.75,0.01,1410.0,0.21,5.0,0.29,50.0,0.19,0.19,614.502609,1776197391000
1776197393.365,293.365,0.8,5.0,0.71,50.0,0.98,1.75,0.99,305.0,0.02,1.75,0.01,305.0,0.2,5.0,0.29,50.0,0.18,0.18,614.502779,1776197392000
1776197393.937,293.937,0.8,5.0,0.71,50.0,0.98,1.75,0.99,305.0,0.02,1.75,0.01,305.0,0.2,5.0,0.29,50.0,0.18,0.18,614.508017,1776197393000
1776197394.342,294.342,0.84,5.0,0.71,50.0,0.99,221.75,,,0.02,1.75,0.01,305.0,0.2,5.0,0.29,50.0,0.15,0.18,614.508017,1776197393000
1776197394.906,294.906,0.84,5.0,0.71,50.0,0.99,221.75,,,0.01,221.75,,,0.16,5.0,0.29,50.0,0.15,0.15,614.509,1776197394000
1776197396.027,296.027,0.84,5.0,0.71,50.0,0.99,221.75,,,0.01,221.75,,,0.16,5.0,0.29,50.0,0.15,0.15,614.507959,1776197395000
1776197396.464,296.464,0.71,50.0,0.61,38.0,0.99,95.64,,,0.01,221.75,,,0.16,5.0,0.29,50.0,0.28,0.15,614.507959,1776197395000
1776197396.909,296.909,0.71,50.0,0.61,38.0,0.99,95.64,,,0.01,95.64,,,0.29,50.0,0.39,38.0,0.28,0.28,614.50803,1776197396000
1776197397.18,297.18,0.92,5.0,0.71,50.0,0.99,66.2,,,0.01,69.2,,,0.09,5.0,0.29,50.0,0.07,0.08,614.50803,1776197396000
1776197397.408,297.408,0.93,5.0,0.71,50.0,0.99,23.76,,,0.01,64.17,,,0.07,5.0,0.29,50.0,0.06,0.06,614.50803,1776197396000
1776197398.021,298.021,0.94,5.0,0.71,50.0,,,,,,,,,0.06,5.0,0.29,50.0,,,614.511,1776197397000
1776197399.031,299.031,0.94,5.0,0.71,50.0,,,,,,,,,0.06,5.0,0.29,50.0,,,614.511,1776197398000
1776197400.011,300.011,0.94,5.0,0.71,50.0,,,,,,,,,0.06,5.0,0.29,50.0,,,614.508489,1776197399000
1776197400.268,300.268,0.99,9986.18,0.94,5.0,,,,,,,,,0.06,5.0,0.29,50.0,,,614.508489,1776197399000
1776197401.163,301.163,0.99,9986.18,0.94,5.0,,,,,,,,,0.01,9986.18,0.06,5.0,,,614.514,1776197400000
1776197402.809,302.809,0.99,9986.18,0.94,5.0,,,,,,,,,0.01,9986.18,0.06,5.0,,,614.535,1776197401000

# RESULT,winner=Up,slug=bnb-updown-5m-1776197100,ticks=315
