timestamp,elapsed_sec,up_bid_p1,up_bid_s1,up_bid_p2,up_bid_s2,up_bid_p3,up_bid_s3,up_bid_p4,up_bid_s4,up_bid_p5,up_bid_s5,up_ask_p1,up_ask_s1,up_ask_p2,up_ask_s2,up_ask_p3,up_ask_s3,up_ask_p4,up_ask_s4,up_ask_p5,up_ask_s5,down_bid_p1,down_bid_s1,down_bid_p2,down_bid_s2,down_bid_p3,down_bid_s3,down_bid_p4,down_bid_s4,down_bid_p5,down_bid_s5,down_ask_p1,down_ask_s1,down_ask_p2,down_ask_s2,down_ask_p3,down_ask_s3,down_ask_p4,down_ask_s4,down_ask_p5,down_ask_s5,up_spread,down_spread,bnb_price,bnb_oracle_ts
1776160801.433,1.433,0.41,13.0,0.4,8.0,0.39,8.0,0.38,8.0,0.37,189.0,0.59,13.0,0.6,8.0,0.61,8.0,0.62,8.0,0.63,189.0,0.41,13.0,0.4,8.0,0.39,8.0,0.38,8.0,0.37,189.0,0.59,13.0,0.6,8.0,0.61,8.0,0.62,8.0,0.63,189.0,0.18,0.18,618.082,1776160800000
1776160802.061,2.061,0.41,13.0,0.4,8.0,0.39,8.0,0.38,8.0,0.37,189.0,0.59,13.0,0.6,8.0,0.61,8.0,0.62,8.0,0.63,189.0,0.41,13.0,0.4,8.0,0.39,8.0,0.38,8.0,0.37,189.0,0.59,13.0,0.6,8.0,0.61,8.0,0.62,8.0,0.63,189.0,0.18,0.18,618.082,1776160801000
1776160803.195,3.195,0.41,13.0,0.4,8.0,0.39,8.0,0.38,8.0,0.37,189.0,0.59,13.0,0.6,8.0,0.61,8.0,0.62,8.0,0.63,189.0,0.41,13.0,0.4,8.0,0.39,8.0,0.38,8.0,0.37,189.0,0.59,13.0,0.6,8.0,0.61,8.0,0.62,8.0,0.63,189.0,0.18,0.18,618.082,1776160802000
1776160804.381,4.381,0.41,13.0,0.4,8.0,0.39,8.0,0.38,8.0,0.37,189.0,0.59,13.0,0.6,8.0,0.61,8.0,0.62,8.0,0.63,189.0,0.41,13.0,0.4,8.0,0.39,8.0,0.38,8.0,0.37,189.0,0.59,13.0,0.6,8.0,0.61,8.0,0.62,8.0,0.63,189.0,0.18,0.18,618.062,1776160803000
1776160804.991,4.991,0.41,13.0,0.4,8.0,0.39,8.0,0.38,8.0,0.37,189.0,0.59,13.0,0.6,8.0,0.61,8.0,0.62,8.0,0.63,189.0,0.41,13.0,0.4,8.0,0.39,8.0,0.38,8.0,0.37,189.0,0.59,13.0,0.6,8.0,0.61,8.0,0.62,8.0,0.63,189.0,0.18,0.18,618.036056,1776160804000
1776160806.266,6.266,0.41,13.0,0.4,8.0,0.39,8.0,0.38,8.0,0.37,189.0,0.59,13.0,0.6,8.0,0.61,8.0,0.62,8.0,0.63,189.0,0.41,13.0,0.4,8.0,0.39,8.0,0.38,8.0,0.37,189.0,0.59,13.0,0.6,8.0,0.61,8.0,0.62,8.0,0.63,189.0,0.18,0.18,618.043,1776160805000
1776160807.479,7.479,0.41,13.0,0.4,8.0,0.39,8.0,0.38,8.0,0.37,189.0,0.59,13.0,0.6,8.0,0.61,8.0,0.62,8.0,0.63,189.0,0.41,13.0,0.4,8.0,0.39,8.0,0.38,8.0,0.37,189.0,0.59,13.0,0.6,8.0,0.61,8.0,0.62,8.0,0.63,189.0,0.18,0.18,618.085,1776160806000
1776160808.395,8.395,0.46,8.14,0.41,50.0,0.4,10.0,0.31,50.0,0.25,600.0,0.51,5.0,0.53,5.0,0.67,15.0,0.71,50.0,0.75,600.0,0.49,5.0,0.31,16.0,0.29,50.0,0.25,600.0,0.21,750.0,0.52,10.0,0.59,50.0,0.6,10.0,0.69,50.0,0.75,600.0,0.05,0.03,618.085,1776160806000
1776160809.063,9.063,0.46,8.14,0.41,50.0,0.4,10.0,0.31,50.0,0.25,600.0,0.51,5.0,0.53,5.0,0.67,15.0,0.71,50.0,0.75,600.0,0.49,5.0,0.47,5.0,0.33,15.0,0.29,50.0,0.25,600.0,0.54,8.14,0.59,50.0,0.6,10.0,0.69,50.0,0.75,600.0,0.05,0.05,618.089,1776160808000
1776160810.074,10.074,0.46,8.14,0.41,50.0,0.4,10.0,0.31,50.0,0.25,600.0,0.51,5.0,0.53,5.0,0.67,15.0,0.71,50.0,0.75,600.0,0.49,5.0,0.47,5.0,0.33,15.0,0.29,50.0,0.25,600.0,0.54,8.14,0.59,50.0,0.6,10.0,0.69,50.0,0.75,600.0,0.05,0.05,618.089,1776160809000
1776160811.014,11.014,0.46,8.14,0.41,50.0,0.4,10.0,0.31,50.0,0.25,600.0,0.51,5.0,0.53,5.0,0.67,15.0,0.71,50.0,0.75,600.0,0.49,5.0,0.47,5.0,0.33,15.0,0.29,50.0,0.25,600.0,0.54,8.14,0.59,50.0,0.6,10.0,0.69,50.0,0.75,600.0,0.05,0.05,618.116,1776160810000
1776160811.993,11.993,0.46,8.14,0.41,50.0,0.4,10.0,0.31,50.0,0.25,600.0,0.51,5.0,0.53,5.0,0.67,15.0,0.71,50.0,0.75,600.0,0.49,5.0,0.47,5.0,0.33,15.0,0.29,50.0,0.25,600.0,0.54,8.14,0.59,50.0,0.6,10.0,0.69,50.0,0.75,600.0,0.05,0.05,618.121,1776160811000
1776160813.127,13.127,0.46,8.14,0.41,50.0,0.4,10.0,0.31,50.0,0.25,600.0,0.51,5.0,0.53,5.0,0.67,15.0,0.71,50.0,0.75,600.0,0.49,5.0,0.47,5.0,0.33,15.0,0.29,50.0,0.25,600.0,0.54,8.14,0.59,50.0,0.6,10.0,0.69,50.0,0.75,600.0,0.05,0.05,618.149,1776160812000
1776160813.968,13.968,0.46,8.14,0.41,50.0,0.4,10.0,0.31,50.0,0.25,600.0,0.51,5.0,0.53,5.0,0.67,15.0,0.71,50.0,0.75,600.0,0.49,5.0,0.47,5.0,0.33,15.0,0.29,50.0,0.25,600.0,0.54,8.14,0.59,50.0,0.6,10.0,0.69,50.0,0.75,600.0,0.05,0.05,618.158,1776160813000
1776160814.932,14.932,0.46,8.14,0.41,50.0,0.4,10.0,0.31,50.0,0.25,600.0,0.51,5.0,0.53,5.0,0.67,15.0,0.71,50.0,0.75,600.0,0.49,5.0,0.47,5.0,0.33,15.0,0.29,50.0,0.25,600.0,0.54,8.14,0.59,50.0,0.6,10.0,0.69,50.0,0.75,600.0,0.05,0.05,618.153,1776160814000
1776160815.943,15.943,0.46,8.14,0.41,50.0,0.4,10.0,0.31,50.0,0.25,600.0,0.51,5.0,0.53,5.0,0.67,15.0,0.71,50.0,0.75,600.0,0.49,5.0,0.47,5.0,0.33,15.0,0.29,50.0,0.25,600.0,0.54,8.14,0.59,50.0,0.6,10.0,0.69,50.0,0.75,600.0,0.05,0.05,618.155,1776160815000
1776160816.913,16.913,0.46,8.14,0.41,50.0,0.4,10.0,0.31,50.0,0.25,600.0,0.51,5.0,0.53,5.0,0.67,15.0,0.71,50.0,0.75,600.0,0.49,5.0,0.47,5.0,0.33,15.0,0.29,50.0,0.25,600.0,0.54,8.14,0.59,50.0,0.6,10.0,0.69,50.0,0.75,600.0,0.05,0.05,618.156,1776160816000
1776160817.904,17.904,0.46,8.14,0.41,50.0,0.4,10.0,0.31,50.0,0.25,600.0,0.51,5.0,0.53,5.0,0.67,15.0,0.71,50.0,0.75,600.0,0.49,5.0,0.47,5.0,0.33,15.0,0.29,50.0,0.25,600.0,0.54,8.14,0.59,50.0,0.6,10.0,0.69,50.0,0.75,600.0,0.05,0.05,618.151,1776160817000
1776160818.902,18.902,0.46,8.14,0.41,50.0,0.4,10.0,0.31,50.0,0.25,600.0,0.51,5.0,0.53,5.0,0.67,15.0,0.71,50.0,0.75,600.0,0.49,5.0,0.47,5.0,0.33,15.0,0.29,50.0,0.25,600.0,0.54,8.14,0.59,50.0,0.6,10.0,0.69,50.0,0.75,600.0,0.05,0.05,618.092,1776160818000
1776160819.967,19.967,0.46,8.14,0.41,50.0,0.4,10.0,0.31,50.0,0.25,600.0,0.51,5.0,0.53,5.0,0.67,15.0,0.71,50.0,0.75,600.0,0.49,5.0,0.47,5.0,0.33,15.0,0.29,50.0,0.25,600.0,0.54,8.14,0.59,50.0,0.6,10.0,0.69,50.0,0.75,600.0,0.05,0.05,618.074,1776160819000
1776160821.554,21.554,0.46,8.14,0.41,50.0,0.4,10.0,0.31,50.0,0.25,600.0,0.51,5.0,0.53,5.0,0.67,15.0,0.71,50.0,0.75,600.0,0.49,5.0,0.47,5.0,0.33,15.0,0.29,50.0,0.25,600.0,0.54,8.14,0.59,50.0,0.6,10.0,0.69,50.0,0.75,600.0,0.05,0.05,618.075,1776160820000
1776160822.179,22.179,0.46,8.14,0.41,50.0,0.4,10.0,0.31,50.0,0.25,600.0,0.51,5.0,0.53,5.0,0.67,15.0,0.71,50.0,0.75,600.0,0.49,5.0,0.47,5.0,0.33,15.0,0.29,50.0,0.25,600.0,0.54,8.14,0.59,50.0,0.6,10.0,0.69,50.0,0.75,600.0,0.05,0.05,618.077,1776160821000
1776160823.05,23.05,0.46,8.14,0.41,50.0,0.4,10.0,0.31,50.0,0.25,600.0,0.51,5.0,0.53,5.0,0.67,15.0,0.71,50.0,0.75,600.0,0.49,5.0,0.47,5.0,0.33,15.0,0.29,50.0,0.25,600.0,0.54,8.14,0.59,50.0,0.6,10.0,0.69,50.0,0.75,600.0,0.05,0.05,618.077,1776160822000
1776160824.104,24.104,0.46,8.14,0.41,50.0,0.4,10.0,0.31,50.0,0.25,600.0,0.51,5.0,0.53,5.0,0.67,15.0,0.71,50.0,0.75,600.0,0.49,5.0,0.47,5.0,0.33,15.0,0.29,50.0,0.25,600.0,0.54,8.14,0.59,50.0,0.6,10.0,0.69,50.0,0.75,600.0,0.05,0.05,618.071,1776160823000
1776160825.04,25.04,0.46,8.14,0.41,50.0,0.4,10.0,0.31,50.0,0.25,600.0,0.51,5.0,0.53,5.0,0.67,15.0,0.71,50.0,0.75,600.0,0.49,5.0,0.47,5.0,0.33,15.0,0.29,50.0,0.25,600.0,0.54,8.14,0.59,50.0,0.6,10.0,0.69,50.0,0.75,600.0,0.05,0.05,618.081,1776160824000
1776160826.072,26.072,0.46,8.14,0.41,50.0,0.4,10.0,0.31,50.0,0.25,600.0,0.51,5.0,0.53,5.0,0.67,15.0,0.71,50.0,0.75,600.0,0.49,5.0,0.47,5.0,0.33,15.0,0.29,50.0,0.25,600.0,0.54,8.14,0.59,50.0,0.6,10.0,0.69,50.0,0.75,600.0,0.05,0.05,618.081,1776160825000
1776160826.983,26.983,0.46,8.14,0.41,50.0,0.4,10.0,0.31,50.0,0.25,600.0,0.51,5.0,0.53,5.0,0.67,15.0,0.71,50.0,0.75,600.0,0.49,5.0,0.47,5.0,0.33,15.0,0.29,50.0,0.25,600.0,0.54,8.14,0.59,50.0,0.6,10.0,0.69,50.0,0.75,600.0,0.05,0.05,618.08,1776160826000
1776160827.989,27.989,0.46,8.14,0.41,50.0,0.4,10.0,0.31,50.0,0.25,600.0,0.51,5.0,0.53,5.0,0.67,15.0,0.71,50.0,0.75,600.0,0.49,5.0,0.47,5.0,0.33,15.0,0.29,50.0,0.25,600.0,0.54,8.14,0.59,50.0,0.6,10.0,0.69,50.0,0.75,600.0,0.05,0.05,618.086,1776160827000
1776160828.977,28.977,0.46,8.14,0.41,50.0,0.4,10.0,0.31,50.0,0.25,600.0,0.51,5.0,0.53,5.0,0.67,15.0,0.71,50.0,0.75,600.0,0.49,5.0,0.47,5.0,0.33,15.0,0.29,50.0,0.25,600.0,0.54,8.14,0.59,50.0,0.6,10.0,0.69,50.0,0.75,600.0,0.05,0.05,618.085,1776160828000
1776160830.001,30.001,0.46,8.14,0.41,50.0,0.4,10.0,0.31,50.0,0.25,600.0,0.51,5.0,0.53,5.0,0.67,15.0,0.71,50.0,0.75,600.0,0.49,5.0,0.47,5.0,0.33,15.0,0.29,50.0,0.25,600.0,0.54,8.14,0.59,50.0,0.6,10.0,0.69,50.0,0.75,600.0,0.05,0.05,618.086,1776160829000
1776160830.922,30.922,0.46,8.14,0.41,50.0,0.4,10.0,0.31,50.0,0.25,600.0,0.51,5.0,0.53,5.0,0.67,15.0,0.71,50.0,0.75,600.0,0.49,5.0,0.47,5.0,0.33,15.0,0.29,50.0,0.25,600.0,0.54,8.14,0.59,50.0,0.6,10.0,0.69,50.0,0.75,600.0,0.05,0.05,618.086,1776160830000
1776160831.902,31.902,0.46,8.14,0.41,50.0,0.4,10.0,0.31,50.0,0.25,600.0,0.51,5.0,0.53,5.0,0.67,15.0,0.71,50.0,0.75,600.0,0.49,5.0,0.47,5.0,0.33,15.0,0.29,50.0,0.25,600.0,0.54,8.14,0.59,50.0,0.6,10.0,0.69,50.0,0.75,600.0,0.05,0.05,618.086,1776160831000
1776160833.328,33.328,0.46,8.14,0.41,50.0,0.4,10.0,0.31,50.0,0.25,600.0,0.51,5.0,0.53,5.0,0.67,15.0,0.71,50.0,0.75,600.0,0.49,5.0,0.47,5.0,0.33,15.0,0.29,50.0,0.25,600.0,0.54,8.14,0.59,50.0,0.6,10.0,0.69,50.0,0.75,600.0,0.05,0.05,618.082,1776160832000
1776160834.182,34.182,0.46,8.14,0.41,50.0,0.4,10.0,0.31,50.0,0.25,600.0,0.51,5.0,0.53,5.0,0.67,15.0,0.71,50.0,0.75,600.0,0.49,5.0,0.47,5.0,0.33,15.0,0.29,50.0,0.25,600.0,0.54,8.14,0.59,50.0,0.6,10.0,0.69,50.0,0.75,600.0,0.05,0.05,618.06,1776160833000
1776160835.196,35.196,0.46,8.14,0.41,50.0,0.4,10.0,0.31,50.0,0.25,600.0,0.51,5.0,0.53,5.0,0.67,15.0,0.71,50.0,0.75,600.0,0.49,5.0,0.47,5.0,0.33,15.0,0.29,50.0,0.25,600.0,0.54,8.14,0.59,50.0,0.6,10.0,0.69,50.0,0.75,600.0,0.05,0.05,618.066,1776160834000
1776160836.027,36.027,0.46,8.14,0.41,50.0,0.4,10.0,0.31,50.0,0.25,600.0,0.51,5.0,0.53,5.0,0.67,15.0,0.71,50.0,0.75,600.0,0.49,5.0,0.47,5.0,0.33,15.0,0.29,50.0,0.25,600.0,0.54,8.14,0.59,50.0,0.6,10.0,0.69,50.0,0.75,600.0,0.05,0.05,618.064,1776160835000
1776160836.939,36.939,0.46,8.14,0.41,50.0,0.4,10.0,0.31,50.0,0.25,600.0,0.51,5.0,0.53,5.0,0.67,15.0,0.71,50.0,0.75,600.0,0.49,5.0,0.47,5.0,0.33,15.0,0.29,50.0,0.25,600.0,0.54,8.14,0.59,50.0,0.6,10.0,0.69,50.0,0.75,600.0,0.05,0.05,618.064,1776160836000
1776160837.894,37.894,0.46,8.14,0.41,50.0,0.4,10.0,0.31,50.0,0.25,600.0,0.51,5.0,0.53,5.0,0.67,15.0,0.71,50.0,0.75,600.0,0.49,5.0,0.47,5.0,0.33,15.0,0.29,50.0,0.25,600.0,0.54,8.14,0.59,50.0,0.6,10.0,0.69,50.0,0.75,600.0,0.05,0.05,618.059,1776160837000
1776160839.192,39.192,0.46,8.14,0.41,50.0,0.4,10.0,0.31,50.0,0.25,600.0,0.51,5.0,0.53,5.0,0.67,15.0,0.71,50.0,0.75,600.0,0.49,5.0,0.47,5.0,0.33,15.0,0.29,50.0,0.25,600.0,0.54,8.14,0.59,50.0,0.6,10.0,0.69,50.0,0.75,600.0,0.05,0.05,618.046,1776160838000
1776160840.187,40.187,0.46,8.14,0.41,50.0,0.4,10.0,0.31,50.0,0.25,600.0,0.51,5.0,0.53,5.0,0.67,15.0,0.71,50.0,0.75,600.0,0.49,5.0,0.47,5.0,0.33,15.0,0.29,50.0,0.25,600.0,0.54,8.14,0.59,50.0,0.6,10.0,0.69,50.0,0.75,600.0,0.05,0.05,618.046,1776160839000
1776160841.168,41.168,0.46,8.14,0.41,50.0,0.4,10.0,0.31,50.0,0.25,600.0,0.51,5.0,0.53,5.0,0.67,15.0,0.71,50.0,0.75,600.0,0.49,5.0,0.47,5.0,0.33,15.0,0.29,50.0,0.25,600.0,0.54,8.14,0.59,50.0,0.6,10.0,0.69,50.0,0.75,600.0,0.05,0.05,618.046,1776160840000
1776160842.11,42.11,0.46,8.14,0.41,50.0,0.4,10.0,0.31,50.0,0.25,600.0,0.51,5.0,0.53,5.0,0.67,15.0,0.71,50.0,0.75,600.0,0.49,5.0,0.47,5.0,0.33,15.0,0.29,50.0,0.25,600.0,0.54,8.14,0.59,50.0,0.6,10.0,0.69,50.0,0.75,600.0,0.05,0.05,618.047,1776160841000
1776160843.118,43.118,0.46,8.14,0.41,50.0,0.4,10.0,0.31,50.0,0.25,600.0,0.51,5.0,0.53,5.0,0.67,15.0,0.71,50.0,0.75,600.0,0.49,5.0,0.47,5.0,0.33,15.0,0.29,50.0,0.25,600.0,0.54,8.14,0.59,50.0,0.6,10.0,0.69,50.0,0.75,600.0,0.05,0.05,618.045,1776160842000
1776160844.146,44.146,0.46,8.14,0.41,50.0,0.4,10.0,0.31,50.0,0.25,600.0,0.51,5.0,0.53,5.0,0.67,15.0,0.71,50.0,0.75,600.0,0.49,5.0,0.47,5.0,0.33,15.0,0.29,50.0,0.25,600.0,0.54,8.14,0.59,50.0,0.6,10.0,0.69,50.0,0.75,600.0,0.05,0.05,618.043,1776160843000
1776160845.045,45.045,0.46,8.14,0.41,50.0,0.4,10.0,0.31,50.0,0.25,600.0,0.51,5.0,0.53,5.0,0.67,15.0,0.71,50.0,0.75,600.0,0.49,5.0,0.47,5.0,0.33,15.0,0.29,50.0,0.25,600.0,0.54,8.14,0.59,50.0,0.6,10.0,0.69,50.0,0.75,600.0,0.05,0.05,618.043,1776160844000
1776160846.63,46.63,0.46,8.14,0.41,50.0,0.4,10.0,0.31,50.0,0.25,600.0,0.51,5.0,0.53,5.0,0.67,15.0,0.71,50.0,0.75,600.0,0.49,5.0,0.47,5.0,0.33,15.0,0.29,50.0,0.25,600.0,0.54,8.14,0.59,50.0,0.6,10.0,0.69,50.0,0.75,600.0,0.05,0.05,617.973449,1776160845000
1776160847.109,47.109,0.46,8.14,0.41,50.0,0.4,10.0,0.31,50.0,0.25,600.0,0.51,5.0,0.53,5.0,0.67,15.0,0.71,50.0,0.75,600.0,0.49,5.0,0.47,5.0,0.33,15.0,0.29,50.0,0.25,600.0,0.54,8.14,0.59,50.0,0.6,10.0,0.69,50.0,0.75,600.0,0.05,0.05,617.956737,1776160846000
1776160848.228,48.228,0.46,8.14,0.41,50.0,0.4,10.0,0.31,50.0,0.25,600.0,0.51,5.0,0.53,5.0,0.67,15.0,0.71,50.0,0.75,600.0,0.49,5.0,0.47,5.0,0.33,15.0,0.29,50.0,0.25,600.0,0.54,8.14,0.59,50.0,0.6,10.0,0.69,50.0,0.75,600.0,0.05,0.05,618.046,1776160847000
1776160849.256,49.256,0.46,8.14,0.41,50.0,0.4,10.0,0.31,50.0,0.25,600.0,0.51,5.0,0.53,5.0,0.67,15.0,0.71,50.0,0.75,600.0,0.49,5.0,0.47,5.0,0.33,15.0,0.29,50.0,0.25,600.0,0.54,8.14,0.59,50.0,0.6,10.0,0.69,50.0,0.75,600.0,0.05,0.05,618.046,1776160848000
1776160850.32,50.32,0.46,8.14,0.41,50.0,0.4,10.0,0.31,50.0,0.25,600.0,0.51,5.0,0.53,5.0,0.67,15.0,0.71,50.0,0.75,600.0,0.49,5.0,0.47,5.0,0.33,15.0,0.29,50.0,0.25,600.0,0.54,8.14,0.59,50.0,0.6,10.0,0.69,50.0,0.75,600.0,0.05,0.05,618.04,1776160849000
1776160851.309,51.309,0.46,8.14,0.41,50.0,0.4,10.0,0.31,50.0,0.25,600.0,0.51,5.0,0.53,5.0,0.67,15.0,0.71,50.0,0.75,600.0,0.49,5.0,0.47,5.0,0.33,15.0,0.29,50.0,0.25,600.0,0.54,8.14,0.59,50.0,0.6,10.0,0.69,50.0,0.75,600.0,0.05,0.05,618.002,1776160850000
1776160852.392,52.392,0.46,8.14,0.41,50.0,0.4,10.0,0.31,50.0,0.25,600.0,0.51,5.0,0.53,5.0,0.67,15.0,0.71,50.0,0.75,600.0,0.49,5.0,0.47,5.0,0.33,15.0,0.29,50.0,0.25,600.0,0.54,8.14,0.59,50.0,0.6,10.0,0.69,50.0,0.75,600.0,0.05,0.05,618.04,1776160851000
1776160852.925,52.925,0.46,8.14,0.41,50.0,0.4,10.0,0.31,50.0,0.25,600.0,0.51,5.0,0.53,5.0,0.67,15.0,0.71,50.0,0.75,600.0,0.49,5.0,0.47,5.0,0.33,15.0,0.29,50.0,0.25,600.0,0.54,8.14,0.59,50.0,0.6,10.0,0.69,50.0,0.75,600.0,0.05,0.05,618.04,1776160852000
1776160854.007,54.007,0.46,8.14,0.41,50.0,0.4,10.0,0.31,50.0,0.25,600.0,0.51,5.0,0.53,5.0,0.67,15.0,0.71,50.0,0.75,600.0,0.49,5.0,0.47,5.0,0.33,15.0,0.29,50.0,0.25,600.0,0.54,8.14,0.59,50.0,0.6,10.0,0.69,50.0,0.75,600.0,0.05,0.05,618.027,1776160853000
1776160855.113,55.113,0.46,8.14,0.41,50.0,0.4,10.0,0.31,50.0,0.25,600.0,0.51,5.0,0.53,5.0,0.67,15.0,0.71,50.0,0.75,600.0,0.49,5.0,0.47,5.0,0.33,15.0,0.29,50.0,0.25,600.0,0.54,8.14,0.59,50.0,0.6,10.0,0.69,50.0,0.75,600.0,0.05,0.05,618.032,1776160854000
1776160856.117,56.117,0.46,8.14,0.41,50.0,0.4,10.0,0.31,50.0,0.25,600.0,0.51,5.0,0.53,5.0,0.67,15.0,0.71,50.0,0.75,600.0,0.49,5.0,0.47,5.0,0.33,15.0,0.29,50.0,0.25,600.0,0.54,8.14,0.59,50.0,0.6,10.0,0.69,50.0,0.75,600.0,0.05,0.05,618.044,1776160855000
1776160857.157,57.157,0.46,8.14,0.41,50.0,0.4,10.0,0.31,50.0,0.25,600.0,0.51,5.0,0.53,5.0,0.67,15.0,0.71,50.0,0.75,600.0,0.49,5.0,0.47,5.0,0.33,15.0,0.29,50.0,0.25,600.0,0.54,8.14,0.59,50.0,0.6,10.0,0.69,50.0,0.75,600.0,0.05,0.05,618.043,1776160856000
1776160858.292,58.292,0.46,8.14,0.41,50.0,0.4,10.0,0.31,50.0,0.25,600.0,0.51,5.0,0.53,5.0,0.67,15.0,0.71,50.0,0.75,600.0,0.49,5.0,0.47,5.0,0.33,15.0,0.29,50.0,0.25,600.0,0.54,8.14,0.59,50.0,0.6,10.0,0.69,50.0,0.75,600.0,0.05,0.05,618.043,1776160857000
1776160859.169,59.169,0.46,8.14,0.41,50.0,0.4,10.0,0.31,50.0,0.25,600.0,0.51,5.0,0.53,5.0,0.67,15.0,0.71,50.0,0.75,600.0,0.49,5.0,0.47,5.0,0.33,15.0,0.29,50.0,0.25,600.0,0.54,8.14,0.59,50.0,0.6,10.0,0.69,50.0,0.75,600.0,0.05,0.05,618.044,1776160858000
1776160860.145,60.145,0.46,8.14,0.41,50.0,0.4,10.0,0.31,50.0,0.25,600.0,0.51,5.0,0.53,5.0,0.67,15.0,0.71,50.0,0.75,600.0,0.49,5.0,0.47,5.0,0.33,15.0,0.29,50.0,0.25,600.0,0.54,8.14,0.59,50.0,0.6,10.0,0.69,50.0,0.75,600.0,0.05,0.05,618.044,1776160859000
1776160861.386,61.386,0.46,8.14,0.41,50.0,0.4,10.0,0.31,50.0,0.25,600.0,0.51,5.0,0.53,5.0,0.67,15.0,0.71,50.0,0.75,600.0,0.49,5.0,0.47,5.0,0.33,15.0,0.29,50.0,0.25,600.0,0.54,8.14,0.59,50.0,0.6,10.0,0.69,50.0,0.75,600.0,0.05,0.05,618.051,1776160860000
1776160861.92,61.92,0.46,8.14,0.41,50.0,0.4,10.0,0.31,50.0,0.25,600.0,0.51,5.0,0.53,5.0,0.67,15.0,0.71,50.0,0.75,600.0,0.49,5.0,0.47,5.0,0.33,15.0,0.29,50.0,0.25,600.0,0.54,8.14,0.59,50.0,0.6,10.0,0.69,50.0,0.75,600.0,0.05,0.05,618.051,1776160861000
1776160863.026,63.026,0.46,8.14,0.41,50.0,0.4,10.0,0.31,50.0,0.25,600.0,0.51,5.0,0.53,5.0,0.67,15.0,0.71,50.0,0.75,600.0,0.49,5.0,0.47,5.0,0.33,15.0,0.29,50.0,0.25,600.0,0.54,8.14,0.59,50.0,0.6,10.0,0.69,50.0,0.75,600.0,0.05,0.05,618.042,1776160862000
1776160864.174,64.174,0.46,8.14,0.41,50.0,0.4,10.0,0.31,50.0,0.25,600.0,0.51,5.0,0.53,5.0,0.67,15.0,0.71,50.0,0.75,600.0,0.49,5.0,0.47,5.0,0.33,15.0,0.29,50.0,0.25,600.0,0.54,8.14,0.59,50.0,0.6,10.0,0.69,50.0,0.75,600.0,0.05,0.05,618.049682,1776160863000
1776160865.305,65.305,0.46,8.14,0.41,50.0,0.4,10.0,0.31,50.0,0.25,600.0,0.51,5.0,0.53,5.0,0.67,15.0,0.71,50.0,0.75,600.0,0.49,5.0,0.47,5.0,0.33,15.0,0.29,50.0,0.25,600.0,0.54,8.14,0.59,50.0,0.6,10.0,0.69,50.0,0.75,600.0,0.05,0.05,618.062,1776160864000
1776160865.972,65.972,0.46,8.14,0.41,50.0,0.4,10.0,0.31,50.0,0.25,600.0,0.51,5.0,0.53,5.0,0.67,15.0,0.71,50.0,0.75,600.0,0.49,5.0,0.47,5.0,0.33,15.0,0.29,50.0,0.25,600.0,0.54,8.14,0.59,50.0,0.6,10.0,0.69,50.0,0.75,600.0,0.05,0.05,618.062,1776160865000
1776160867.015,67.015,0.46,8.14,0.41,50.0,0.4,10.0,0.31,50.0,0.25,600.0,0.51,5.0,0.53,5.0,0.67,15.0,0.71,50.0,0.75,600.0,0.49,5.0,0.47,5.0,0.33,15.0,0.29,50.0,0.25,600.0,0.54,8.14,0.59,50.0,0.6,10.0,0.69,50.0,0.75,600.0,0.05,0.05,618.063,1776160866000
1776160867.998,67.998,0.46,8.14,0.41,50.0,0.4,10.0,0.31,50.0,0.25,600.0,0.51,5.0,0.53,5.0,0.67,15.0,0.71,50.0,0.75,600.0,0.49,5.0,0.47,5.0,0.33,15.0,0.29,50.0,0.25,600.0,0.54,8.14,0.59,50.0,0.6,10.0,0.69,50.0,0.75,600.0,0.05,0.05,618.061,1776160867000
1776160869.087,69.087,0.46,8.14,0.41,50.0,0.4,10.0,0.31,50.0,0.25,600.0,0.51,5.0,0.53,5.0,0.67,15.0,0.71,50.0,0.75,600.0,0.49,5.0,0.47,5.0,0.33,15.0,0.29,50.0,0.25,600.0,0.54,8.14,0.59,50.0,0.6,10.0,0.69,50.0,0.75,600.0,0.05,0.05,618.077,1776160868000
1776160870.247,70.247,0.46,8.14,0.41,50.0,0.4,10.0,0.31,50.0,0.25,600.0,0.51,5.0,0.53,5.0,0.67,15.0,0.71,50.0,0.75,600.0,0.49,5.0,0.47,5.0,0.33,15.0,0.29,50.0,0.25,600.0,0.54,8.14,0.59,50.0,0.6,10.0,0.69,50.0,0.75,600.0,0.05,0.05,618.062,1776160869000
1776160871.301,71.301,0.46,8.14,0.41,50.0,0.4,10.0,0.31,50.0,0.25,600.0,0.51,5.0,0.53,5.0,0.67,15.0,0.71,50.0,0.75,600.0,0.49,5.0,0.47,5.0,0.33,15.0,0.29,50.0,0.25,600.0,0.54,8.14,0.59,50.0,0.6,10.0,0.69,50.0,0.75,600.0,0.05,0.05,618.064,1776160870000
1776160871.948,71.948,0.46,8.14,0.41,50.0,0.4,10.0,0.31,50.0,0.25,600.0,0.51,5.0,0.53,5.0,0.67,15.0,0.71,50.0,0.75,600.0,0.49,5.0,0.47,5.0,0.33,15.0,0.29,50.0,0.25,600.0,0.54,8.14,0.59,50.0,0.6,10.0,0.69,50.0,0.75,600.0,0.05,0.05,618.064,1776160871000
1776160873.088,73.088,0.46,8.14,0.41,50.0,0.4,10.0,0.31,50.0,0.25,600.0,0.51,5.0,0.53,5.0,0.67,15.0,0.71,50.0,0.75,600.0,0.49,5.0,0.47,5.0,0.33,15.0,0.29,50.0,0.25,600.0,0.54,8.14,0.59,50.0,0.6,10.0,0.69,50.0,0.75,600.0,0.05,0.05,618.01,1776160872000
1776160874.564,74.564,0.46,8.14,0.41,50.0,0.4,10.0,0.31,50.0,0.25,600.0,0.51,5.0,0.53,5.0,0.67,15.0,0.71,50.0,0.75,600.0,0.49,5.0,0.47,5.0,0.33,15.0,0.29,50.0,0.25,600.0,0.54,8.14,0.59,50.0,0.6,10.0,0.69,50.0,0.75,600.0,0.05,0.05,618.011,1776160873000
1776160875.084,75.084,0.46,8.14,0.41,50.0,0.4,10.0,0.31,50.0,0.25,600.0,0.51,5.0,0.53,5.0,0.67,15.0,0.71,50.0,0.75,600.0,0.49,5.0,0.47,5.0,0.33,15.0,0.29,50.0,0.25,600.0,0.54,8.14,0.59,50.0,0.6,10.0,0.69,50.0,0.75,600.0,0.05,0.05,618.011,1776160874000
1776160876.116,76.116,0.46,8.14,0.41,50.0,0.4,10.0,0.31,50.0,0.25,600.0,0.51,5.0,0.53,5.0,0.67,15.0,0.71,50.0,0.75,600.0,0.49,5.0,0.47,5.0,0.33,15.0,0.29,50.0,0.25,600.0,0.54,8.14,0.59,50.0,0.6,10.0,0.69,50.0,0.75,600.0,0.05,0.05,618.002,1776160875000
1776160877.203,77.203,0.46,8.14,0.41,50.0,0.4,10.0,0.31,50.0,0.25,600.0,0.51,5.0,0.53,5.0,0.67,15.0,0.71,50.0,0.75,600.0,0.49,5.0,0.47,5.0,0.33,15.0,0.29,50.0,0.25,600.0,0.54,8.14,0.59,50.0,0.6,10.0,0.69,50.0,0.75,600.0,0.05,0.05,618.002,1776160876000
1776160877.525,77.525,0.28,17.0,0.22,15.2,0.21,15.7,0.2,16.2,0.19,16.89,0.34,10.0,0.38,33.34,0.41,50.0,0.46,10.5,0.47,10.4,0.49,5.0,0.47,5.0,0.33,15.0,0.29,50.0,0.25,600.0,0.54,8.14,0.59,50.0,0.6,10.0,0.69,50.0,0.75,600.0,0.06,0.05,618.002,1776160876000
1776160878.243,78.243,0.28,17.0,0.22,15.2,0.21,15.7,0.2,16.2,0.19,16.89,0.34,10.0,0.38,33.34,0.41,50.0,0.46,10.5,0.47,10.4,0.66,10.0,0.62,33.34,0.59,50.0,0.54,10.5,0.53,10.4,0.72,17.0,0.78,15.2,0.79,15.7,0.8,16.2,0.81,16.89,0.06,0.06,617.994,1776160877000
1776160879.348,79.348,0.28,17.0,0.22,15.2,0.21,15.7,0.2,16.2,0.19,16.89,0.34,10.0,0.38,33.34,0.41,50.0,0.46,10.5,0.47,10.4,0.66,10.0,0.62,33.34,0.59,50.0,0.54,10.5,0.53,10.4,0.72,17.0,0.78,15.2,0.79,15.7,0.8,16.2,0.81,16.89,0.06,0.06,617.963415,1776160878000
1776160879.939,79.939,0.28,17.0,0.22,15.2,0.21,15.7,0.2,16.2,0.19,16.89,0.34,10.0,0.38,33.34,0.41,50.0,0.46,10.5,0.47,10.4,0.66,10.0,0.62,33.34,0.59,50.0,0.54,10.5,0.53,10.4,0.72,17.0,0.78,15.2,0.79,15.7,0.8,16.2,0.81,16.89,0.06,0.06,617.93882,1776160879000
1776160881.028,81.028,0.28,17.0,0.22,15.2,0.21,15.7,0.2,16.2,0.19,16.89,0.34,10.0,0.38,33.34,0.41,50.0,0.46,10.5,0.47,10.4,0.66,10.0,0.62,33.34,0.59,50.0,0.54,10.5,0.53,10.4,0.72,17.0,0.78,15.2,0.79,15.7,0.8,16.2,0.81,16.89,0.06,0.06,617.958,1776160880000
1776160882.016,82.016,0.28,17.0,0.22,15.2,0.21,15.7,0.2,16.2,0.19,16.89,0.34,10.0,0.38,33.34,0.41,50.0,0.46,10.5,0.47,10.4,0.66,10.0,0.62,33.34,0.59,50.0,0.54,10.5,0.53,10.4,0.72,17.0,0.78,15.2,0.79,15.7,0.8,16.2,0.81,16.89,0.06,0.06,617.897,1776160881000
1776160882.787,82.787,0.28,5.0,0.23,14.7,0.22,15.2,0.21,15.7,0.2,16.2,0.29,10.0,0.31,5.0,0.32,5.0,0.33,5.0,0.34,5.0,0.66,10.0,0.62,33.34,0.59,50.0,0.54,10.5,0.53,10.4,0.72,17.0,0.78,15.2,0.79,15.7,0.8,16.2,0.81,16.89,0.01,0.06,617.897,1776160881000
1776160883.095,83.095,0.28,5.0,0.23,14.7,0.22,15.2,0.21,15.7,0.2,16.2,0.29,10.0,0.31,5.0,0.32,5.0,0.33,5.0,0.34,5.0,0.71,10.0,0.69,5.0,0.68,5.0,0.67,5.0,0.66,5.0,0.72,5.0,0.77,14.7,0.78,15.2,0.79,15.7,0.8,16.2,0.01,0.01,617.892,1776160882000
1776160884.143,84.143,0.28,5.0,0.23,14.7,0.22,15.2,0.21,15.7,0.2,16.2,0.29,10.0,0.31,5.0,0.32,5.0,0.33,5.0,0.34,5.0,0.71,10.0,0.69,5.0,0.68,5.0,0.67,5.0,0.66,5.0,0.72,5.0,0.77,14.7,0.78,15.2,0.79,15.7,0.8,16.2,0.01,0.01,617.889,1776160883000
1776160885.169,85.169,0.28,5.0,0.23,14.7,0.22,15.2,0.21,15.7,0.2,16.2,0.29,10.0,0.31,5.0,0.32,5.0,0.33,5.0,0.34,5.0,0.71,10.0,0.69,5.0,0.68,5.0,0.67,5.0,0.66,5.0,0.72,5.0,0.77,14.7,0.78,15.2,0.79,15.7,0.8,16.2,0.01,0.01,617.895,1776160884000
1776160886.265,86.265,0.28,5.0,0.23,14.7,0.22,15.2,0.21,15.7,0.2,16.2,0.29,10.0,0.31,5.0,0.32,5.0,0.33,5.0,0.34,5.0,0.71,10.0,0.69,5.0,0.68,5.0,0.67,5.0,0.66,5.0,0.72,5.0,0.77,14.7,0.78,15.2,0.79,15.7,0.8,16.2,0.01,0.01,617.892112,1776160885000
1776160887.385,87.385,0.28,5.0,0.23,14.7,0.22,15.2,0.21,15.7,0.2,16.2,0.29,10.0,0.31,5.0,0.32,5.0,0.33,5.0,0.34,5.0,0.71,10.0,0.69,5.0,0.68,5.0,0.67,5.0,0.66,5.0,0.72,5.0,0.77,14.7,0.78,15.2,0.79,15.7,0.8,16.2,0.01,0.01,617.861,1776160886000
1776160888.141,88.141,0.28,5.0,0.23,14.7,0.22,15.2,0.21,15.7,0.2,16.2,0.29,10.0,0.31,5.0,0.32,5.0,0.33,5.0,0.34,5.0,0.71,10.0,0.69,5.0,0.68,5.0,0.67,5.0,0.66,5.0,0.72,5.0,0.77,14.7,0.78,15.2,0.79,15.7,0.8,16.2,0.01,0.01,617.868,1776160887000
1776160888.497,88.497,0.28,5.0,0.23,14.7,0.22,15.2,0.21,65.7,0.2,16.2,0.29,5.0,0.3,5.0,0.31,5.0,0.32,5.0,0.33,5.0,0.71,10.0,0.69,5.0,0.68,5.0,0.67,5.0,0.66,5.0,0.72,5.0,0.77,14.7,0.78,15.2,0.79,15.7,0.8,16.2,0.01,0.01,617.868,1776160887000
1776160889.179,89.179,0.28,5.0,0.23,14.7,0.22,15.2,0.21,65.7,0.2,16.2,0.29,5.0,0.3,5.0,0.31,5.0,0.32,5.0,0.33,5.0,0.71,5.0,0.7,5.0,0.69,5.0,0.68,5.0,0.67,5.0,0.72,5.0,0.77,14.7,0.78,15.2,0.79,65.7,0.8,16.2,0.01,0.01,617.869,1776160888000
1776160890.142,90.142,0.28,5.0,0.23,14.7,0.22,15.2,0.21,65.7,0.2,16.2,0.29,5.0,0.3,5.0,0.31,5.0,0.32,5.0,0.33,5.0,0.71,5.0,0.7,5.0,0.69,5.0,0.68,5.0,0.67,5.0,0.72,5.0,0.77,14.7,0.78,15.2,0.79,65.7,0.8,16.2,0.01,0.01,617.869,1776160889000
1776160891.15,91.15,0.28,5.0,0.23,14.7,0.22,15.2,0.21,65.7,0.2,16.2,0.29,5.0,0.3,5.0,0.31,5.0,0.32,5.0,0.33,5.0,0.71,5.0,0.7,5.0,0.69,5.0,0.68,5.0,0.67,5.0,0.72,5.0,0.77,14.7,0.78,15.2,0.79,65.7,0.8,16.2,0.01,0.01,617.902,1776160890000
1776160892.138,92.138,0.28,5.0,0.23,14.7,0.22,15.2,0.21,65.7,0.2,16.2,0.29,5.0,0.3,5.0,0.31,5.0,0.32,5.0,0.33,5.0,0.71,5.0,0.7,5.0,0.69,5.0,0.68,5.0,0.67,5.0,0.72,5.0,0.77,14.7,0.78,15.2,0.79,65.7,0.8,16.2,0.01,0.01,617.912,1776160891000
1776160893.163,93.163,0.28,5.0,0.23,14.7,0.22,15.2,0.21,65.7,0.2,16.2,0.29,5.0,0.3,5.0,0.31,5.0,0.32,5.0,0.33,5.0,0.71,5.0,0.7,5.0,0.69,5.0,0.68,5.0,0.67,5.0,0.72,5.0,0.77,14.7,0.78,15.2,0.79,65.7,0.8,16.2,0.01,0.01,617.918,1776160892000
1776160894.208,94.208,0.28,5.0,0.23,14.7,0.22,15.2,0.21,65.7,0.2,16.2,0.29,5.0,0.3,5.0,0.31,5.0,0.32,5.0,0.33,5.0,0.71,5.0,0.7,5.0,0.69,5.0,0.68,5.0,0.67,5.0,0.72,5.0,0.77,14.7,0.78,15.2,0.79,65.7,0.8,16.2,0.01,0.01,617.951,1776160893000
1776160895.114,95.114,0.28,5.0,0.23,14.7,0.22,15.2,0.21,65.7,0.2,16.2,0.29,5.0,0.3,5.0,0.31,5.0,0.32,5.0,0.33,5.0,0.71,5.0,0.7,5.0,0.69,5.0,0.68,5.0,0.67,5.0,0.72,5.0,0.77,14.7,0.78,15.2,0.79,65.7,0.8,16.2,0.01,0.01,617.951,1776160894000
1776160896.163,96.163,0.28,5.0,0.23,14.7,0.22,15.2,0.21,65.7,0.2,16.2,0.29,5.0,0.3,5.0,0.31,5.0,0.32,5.0,0.33,5.0,0.71,5.0,0.7,5.0,0.69,5.0,0.68,5.0,0.67,5.0,0.72,5.0,0.77,14.7,0.78,15.2,0.79,65.7,0.8,16.2,0.01,0.01,617.948,1776160895000
1776160896.845,96.845,0.29,12.6,0.28,12.9,0.27,13.2,0.26,13.5,0.25,13.9,0.3,4.83,0.34,5.0,0.35,5.0,0.36,5.0,0.37,5.0,0.71,5.0,0.7,5.0,0.69,5.0,0.68,5.0,0.67,5.0,0.72,5.0,0.77,14.7,0.78,15.2,0.79,65.7,0.8,16.2,0.01,0.01,617.948,1776160895000
1776160897.084,97.084,0.29,12.6,0.28,12.9,0.27,13.2,0.26,13.5,0.25,13.9,0.3,4.83,0.34,5.0,0.35,5.0,0.36,5.0,0.37,5.0,0.7,4.83,0.66,5.0,0.65,5.0,0.64,5.0,0.63,5.0,0.71,12.6,0.72,12.9,0.73,13.2,0.74,13.5,0.75,13.9,0.01,0.01,617.958674,1776160896000
1776160898.109,98.109,0.29,12.6,0.28,12.9,0.27,13.2,0.26,13.5,0.25,13.9,0.3,4.83,0.34,5.0,0.35,5.0,0.36,5.0,0.37,5.0,0.7,4.83,0.66,5.0,0.65,5.0,0.64,5.0,0.63,5.0,0.71,12.6,0.72,12.9,0.73,13.2,0.74,13.5,0.75,13.9,0.01,0.01,618.013,1776160897000
1776160899.089,99.089,0.28,11.5,0.27,13.2,0.26,13.5,0.25,13.9,0.24,34.3,0.3,4.83,0.34,5.0,0.35,5.0,0.36,5.0,0.37,5.0,0.7,4.83,0.66,5.0,0.65,5.0,0.64,5.0,0.63,5.0,0.72,11.5,0.73,13.2,0.74,13.5,0.75,13.9,0.76,34.3,0.02,0.02,618.011,1776160898000
1776160900.161,100.161,0.28,11.5,0.27,13.2,0.26,13.5,0.25,13.9,0.24,34.3,0.3,4.83,0.34,5.0,0.35,5.0,0.36,5.0,0.37,5.0,0.7,4.83,0.66,5.0,0.65,5.0,0.64,5.0,0.63,5.0,0.72,11.5,0.73,13.2,0.74,13.5,0.75,13.9,0.76,34.3,0.02,0.02,618.026,1776160899000
1776160901.403,101.403,0.28,11.5,0.27,13.2,0.26,13.5,0.25,13.9,0.24,34.3,0.3,4.83,0.34,5.0,0.35,5.0,0.36,5.0,0.37,5.0,0.7,4.83,0.66,5.0,0.65,5.0,0.64,5.0,0.63,5.0,0.72,11.5,0.73,13.2,0.74,13.5,0.75,13.9,0.76,34.3,0.02,0.02,618.005,1776160900000
1776160902.405,102.405,0.28,11.5,0.27,13.2,0.26,13.5,0.25,13.9,0.24,34.3,0.3,4.83,0.34,5.0,0.35,5.0,0.36,5.0,0.37,5.0,0.7,4.83,0.66,5.0,0.65,5.0,0.64,5.0,0.63,5.0,0.72,11.5,0.73,13.2,0.74,13.5,0.75,13.9,0.76,34.3,0.02,0.02,618.007,1776160901000
1776160903.566,103.566,0.28,11.5,0.27,13.2,0.26,13.5,0.25,13.9,0.24,34.3,0.3,4.83,0.34,5.0,0.35,5.0,0.36,5.0,0.37,5.0,0.7,4.83,0.66,5.0,0.65,5.0,0.64,5.0,0.63,5.0,0.72,11.5,0.73,13.2,0.74,13.5,0.75,13.9,0.76,34.3,0.02,0.02,618.013,1776160902000
1776160904.508,104.508,0.28,11.5,0.27,13.2,0.26,13.5,0.25,13.9,0.24,34.3,0.3,4.83,0.34,5.0,0.35,5.0,0.36,5.0,0.37,5.0,0.7,4.83,0.66,5.0,0.65,5.0,0.64,5.0,0.63,5.0,0.72,11.5,0.73,13.2,0.74,13.5,0.75,13.9,0.76,34.3,0.02,0.02,618.013,1776160903000
1776160904.875,104.875,0.28,11.1,0.27,13.2,0.26,13.5,0.25,23.9,0.24,14.3,0.3,4.83,0.31,13.0,0.38,10.0,0.39,5.0,0.4,5.0,0.7,4.83,0.66,5.0,0.65,5.0,0.64,5.0,0.63,5.0,0.72,11.5,0.73,13.2,0.74,13.5,0.75,13.9,0.76,34.3,0.02,0.02,618.013,1776160903000
1776160905.176,105.176,0.28,11.1,0.27,13.2,0.26,13.5,0.25,23.9,0.24,14.3,0.3,4.83,0.31,13.0,0.38,10.0,0.39,5.0,0.4,5.0,0.7,4.83,0.69,13.0,0.62,10.0,0.61,5.0,0.6,5.0,0.72,11.1,0.73,13.2,0.74,13.5,0.75,23.9,0.76,14.3,0.02,0.02,618.012,1776160904000
1776160906.442,106.442,0.28,11.1,0.27,13.2,0.26,23.5,0.25,13.9,0.24,14.3,0.31,12.83,0.38,10.0,0.39,5.0,0.4,5.0,0.41,5.0,0.69,12.83,0.62,10.0,0.61,5.0,0.6,5.0,0.59,5.0,0.72,11.1,0.73,13.2,0.74,23.5,0.75,13.9,0.76,14.3,0.03,0.03,618.003,1776160905000
1776160906.984,106.984,0.28,11.1,0.27,13.2,0.26,23.5,0.25,13.9,0.24,14.3,0.31,12.83,0.38,10.0,0.39,5.0,0.4,5.0,0.41,5.0,0.69,12.83,0.62,10.0,0.61,5.0,0.6,5.0,0.59,5.0,0.72,11.1,0.73,13.2,0.74,23.5,0.75,13.9,0.76,14.3,0.03,0.03,618.002,1776160906000
1776160908.39,108.39,0.28,11.1,0.27,13.2,0.26,23.5,0.25,13.9,0.24,14.3,0.31,12.83,0.38,10.0,0.39,5.0,0.4,5.0,0.41,5.0,0.69,12.83,0.62,10.0,0.61,5.0,0.6,5.0,0.59,5.0,0.72,11.1,0.73,13.2,0.74,23.5,0.75,13.9,0.76,14.3,0.03,0.03,618.018,1776160907000
1776160908.934,108.934,0.3,12.4,0.29,22.6,0.28,11.1,0.27,13.2,0.26,13.5,0.31,6.37,0.4,5.0,0.41,5.0,0.42,5.0,0.43,5.0,0.69,12.83,0.62,10.0,0.61,5.0,0.6,5.0,0.59,5.0,0.72,11.1,0.73,13.2,0.74,23.5,0.75,13.9,0.76,14.3,0.01,0.03,618.018,1776160907000
1776160909.513,109.513,0.3,12.4,0.29,22.6,0.28,11.1,0.27,13.2,0.26,13.5,0.31,6.37,0.4,5.0,0.41,5.0,0.42,5.0,0.43,5.0,0.69,6.37,0.6,5.0,0.59,5.0,0.58,5.0,0.57,5.0,0.7,12.4,0.71,22.6,0.72,11.1,0.73,13.2,0.74,13.5,0.01,0.01,618.02,1776160908000
1776160910.354,110.354,0.31,43.63,0.3,12.4,0.29,12.6,0.28,11.1,0.27,13.2,0.41,5.0,0.42,5.0,0.43,5.0,0.44,5.0,0.45,5.0,0.59,5.0,0.58,5.0,0.57,5.0,0.56,5.0,0.55,5.0,0.69,43.63,0.7,12.4,0.71,12.6,0.72,11.1,0.73,13.2,0.1,0.1,618.009,1776160909000
1776160911.065,111.065,0.31,43.63,0.3,12.4,0.29,12.6,0.28,11.1,0.27,13.2,0.41,5.0,0.42,5.0,0.43,5.0,0.44,5.0,0.45,5.0,0.59,5.0,0.58,5.0,0.57,5.0,0.56,5.0,0.55,5.0,0.69,43.63,0.7,12.4,0.71,12.6,0.72,11.1,0.73,13.2,0.1,0.1,618.009,1776160910000
1776160912.59,112.59,0.31,43.63,0.3,12.4,0.29,12.6,0.28,11.1,0.27,13.2,0.41,5.0,0.42,5.0,0.43,5.0,0.44,5.0,0.45,5.0,0.59,5.0,0.58,5.0,0.57,5.0,0.56,5.0,0.55,5.0,0.69,43.63,0.7,12.4,0.71,12.6,0.72,11.1,0.73,13.2,0.1,0.1,618.071,1776160911000
1776160913.22,113.22,0.31,43.63,0.3,12.4,0.29,12.6,0.28,11.1,0.27,13.2,0.41,5.0,0.42,5.0,0.43,5.0,0.44,5.0,0.45,5.0,0.59,5.0,0.58,5.0,0.57,5.0,0.56,5.0,0.55,5.0,0.69,43.63,0.7,12.4,0.71,12.6,0.72,11.1,0.73,13.2,0.1,0.1,618.087593,1776160912000
1776160914.525,114.525,0.41,50.0,0.39,10.9,0.38,16.0,0.37,16.2,0.36,11.3,0.43,5.0,0.53,5.0,0.54,5.0,0.55,5.0,0.56,5.0,0.59,5.0,0.58,5.0,0.57,5.0,0.56,5.0,0.55,5.0,0.69,43.63,0.7,12.4,0.71,12.6,0.72,11.1,0.73,13.2,0.02,0.1,618.087593,1776160912000
1776160914.935,114.935,0.41,122.0,0.4,10.8,0.39,10.9,0.38,16.0,0.37,16.2,0.53,5.0,0.54,5.0,0.55,5.0,0.56,5.0,0.64,13.0,0.47,5.0,0.46,5.0,0.45,5.0,0.44,5.0,0.36,13.0,0.59,122.0,0.6,10.8,0.61,10.9,0.62,16.0,0.63,16.2,0.12,0.12,618.094,1776160913000
1776160915.63,115.63,0.41,122.0,0.4,10.8,0.39,10.9,0.38,16.0,0.37,16.2,0.53,5.0,0.54,5.0,0.55,5.0,0.56,5.0,0.64,13.0,0.47,5.0,0.46,5.0,0.45,5.0,0.44,5.0,0.36,13.0,0.59,122.0,0.6,10.8,0.61,10.9,0.62,16.0,0.63,16.2,0.12,0.12,618.118,1776160914000
1776160916.592,116.592,0.41,122.0,0.4,10.8,0.39,10.9,0.38,16.0,0.37,16.2,0.53,5.0,0.54,5.0,0.55,5.0,0.56,5.0,0.64,13.0,0.47,5.0,0.46,5.0,0.45,5.0,0.44,5.0,0.36,13.0,0.59,122.0,0.6,10.8,0.61,10.9,0.62,16.0,0.63,16.2,0.12,0.12,618.118,1776160915000
1776160917.455,117.455,0.41,122.0,0.4,10.8,0.39,10.9,0.38,16.0,0.37,16.2,0.53,5.0,0.54,5.0,0.55,5.0,0.56,5.0,0.64,13.0,0.47,5.0,0.46,5.0,0.45,5.0,0.44,5.0,0.36,13.0,0.59,122.0,0.6,10.8,0.61,10.9,0.62,16.0,0.63,16.2,0.12,0.12,618.151,1776160916000
1776160918.296,118.296,0.41,122.0,0.4,10.8,0.39,10.9,0.38,16.0,0.37,16.2,0.53,5.0,0.54,5.0,0.55,5.0,0.56,5.0,0.64,13.0,0.47,5.0,0.46,5.0,0.45,5.0,0.44,5.0,0.36,13.0,0.59,122.0,0.6,10.8,0.61,10.9,0.62,16.0,0.63,16.2,0.12,0.12,618.185,1776160917000
1776160920.131,120.131,0.41,122.0,0.4,10.8,0.39,10.9,0.38,16.0,0.37,16.2,0.53,5.0,0.54,5.0,0.55,5.0,0.56,5.0,0.64,13.0,0.47,5.0,0.46,5.0,0.45,5.0,0.44,5.0,0.36,13.0,0.59,122.0,0.6,10.8,0.61,10.9,0.62,16.0,0.63,16.2,0.12,0.12,618.185,1776160919000
1776160920.856,120.856,0.51,10.4,0.5,10.4,0.49,10.4,0.48,10.4,0.47,10.4,0.54,5.0,0.64,13.0,0.67,10.0,0.71,50.0,0.72,12.9,0.47,5.0,0.46,5.0,0.45,5.0,0.44,5.0,0.36,13.0,0.59,122.0,0.6,10.8,0.61,10.9,0.62,16.0,0.63,16.2,0.03,0.12,618.185,1776160919000
1776160921.167,121.167,0.51,10.4,0.5,10.4,0.49,10.4,0.48,10.4,0.47,10.4,0.54,5.0,0.64,13.0,0.67,10.0,0.71,50.0,0.72,12.9,0.46,5.0,0.36,13.0,0.33,10.0,0.29,50.0,0.28,12.9,0.49,10.4,0.5,10.4,0.51,10.4,0.52,10.4,0.53,10.4,0.03,0.03,618.193,1776160920000
1776160922.13,122.13,0.51,10.4,0.5,10.4,0.49,10.4,0.48,10.4,0.47,10.4,0.54,5.0,0.64,13.0,0.67,10.0,0.71,50.0,0.72,12.9,0.46,5.0,0.36,13.0,0.33,10.0,0.29,50.0,0.28,12.9,0.49,10.4,0.5,10.4,0.51,10.4,0.52,10.4,0.53,10.4,0.03,0.03,618.186,1776160921000
1776160923.085,123.085,0.51,10.4,0.5,10.4,0.49,10.4,0.48,10.4,0.47,10.4,0.54,5.0,0.64,13.0,0.67,10.0,0.71,50.0,0.72,12.9,0.46,5.0,0.36,13.0,0.33,10.0,0.29,50.0,0.28,12.9,0.49,10.4,0.5,10.4,0.51,10.4,0.52,10.4,0.53,10.4,0.03,0.03,618.17375,1776160922000
1776160924.112,124.112,0.51,10.4,0.5,10.4,0.49,10.4,0.48,10.4,0.47,10.4,0.54,5.0,0.64,13.0,0.67,10.0,0.71,50.0,0.72,12.9,0.46,5.0,0.36,13.0,0.33,10.0,0.29,50.0,0.28,12.9,0.49,10.4,0.5,10.4,0.51,10.4,0.52,10.4,0.53,10.4,0.03,0.03,618.159,1776160923000
1776160925.14,125.14,0.55,10.5,0.54,10.5,0.53,10.4,0.52,10.4,0.51,10.4,0.7,10.0,0.71,67.0,0.77,14.7,0.78,15.2,0.79,15.7,0.3,10.0,0.29,67.0,0.23,14.7,0.22,15.2,0.21,15.7,0.45,10.5,0.46,10.5,0.47,10.4,0.48,10.4,0.49,10.4,0.15,0.15,618.190691,1776160924000
1776160926.073,126.073,0.55,10.5,0.54,10.5,0.53,10.4,0.52,10.4,0.51,10.4,0.7,10.0,0.71,67.0,0.77,14.7,0.78,15.2,0.79,15.7,0.3,10.0,0.29,67.0,0.23,14.7,0.22,15.2,0.21,15.7,0.45,10.5,0.46,10.5,0.47,10.4,0.48,10.4,0.49,10.4,0.15,0.15,618.201665,1776160925000
1776160927.042,127.042,0.55,10.5,0.54,10.5,0.53,10.4,0.52,10.4,0.51,10.4,0.7,10.0,0.71,67.0,0.77,14.7,0.78,15.2,0.79,15.7,0.3,10.0,0.29,67.0,0.23,14.7,0.22,15.2,0.21,15.7,0.45,10.5,0.46,10.5,0.47,10.4,0.48,10.4,0.49,10.4,0.15,0.15,618.207,1776160926000
1776160928.152,128.152,0.55,10.5,0.54,10.5,0.53,10.4,0.52,10.4,0.51,10.4,0.7,10.0,0.71,67.0,0.77,14.7,0.78,15.2,0.79,15.7,0.3,10.0,0.29,67.0,0.23,14.7,0.22,15.2,0.21,15.7,0.45,10.5,0.46,10.5,0.47,10.4,0.48,10.4,0.49,10.4,0.15,0.15,618.213,1776160927000
1776160928.967,128.967,0.55,10.5,0.54,10.5,0.53,10.4,0.52,10.4,0.51,10.4,0.7,10.0,0.71,67.0,0.77,14.7,0.78,15.2,0.79,15.7,0.3,10.0,0.29,67.0,0.23,14.7,0.22,15.2,0.21,15.7,0.45,10.5,0.46,10.5,0.47,10.4,0.48,10.4,0.49,10.4,0.15,0.15,618.213,1776160928000
1776160929.995,129.995,0.55,10.5,0.54,10.5,0.53,10.4,0.52,10.4,0.51,10.4,0.7,10.0,0.71,67.0,0.77,14.7,0.78,15.2,0.79,15.7,0.3,10.0,0.29,67.0,0.23,14.7,0.22,15.2,0.21,15.7,0.45,10.5,0.46,10.5,0.47,10.4,0.48,10.4,0.49,10.4,0.15,0.15,618.215,1776160929000
1776160930.929,130.929,0.55,10.5,0.54,10.5,0.53,10.4,0.52,10.4,0.51,10.4,0.7,10.0,0.71,67.0,0.77,14.7,0.78,15.2,0.79,15.7,0.3,10.0,0.29,67.0,0.23,14.7,0.22,15.2,0.21,15.7,0.45,10.5,0.46,10.5,0.47,10.4,0.48,10.4,0.49,10.4,0.15,0.15,618.209,1776160930000
1776160931.936,131.936,0.55,10.5,0.54,10.5,0.53,10.4,0.52,10.4,0.51,10.4,0.7,10.0,0.71,67.0,0.77,14.7,0.78,15.2,0.79,15.7,0.3,10.0,0.29,67.0,0.23,14.7,0.22,15.2,0.21,15.7,0.45,10.5,0.46,10.5,0.47,10.4,0.48,10.4,0.49,10.4,0.15,0.15,618.211,1776160931000
1776160933.182,133.182,0.61,6.77,0.6,10.8,0.59,10.7,0.58,10.7,0.57,10.6,0.69,16.0,0.7,10.0,0.71,50.0,0.76,14.3,0.77,14.7,0.31,16.0,0.3,10.0,0.29,50.0,0.24,14.3,0.23,14.7,0.39,6.77,0.4,10.8,0.41,10.7,0.42,10.7,0.43,10.6,0.08,0.08,618.209,1776160932000
1776160933.942,133.942,0.53,6.31,0.52,10.4,0.51,10.4,0.5,10.4,0.49,10.4,0.63,13.0,0.69,10.0,0.71,50.0,0.74,13.5,0.75,13.9,0.31,16.0,0.3,10.0,0.29,50.0,0.24,14.3,0.23,14.7,0.39,6.77,0.4,10.8,0.41,10.7,0.42,10.7,0.43,10.6,0.1,0.08,618.209,1776160932000
1776160934.142,134.142,0.53,6.31,0.52,10.4,0.51,10.4,0.5,10.4,0.49,10.4,0.63,13.0,0.69,10.0,0.71,50.0,0.74,13.5,0.75,13.9,0.37,13.0,0.31,10.0,0.29,50.0,0.26,13.5,0.25,13.9,0.47,6.31,0.48,10.4,0.49,10.4,0.5,10.4,0.51,10.4,0.1,0.1,618.186,1776160933000
1776160935.063,135.063,0.53,6.31,0.52,10.4,0.51,10.4,0.5,10.4,0.49,10.4,0.63,13.0,0.69,10.0,0.71,50.0,0.74,13.5,0.75,13.9,0.37,13.0,0.31,10.0,0.29,50.0,0.26,13.5,0.25,13.9,0.47,6.31,0.48,10.4,0.49,10.4,0.5,10.4,0.51,10.4,0.1,0.1,618.147,1776160934000
1776160936.063,136.063,0.53,6.31,0.52,10.4,0.51,10.4,0.5,10.4,0.49,10.4,0.63,13.0,0.69,10.0,0.71,50.0,0.74,13.5,0.75,13.9,0.37,13.0,0.31,10.0,0.29,50.0,0.26,13.5,0.25,13.9,0.47,6.31,0.48,10.4,0.49,10.4,0.5,10.4,0.51,10.4,0.1,0.1,618.106507,1776160935000
1776160937.026,137.026,0.53,6.31,0.52,10.4,0.51,10.4,0.5,10.4,0.49,10.4,0.63,13.0,0.69,10.0,0.71,50.0,0.74,13.5,0.75,13.9,0.37,13.0,0.31,10.0,0.29,50.0,0.26,13.5,0.25,13.9,0.47,6.31,0.48,10.4,0.49,10.4,0.5,10.4,0.51,10.4,0.1,0.1,618.068,1776160936000
1776160937.934,137.934,0.53,6.31,0.52,10.4,0.51,10.4,0.5,10.4,0.49,10.4,0.63,13.0,0.69,10.0,0.71,50.0,0.74,13.5,0.75,13.9,0.37,13.0,0.31,10.0,0.29,50.0,0.26,13.5,0.25,13.9,0.47,6.31,0.48,10.4,0.49,10.4,0.5,10.4,0.51,10.4,0.1,0.1,618.068,1776160937000
1776160938.995,138.995,0.53,6.31,0.52,10.4,0.51,10.4,0.5,10.4,0.49,10.4,0.63,13.0,0.69,10.0,0.71,50.0,0.74,13.5,0.75,13.9,0.37,13.0,0.31,10.0,0.29,50.0,0.26,13.5,0.25,13.9,0.47,6.31,0.48,10.4,0.49,10.4,0.5,10.4,0.51,10.4,0.1,0.1,618.091,1776160938000
1776160939.848,139.848,0.53,6.31,0.52,10.4,0.51,10.4,0.5,10.4,0.49,10.4,0.63,13.0,0.69,10.0,0.71,50.0,0.74,13.5,0.75,13.9,0.37,13.0,0.31,10.0,0.29,50.0,0.26,13.5,0.25,13.9,0.47,6.31,0.48,10.4,0.49,10.4,0.5,10.4,0.51,10.4,0.1,0.1,618.100701,1776160939000
1776160940.831,140.831,0.53,6.31,0.52,10.4,0.51,10.4,0.5,10.4,0.49,10.4,0.63,13.0,0.69,10.0,0.71,50.0,0.74,13.5,0.75,13.9,0.37,13.0,0.31,10.0,0.29,50.0,0.26,13.5,0.25,13.9,0.47,6.31,0.48,10.4,0.49,10.4,0.5,10.4,0.51,10.4,0.1,0.1,618.116,1776160940000
1776160942.311,142.311,0.53,6.31,0.52,10.4,0.51,10.4,0.5,10.4,0.49,10.4,0.63,13.0,0.69,10.0,0.71,50.0,0.74,13.5,0.75,13.9,0.37,13.0,0.31,10.0,0.29,50.0,0.26,13.5,0.25,13.9,0.47,6.31,0.48,10.4,0.49,10.4,0.5,10.4,0.51,10.4,0.1,0.1,618.11745,1776160941000
1776160943.229,143.229,0.53,6.31,0.52,10.4,0.51,10.4,0.5,10.4,0.49,10.4,0.63,13.0,0.69,10.0,0.71,50.0,0.74,13.5,0.75,13.9,0.37,13.0,0.31,10.0,0.29,50.0,0.26,13.5,0.25,13.9,0.47,6.31,0.48,10.4,0.49,10.4,0.5,10.4,0.51,10.4,0.1,0.1,618.091811,1776160942000
1776160944.267,144.267,0.53,6.31,0.52,10.4,0.51,10.4,0.5,10.4,0.49,10.4,0.63,13.0,0.69,10.0,0.71,50.0,0.74,13.5,0.75,13.9,0.37,13.0,0.31,10.0,0.29,50.0,0.26,13.5,0.25,13.9,0.47,6.31,0.48,10.4,0.49,10.4,0.5,10.4,0.51,10.4,0.1,0.1,618.091541,1776160943000
1776160945.038,145.038,0.53,6.31,0.52,10.4,0.51,10.4,0.5,10.4,0.49,10.4,0.63,13.0,0.69,10.0,0.71,50.0,0.74,13.5,0.75,13.9,0.37,13.0,0.31,10.0,0.29,50.0,0.26,13.5,0.25,13.9,0.47,6.31,0.48,10.4,0.49,10.4,0.5,10.4,0.51,10.4,0.1,0.1,618.091429,1776160944000
1776160946.072,146.072,0.53,6.31,0.52,10.4,0.51,10.4,0.5,10.4,0.49,10.4,0.63,13.0,0.69,10.0,0.71,50.0,0.74,13.5,0.75,13.9,0.37,13.0,0.31,10.0,0.29,50.0,0.26,13.5,0.25,13.9,0.47,6.31,0.48,10.4,0.49,10.4,0.5,10.4,0.51,10.4,0.1,0.1,618.098472,1776160945000
1776160947.111,147.111,0.53,6.31,0.52,10.4,0.51,10.4,0.5,10.4,0.49,10.4,0.63,13.0,0.69,10.0,0.71,50.0,0.74,13.5,0.75,13.9,0.37,13.0,0.31,10.0,0.29,50.0,0.26,13.5,0.25,13.9,0.47,6.31,0.48,10.4,0.49,10.4,0.5,10.4,0.51,10.4,0.1,0.1,618.098487,1776160946000
1776160948.173,148.173,0.53,6.31,0.52,10.4,0.51,10.4,0.5,10.4,0.49,10.4,0.63,13.0,0.69,10.0,0.71,50.0,0.74,13.5,0.75,13.9,0.37,13.0,0.31,10.0,0.29,50.0,0.26,13.5,0.25,13.9,0.47,6.31,0.48,10.4,0.49,10.4,0.5,10.4,0.51,10.4,0.1,0.1,618.083188,1776160947000
1776160949.19,149.19,0.53,6.31,0.52,10.4,0.51,10.4,0.5,10.4,0.49,10.4,0.63,13.0,0.69,10.0,0.71,50.0,0.74,13.5,0.75,13.9,0.37,13.0,0.31,10.0,0.29,50.0,0.26,13.5,0.25,13.9,0.47,6.31,0.48,10.4,0.49,10.4,0.5,10.4,0.51,10.4,0.1,0.1,618.085517,1776160948000
1776160950.243,150.243,0.53,6.31,0.52,10.4,0.51,10.4,0.5,10.4,0.49,10.4,0.63,13.0,0.69,10.0,0.71,50.0,0.74,13.5,0.75,13.9,0.37,13.0,0.31,10.0,0.29,50.0,0.26,13.5,0.25,13.9,0.47,6.31,0.48,10.4,0.49,10.4,0.5,10.4,0.51,10.4,0.1,0.1,618.094035,1776160949000
1776160951.295,151.295,0.53,6.31,0.52,10.4,0.51,10.4,0.5,10.4,0.49,10.4,0.63,13.0,0.69,10.0,0.71,50.0,0.74,13.5,0.75,13.9,0.37,13.0,0.31,10.0,0.29,50.0,0.26,13.5,0.25,13.9,0.47,6.31,0.48,10.4,0.49,10.4,0.5,10.4,0.51,10.4,0.1,0.1,618.088728,1776160950000
1776160952.297,152.297,0.53,6.31,0.52,10.4,0.51,10.4,0.5,10.4,0.49,10.4,0.63,13.0,0.69,10.0,0.71,50.0,0.74,13.5,0.75,13.9,0.37,13.0,0.31,10.0,0.29,50.0,0.26,13.5,0.25,13.9,0.47,6.31,0.48,10.4,0.49,10.4,0.5,10.4,0.51,10.4,0.1,0.1,618.054294,1776160951000
1776160953.358,153.358,0.53,6.31,0.52,10.4,0.51,10.4,0.5,10.4,0.49,10.4,0.63,13.0,0.69,10.0,0.71,50.0,0.74,13.5,0.75,13.9,0.37,13.0,0.31,10.0,0.29,50.0,0.26,13.5,0.25,13.9,0.47,6.31,0.48,10.4,0.49,10.4,0.5,10.4,0.51,10.4,0.1,0.1,618.096,1776160952000
1776160953.917,153.917,0.53,6.31,0.52,10.4,0.51,10.4,0.5,10.4,0.49,10.4,0.63,13.0,0.69,10.0,0.71,50.0,0.74,13.5,0.75,13.9,0.37,13.0,0.31,10.0,0.29,50.0,0.26,13.5,0.25,13.9,0.47,6.31,0.48,10.4,0.49,10.4,0.5,10.4,0.51,10.4,0.1,0.1,618.112,1776160953000
1776160954.927,154.927,0.53,6.31,0.52,10.4,0.51,10.4,0.5,10.4,0.49,10.4,0.63,13.0,0.69,10.0,0.71,50.0,0.74,13.5,0.75,13.9,0.37,13.0,0.31,10.0,0.29,50.0,0.26,13.5,0.25,13.9,0.47,6.31,0.48,10.4,0.49,10.4,0.5,10.4,0.51,10.4,0.1,0.1,618.112,1776160954000
1776160956.026,156.026,0.53,6.31,0.52,10.4,0.51,10.4,0.5,10.4,0.49,10.4,0.63,13.0,0.69,10.0,0.71,50.0,0.74,13.5,0.75,13.9,0.37,13.0,0.31,10.0,0.29,50.0,0.26,13.5,0.25,13.9,0.47,6.31,0.48,10.4,0.49,10.4,0.5,10.4,0.51,10.4,0.1,0.1,618.112,1776160955000
1776160957.074,157.074,0.53,6.31,0.52,10.4,0.51,10.4,0.5,10.4,0.49,10.4,0.63,13.0,0.69,10.0,0.71,50.0,0.74,13.5,0.75,13.9,0.37,13.0,0.31,10.0,0.29,50.0,0.26,13.5,0.25,13.9,0.47,6.31,0.48,10.4,0.49,10.4,0.5,10.4,0.51,10.4,0.1,0.1,618.106,1776160956000
1776160958.651,158.651,0.53,6.31,0.52,10.4,0.51,10.4,0.5,10.4,0.49,10.4,0.63,13.0,0.69,10.0,0.71,50.0,0.74,13.5,0.75,13.9,0.37,13.0,0.31,10.0,0.29,50.0,0.26,13.5,0.25,13.9,0.47,6.31,0.48,10.4,0.49,10.4,0.5,10.4,0.51,10.4,0.1,0.1,618.09,1776160957000
1776160959.167,159.167,0.53,6.31,0.52,10.4,0.51,10.4,0.5,10.4,0.49,10.4,0.63,13.0,0.69,10.0,0.71,50.0,0.74,13.5,0.75,13.9,0.37,13.0,0.31,10.0,0.29,50.0,0.26,13.5,0.25,13.9,0.47,6.31,0.48,10.4,0.49,10.4,0.5,10.4,0.51,10.4,0.1,0.1,618.098,1776160958000
1776160960.262,160.262,0.53,6.31,0.52,10.4,0.51,10.4,0.5,10.4,0.49,10.4,0.63,13.0,0.69,10.0,0.71,50.0,0.74,13.5,0.75,13.9,0.37,13.0,0.31,10.0,0.29,50.0,0.26,13.5,0.25,13.9,0.47,6.31,0.48,10.4,0.49,10.4,0.5,10.4,0.51,10.4,0.1,0.1,618.098,1776160959000
1776160960.905,160.905,0.53,6.31,0.52,10.4,0.51,10.4,0.5,10.4,0.49,10.4,0.63,13.0,0.69,10.0,0.71,50.0,0.74,13.5,0.75,13.9,0.37,13.0,0.31,10.0,0.29,50.0,0.26,13.5,0.25,13.9,0.47,6.31,0.48,10.4,0.49,10.4,0.5,10.4,0.51,10.4,0.1,0.1,618.098,1776160960000
1776160962.053,162.053,0.53,6.31,0.52,10.4,0.51,10.4,0.5,10.4,0.49,10.4,0.63,13.0,0.69,10.0,0.71,50.0,0.74,13.5,0.75,13.9,0.37,13.0,0.31,10.0,0.29,50.0,0.26,13.5,0.25,13.9,0.47,6.31,0.48,10.4,0.49,10.4,0.5,10.4,0.51,10.4,0.1,0.1,618.094,1776160961000
1776160963.151,163.151,0.53,6.31,0.52,10.4,0.51,10.4,0.5,10.4,0.49,10.4,0.63,13.0,0.69,10.0,0.71,50.0,0.74,13.5,0.75,13.9,0.37,13.0,0.31,10.0,0.29,50.0,0.26,13.5,0.25,13.9,0.47,6.31,0.48,10.4,0.49,10.4,0.5,10.4,0.51,10.4,0.1,0.1,618.087,1776160962000
1776160964.22,164.22,0.53,6.31,0.52,10.4,0.51,10.4,0.5,10.4,0.49,10.4,0.63,13.0,0.69,10.0,0.71,50.0,0.74,13.5,0.75,13.9,0.37,13.0,0.31,10.0,0.29,50.0,0.26,13.5,0.25,13.9,0.47,6.31,0.48,10.4,0.49,10.4,0.5,10.4,0.51,10.4,0.1,0.1,618.071,1776160963000
1776160965.259,165.259,0.53,6.31,0.52,10.4,0.51,10.4,0.5,10.4,0.49,10.4,0.63,13.0,0.69,10.0,0.71,50.0,0.74,13.5,0.75,13.9,0.37,13.0,0.31,10.0,0.29,50.0,0.26,13.5,0.25,13.9,0.47,6.31,0.48,10.4,0.49,10.4,0.5,10.4,0.51,10.4,0.1,0.1,618.089,1776160964000
1776160965.479,165.479,0.54,5.0,0.52,5.0,0.51,50.0,0.46,10.0,0.43,10.6,0.72,12.87,0.81,50.0,0.82,17.6,0.84,19.3,0.85,20.39,0.37,13.0,0.31,10.0,0.29,50.0,0.26,13.5,0.25,13.9,0.47,6.31,0.48,10.4,0.49,10.4,0.5,10.4,0.51,10.4,0.18,0.1,618.089,1776160964000
1776160965.927,165.927,0.54,5.0,0.52,5.0,0.51,50.0,0.46,10.0,0.43,10.6,0.72,8.74,0.81,50.0,0.82,17.6,0.84,19.3,0.85,20.39,0.28,8.74,0.19,50.0,0.18,17.6,0.16,19.3,0.15,20.39,0.46,5.0,0.48,5.0,0.49,50.0,0.54,10.0,0.57,10.6,0.18,0.18,618.101,1776160965000
1776160966.93,166.93,0.54,5.0,0.52,5.0,0.51,50.0,0.46,10.0,0.43,10.6,0.72,8.74,0.81,50.0,0.82,17.6,0.84,19.3,0.85,20.39,0.28,8.74,0.19,50.0,0.18,17.6,0.16,19.3,0.15,20.39,0.46,5.0,0.48,5.0,0.49,50.0,0.54,10.0,0.57,10.6,0.18,0.18,618.173,1776160966000
1776160968.081,168.081,0.54,5.0,0.52,5.0,0.51,50.0,0.46,10.0,0.43,10.6,0.72,8.74,0.81,50.0,0.82,17.6,0.84,19.3,0.85,20.39,0.28,8.74,0.19,50.0,0.18,17.6,0.16,19.3,0.15,20.39,0.46,5.0,0.48,5.0,0.49,50.0,0.54,10.0,0.57,10.6,0.18,0.18,618.195,1776160967000
1776160969.131,169.131,0.54,5.0,0.52,5.0,0.51,50.0,0.46,10.0,0.43,10.6,0.72,8.74,0.81,50.0,0.82,17.6,0.84,19.3,0.85,20.39,0.28,8.74,0.19,50.0,0.18,17.6,0.16,19.3,0.15,20.39,0.46,5.0,0.48,5.0,0.49,50.0,0.54,10.0,0.57,10.6,0.18,0.18,618.159,1776160968000
1776160970.297,170.297,0.54,5.0,0.52,5.0,0.51,50.0,0.46,10.0,0.43,10.6,0.72,8.74,0.81,50.0,0.82,17.6,0.84,19.3,0.85,20.39,0.28,8.74,0.19,50.0,0.18,17.6,0.16,19.3,0.15,20.39,0.46,5.0,0.48,5.0,0.49,50.0,0.54,10.0,0.57,10.6,0.18,0.18,618.253,1776160969000
1776160971.28,171.28,0.54,5.0,0.52,5.0,0.51,50.0,0.46,10.0,0.43,10.6,0.72,8.74,0.81,50.0,0.82,17.6,0.84,19.3,0.85,20.39,0.28,8.74,0.19,50.0,0.18,17.6,0.16,19.3,0.15,20.39,0.46,5.0,0.48,5.0,0.49,50.0,0.54,10.0,0.57,10.6,0.18,0.18,618.252,1776160970000
1776160971.888,171.888,0.54,5.0,0.52,5.0,0.51,50.0,0.46,10.0,0.43,10.6,0.72,8.74,0.81,50.0,0.82,17.6,0.84,19.3,0.85,20.39,0.28,8.74,0.19,50.0,0.18,17.6,0.16,19.3,0.15,20.39,0.46,5.0,0.48,5.0,0.49,50.0,0.54,10.0,0.57,10.6,0.18,0.18,618.252,1776160971000
1776160973.245,173.245,0.54,5.0,0.52,5.0,0.51,50.0,0.46,10.0,0.43,10.6,0.72,8.74,0.81,50.0,0.82,17.6,0.84,19.3,0.85,20.39,0.28,8.74,0.19,50.0,0.18,17.6,0.16,19.3,0.15,20.39,0.46,5.0,0.48,5.0,0.49,50.0,0.54,10.0,0.57,10.6,0.18,0.18,618.26,1776160972000
1776160974.15,174.15,0.54,5.0,0.52,5.0,0.51,50.0,0.46,10.0,0.43,10.6,0.72,8.74,0.81,50.0,0.82,17.6,0.84,19.3,0.85,20.39,0.28,8.74,0.19,50.0,0.18,17.6,0.16,19.3,0.15,20.39,0.46,5.0,0.48,5.0,0.49,50.0,0.54,10.0,0.57,10.6,0.18,0.18,618.269,1776160973000
1776160975.084,175.084,0.66,54.94,0.64,5.0,0.61,50.0,0.59,10.7,0.58,10.7,0.77,21.0,0.82,17.6,0.84,10.0,0.86,21.6,0.87,23.0,0.28,8.74,0.19,50.0,0.18,17.6,0.16,19.3,0.15,20.39,0.46,5.0,0.48,5.0,0.49,50.0,0.54,10.0,0.57,10.6,0.11,0.18,618.269,1776160973000
1776160976.128,176.128,0.66,54.94,0.64,5.0,0.61,50.0,0.59,10.7,0.58,10.7,0.77,21.0,0.82,17.6,0.84,10.0,0.86,21.6,0.87,23.0,0.23,21.0,0.18,17.6,0.16,10.0,0.14,21.6,0.13,23.0,0.34,54.94,0.36,5.0,0.39,50.0,0.41,10.7,0.42,10.7,0.11,0.11,618.275,1776160975000
1776160977.075,177.075,0.66,54.94,0.64,5.0,0.61,50.0,0.59,10.7,0.58,10.7,0.77,21.0,0.82,17.6,0.84,10.0,0.86,21.6,0.87,23.0,0.23,21.0,0.18,17.6,0.16,10.0,0.14,21.6,0.13,23.0,0.34,54.94,0.36,5.0,0.39,50.0,0.41,10.7,0.42,10.7,0.11,0.11,618.281,1776160976000
1776160977.991,177.991,0.66,54.94,0.64,5.0,0.61,50.0,0.59,10.7,0.58,10.7,0.77,21.0,0.82,17.6,0.84,10.0,0.86,21.6,0.87,23.0,0.23,21.0,0.18,17.6,0.16,10.0,0.14,21.6,0.13,23.0,0.34,54.94,0.36,5.0,0.39,50.0,0.41,10.7,0.42,10.7,0.11,0.11,618.271,1776160977000
1776160978.887,178.887,0.66,54.94,0.64,5.0,0.61,50.0,0.59,10.7,0.58,10.7,0.77,21.0,0.82,17.6,0.84,10.0,0.86,21.6,0.87,23.0,0.23,21.0,0.18,17.6,0.16,10.0,0.14,21.6,0.13,23.0,0.34,54.94,0.36,5.0,0.39,50.0,0.41,10.7,0.42,10.7,0.11,0.11,618.271,1776160978000
1776160979.922,179.922,0.66,54.94,0.64,5.0,0.61,50.0,0.59,10.7,0.58,10.7,0.77,21.0,0.82,17.6,0.84,10.0,0.86,21.6,0.87,23.0,0.23,21.0,0.18,17.6,0.16,10.0,0.14,21.6,0.13,23.0,0.34,54.94,0.36,5.0,0.39,50.0,0.41,10.7,0.42,10.7,0.11,0.11,618.286,1776160979000
1776160980.834,180.834,0.66,54.94,0.64,5.0,0.61,50.0,0.59,10.7,0.58,10.7,0.77,21.0,0.82,17.6,0.84,10.0,0.86,21.6,0.87,23.0,0.23,21.0,0.18,17.6,0.16,10.0,0.14,21.6,0.13,23.0,0.34,54.94,0.36,5.0,0.39,50.0,0.41,10.7,0.42,10.7,0.11,0.11,618.268,1776160980000
1776160982.202,182.202,0.66,54.94,0.64,5.0,0.61,50.0,0.59,10.7,0.58,10.7,0.77,21.0,0.82,17.6,0.84,10.0,0.86,21.6,0.87,23.0,0.23,21.0,0.18,17.6,0.16,10.0,0.14,21.6,0.13,23.0,0.34,54.94,0.36,5.0,0.39,50.0,0.41,10.7,0.42,10.7,0.11,0.11,618.264,1776160981000
1776160983.151,183.151,0.66,54.94,0.64,5.0,0.61,50.0,0.59,10.7,0.58,10.7,0.77,21.0,0.82,17.6,0.84,10.0,0.86,21.6,0.87,23.0,0.23,21.0,0.18,17.6,0.16,10.0,0.14,21.6,0.13,23.0,0.34,54.94,0.36,5.0,0.39,50.0,0.41,10.7,0.42,10.7,0.11,0.11,618.264,1776160982000
1776160984.179,184.179,0.66,54.94,0.64,5.0,0.61,50.0,0.59,10.7,0.58,10.7,0.77,21.0,0.82,17.6,0.84,10.0,0.86,21.6,0.87,23.0,0.23,21.0,0.18,17.6,0.16,10.0,0.14,21.6,0.13,23.0,0.34,54.94,0.36,5.0,0.39,50.0,0.41,10.7,0.42,10.7,0.11,0.11,618.257,1776160983000
1776160985.205,185.205,0.66,54.94,0.64,5.0,0.61,50.0,0.59,10.7,0.58,10.7,0.77,21.0,0.82,17.6,0.84,10.0,0.86,21.6,0.87,23.0,0.23,21.0,0.18,17.6,0.16,10.0,0.14,21.6,0.13,23.0,0.34,54.94,0.36,5.0,0.39,50.0,0.41,10.7,0.42,10.7,0.11,0.11,618.257,1776160984000
1776160986.985,186.985,0.66,54.94,0.64,5.0,0.61,50.0,0.59,10.7,0.58,10.7,0.77,21.0,0.82,17.6,0.84,10.0,0.86,21.6,0.87,23.0,0.23,21.0,0.18,17.6,0.16,10.0,0.14,21.6,0.13,23.0,0.34,54.94,0.36,5.0,0.39,50.0,0.41,10.7,0.42,10.7,0.11,0.11,618.258,1776160985000
1776160987.835,187.835,0.66,54.94,0.64,5.0,0.61,50.0,0.59,10.7,0.58,10.7,0.77,21.0,0.82,17.6,0.84,10.0,0.86,21.6,0.87,23.0,0.23,21.0,0.18,17.6,0.16,10.0,0.14,21.6,0.13,23.0,0.34,54.94,0.36,5.0,0.39,50.0,0.41,10.7,0.42,10.7,0.11,0.11,618.249,1776160986000
1776160988.742,188.742,0.66,54.94,0.64,5.0,0.61,50.0,0.59,10.7,0.58,10.7,0.77,21.0,0.82,17.6,0.84,10.0,0.86,21.6,0.87,23.0,0.23,21.0,0.18,17.6,0.16,10.0,0.14,21.6,0.13,23.0,0.34,54.94,0.36,5.0,0.39,50.0,0.41,10.7,0.42,10.7,0.11,0.11,618.247,1776160987000
1776160989.313,189.313,0.66,54.94,0.64,5.0,0.61,50.0,0.59,10.7,0.58,10.7,0.77,21.0,0.82,17.6,0.84,10.0,0.86,21.6,0.87,23.0,0.23,21.0,0.18,17.6,0.16,10.0,0.14,21.6,0.13,23.0,0.34,54.94,0.36,5.0,0.39,50.0,0.41,10.7,0.42,10.7,0.11,0.11,618.247,1776160988000
1776160990.002,190.002,0.66,54.94,0.64,5.0,0.61,50.0,0.59,10.7,0.58,10.7,0.77,21.0,0.82,17.6,0.84,10.0,0.86,21.6,0.87,23.0,0.23,21.0,0.18,17.6,0.16,10.0,0.14,21.6,0.13,23.0,0.34,54.94,0.36,5.0,0.39,50.0,0.41,10.7,0.42,10.7,0.11,0.11,618.249,1776160989000
1776160991.149,191.149,0.66,54.94,0.64,5.0,0.61,50.0,0.59,10.7,0.58,10.7,0.77,21.0,0.82,17.6,0.84,10.0,0.86,21.6,0.87,23.0,0.23,21.0,0.18,17.6,0.16,10.0,0.14,21.6,0.13,23.0,0.34,54.94,0.36,5.0,0.39,50.0,0.41,10.7,0.42,10.7,0.11,0.11,618.253,1776160990000
1776160992.357,192.357,0.66,54.94,0.64,5.0,0.61,50.0,0.59,10.7,0.58,10.7,0.77,21.0,0.82,17.6,0.84,10.0,0.86,21.6,0.87,23.0,0.23,21.0,0.18,17.6,0.16,10.0,0.14,21.6,0.13,23.0,0.34,54.94,0.36,5.0,0.39,50.0,0.41,10.7,0.42,10.7,0.11,0.11,618.254,1776160991000
1776160993.045,193.045,0.66,54.94,0.64,5.0,0.61,50.0,0.59,10.7,0.58,10.7,0.77,21.0,0.82,17.6,0.84,10.0,0.86,21.6,0.87,23.0,0.23,21.0,0.18,17.6,0.16,10.0,0.14,21.6,0.13,23.0,0.34,54.94,0.36,5.0,0.39,50.0,0.41,10.7,0.42,10.7,0.11,0.11,618.254,1776160992000
1776160994.403,194.403,0.66,54.94,0.64,5.0,0.61,50.0,0.59,10.7,0.58,10.7,0.77,21.0,0.82,17.6,0.84,10.0,0.86,21.6,0.87,23.0,0.23,21.0,0.18,17.6,0.16,10.0,0.14,21.6,0.13,23.0,0.34,54.94,0.36,5.0,0.39,50.0,0.41,10.7,0.42,10.7,0.11,0.11,618.265,1776160993000
1776160995.136,195.136,0.66,54.94,0.64,5.0,0.61,50.0,0.59,10.7,0.58,10.7,0.77,21.0,0.82,17.6,0.84,10.0,0.86,21.6,0.87,23.0,0.23,21.0,0.18,17.6,0.16,10.0,0.14,21.6,0.13,23.0,0.34,54.94,0.36,5.0,0.39,50.0,0.41,10.7,0.42,10.7,0.11,0.11,618.265,1776160994000
1776160996.343,196.343,0.66,54.94,0.64,5.0,0.61,50.0,0.59,10.7,0.58,10.7,0.77,21.0,0.82,17.6,0.84,10.0,0.86,21.6,0.87,23.0,0.23,21.0,0.18,17.6,0.16,10.0,0.14,21.6,0.13,23.0,0.34,54.94,0.36,5.0,0.39,50.0,0.41,10.7,0.42,10.7,0.11,0.11,618.269,1776160995000
1776160996.927,196.927,0.66,54.94,0.64,5.0,0.61,50.0,0.59,10.7,0.58,10.7,0.77,21.0,0.82,17.6,0.84,10.0,0.86,21.6,0.87,23.0,0.23,21.0,0.18,17.6,0.16,10.0,0.14,21.6,0.13,23.0,0.34,54.94,0.36,5.0,0.39,50.0,0.41,10.7,0.42,10.7,0.11,0.11,618.269,1776160996000
1776160998.185,198.185,0.66,54.94,0.64,5.0,0.61,50.0,0.59,10.7,0.58,10.7,0.77,21.0,0.82,17.6,0.84,10.0,0.86,21.6,0.87,23.0,0.23,21.0,0.18,17.6,0.16,10.0,0.14,21.6,0.13,23.0,0.34,54.94,0.36,5.0,0.39,50.0,0.41,10.7,0.42,10.7,0.11,0.11,618.271,1776160997000
1776160999.384,199.384,0.66,54.94,0.64,5.0,0.61,50.0,0.59,10.7,0.58,10.7,0.77,21.0,0.82,17.6,0.84,10.0,0.86,21.6,0.87,23.0,0.23,21.0,0.18,17.6,0.16,10.0,0.14,21.6,0.13,23.0,0.34,54.94,0.36,5.0,0.39,50.0,0.41,10.7,0.42,10.7,0.11,0.11,618.266,1776160998000
1776160999.889,199.889,0.66,54.94,0.64,5.0,0.61,50.0,0.59,10.7,0.58,10.7,0.77,21.0,0.82,17.6,0.84,10.0,0.86,21.6,0.87,23.0,0.23,21.0,0.18,17.6,0.16,10.0,0.14,21.6,0.13,23.0,0.34,54.94,0.36,5.0,0.39,50.0,0.41,10.7,0.42,10.7,0.11,0.11,618.266,1776160999000
1776161001.135,201.135,0.66,54.94,0.64,5.0,0.61,50.0,0.59,10.7,0.58,10.7,0.77,21.0,0.82,17.6,0.84,10.0,0.86,21.6,0.87,23.0,0.23,21.0,0.18,17.6,0.16,10.0,0.14,21.6,0.13,23.0,0.34,54.94,0.36,5.0,0.39,50.0,0.41,10.7,0.42,10.7,0.11,0.11,618.29,1776161000000
1776161002.023,202.023,0.66,54.94,0.64,5.0,0.61,50.0,0.59,10.7,0.58,10.7,0.77,21.0,0.82,17.6,0.84,10.0,0.86,21.6,0.87,23.0,0.23,21.0,0.18,17.6,0.16,10.0,0.14,21.6,0.13,23.0,0.34,54.94,0.36,5.0,0.39,50.0,0.41,10.7,0.42,10.7,0.11,0.11,618.288,1776161001000
1776161003.236,203.236,0.66,54.94,0.64,5.0,0.61,50.0,0.59,10.7,0.58,10.7,0.77,21.0,0.82,17.6,0.84,10.0,0.86,21.6,0.87,23.0,0.23,21.0,0.18,17.6,0.16,10.0,0.14,21.6,0.13,23.0,0.34,54.94,0.36,5.0,0.39,50.0,0.41,10.7,0.42,10.7,0.11,0.11,618.293,1776161002000
1776161004.476,204.476,0.66,54.94,0.64,5.0,0.61,50.0,0.59,10.7,0.58,10.7,0.77,21.0,0.82,17.6,0.84,10.0,0.86,21.6,0.87,23.0,0.23,21.0,0.18,17.6,0.16,10.0,0.14,21.6,0.13,23.0,0.34,54.94,0.36,5.0,0.39,50.0,0.41,10.7,0.42,10.7,0.11,0.11,618.29,1776161003000
1776161004.935,204.935,0.66,54.94,0.64,5.0,0.61,50.0,0.59,10.7,0.58,10.7,0.77,21.0,0.82,17.6,0.84,10.0,0.86,21.6,0.87,23.0,0.23,21.0,0.18,17.6,0.16,10.0,0.14,21.6,0.13,23.0,0.34,54.94,0.36,5.0,0.39,50.0,0.41,10.7,0.42,10.7,0.11,0.11,618.282,1776161004000
1776161006.235,206.235,0.66,54.94,0.64,5.0,0.61,50.0,0.59,10.7,0.58,10.7,0.77,21.0,0.82,17.6,0.84,10.0,0.86,21.6,0.87,23.0,0.23,21.0,0.18,17.6,0.16,10.0,0.14,21.6,0.13,23.0,0.34,54.94,0.36,5.0,0.39,50.0,0.41,10.7,0.42,10.7,0.11,0.11,618.282,1776161005000
1776161007.246,207.246,0.66,54.94,0.64,5.0,0.61,50.0,0.59,10.7,0.58,10.7,0.77,21.0,0.82,17.6,0.84,10.0,0.86,21.6,0.87,23.0,0.23,21.0,0.18,17.6,0.16,10.0,0.14,21.6,0.13,23.0,0.34,54.94,0.36,5.0,0.39,50.0,0.41,10.7,0.42,10.7,0.11,0.11,618.281,1776161006000
1776161008.318,208.318,0.66,54.94,0.64,5.0,0.61,50.0,0.59,10.7,0.58,10.7,0.77,21.0,0.82,17.6,0.84,10.0,0.86,21.6,0.87,23.0,0.23,21.0,0.18,17.6,0.16,10.0,0.14,21.6,0.13,23.0,0.34,54.94,0.36,5.0,0.39,50.0,0.41,10.7,0.42,10.7,0.11,0.11,618.286,1776161007000
1776161008.911,208.911,0.66,54.94,0.64,5.0,0.61,50.0,0.59,10.7,0.58,10.7,0.77,21.0,0.82,17.6,0.84,10.0,0.86,21.6,0.87,23.0,0.23,21.0,0.18,17.6,0.16,10.0,0.14,21.6,0.13,23.0,0.34,54.94,0.36,5.0,0.39,50.0,0.41,10.7,0.42,10.7,0.11,0.11,618.286,1776161008000
1776161010.062,210.062,0.66,54.94,0.64,5.0,0.61,50.0,0.59,10.7,0.58,10.7,0.77,21.0,0.82,17.6,0.84,10.0,0.86,21.6,0.87,23.0,0.23,21.0,0.18,17.6,0.16,10.0,0.14,21.6,0.13,23.0,0.34,54.94,0.36,5.0,0.39,50.0,0.41,10.7,0.42,10.7,0.11,0.11,618.305,1776161009000
1776161011.115,211.115,0.66,54.94,0.64,5.0,0.61,50.0,0.59,10.7,0.58,10.7,0.77,21.0,0.82,17.6,0.84,10.0,0.86,21.6,0.87,23.0,0.23,21.0,0.18,17.6,0.16,10.0,0.14,21.6,0.13,23.0,0.34,54.94,0.36,5.0,0.39,50.0,0.41,10.7,0.42,10.7,0.11,0.11,618.297,1776161010000
1776161012.347,212.347,0.66,54.94,0.64,5.0,0.61,50.0,0.59,10.7,0.58,10.7,0.77,21.0,0.82,17.6,0.84,10.0,0.86,21.6,0.87,23.0,0.23,21.0,0.18,17.6,0.16,10.0,0.14,21.6,0.13,23.0,0.34,54.94,0.36,5.0,0.39,50.0,0.41,10.7,0.42,10.7,0.11,0.11,618.301,1776161011000
1776161013.399,213.399,0.66,54.94,0.64,5.0,0.61,50.0,0.59,10.7,0.58,10.7,0.77,21.0,0.82,17.6,0.84,10.0,0.86,21.6,0.87,23.0,0.23,21.0,0.18,17.6,0.16,10.0,0.14,21.6,0.13,23.0,0.34,54.94,0.36,5.0,0.39,50.0,0.41,10.7,0.42,10.7,0.11,0.11,618.301,1776161012000
1776161013.991,213.991,0.66,54.94,0.64,5.0,0.61,50.0,0.59,10.7,0.58,10.7,0.77,21.0,0.82,17.6,0.84,10.0,0.86,21.6,0.87,23.0,0.23,21.0,0.18,17.6,0.16,10.0,0.14,21.6,0.13,23.0,0.34,54.94,0.36,5.0,0.39,50.0,0.41,10.7,0.42,10.7,0.11,0.11,618.301,1776161013000
1776161015.179,215.179,0.66,54.94,0.64,5.0,0.61,50.0,0.59,10.7,0.58,10.7,0.77,21.0,0.82,17.6,0.84,10.0,0.86,21.6,0.87,23.0,0.23,21.0,0.18,17.6,0.16,10.0,0.14,21.6,0.13,23.0,0.34,54.94,0.36,5.0,0.39,50.0,0.41,10.7,0.42,10.7,0.11,0.11,618.302,1776161014000
1776161016.902,216.902,0.81,39.89,0.8,22.24,0.79,15.7,0.78,15.2,0.77,14.7,0.82,12.53,0.9,50.0,0.91,81.7,0.92,35.29,0.93,39.9,0.18,12.53,0.1,50.0,0.09,81.7,0.08,35.29,0.07,39.9,0.19,39.89,0.2,22.24,0.21,15.7,0.22,15.2,0.23,14.7,0.01,0.01,618.299,1776161015000
1776161017.82,217.82,0.81,39.89,0.8,22.24,0.79,15.7,0.78,15.2,0.77,14.7,0.82,12.53,0.9,50.0,0.91,81.7,0.92,35.29,0.93,39.9,0.18,12.53,0.1,50.0,0.09,81.7,0.08,35.29,0.07,39.9,0.19,39.89,0.2,22.24,0.21,15.7,0.22,15.2,0.23,14.7,0.01,0.01,618.302,1776161016000
1776161018.509,218.509,0.81,39.89,0.8,22.24,0.79,15.7,0.78,15.2,0.77,14.7,0.82,12.53,0.9,50.0,0.91,81.7,0.92,35.29,0.93,39.9,0.18,12.53,0.1,50.0,0.09,81.7,0.08,35.29,0.07,39.9,0.19,39.89,0.2,22.24,0.21,15.7,0.22,15.2,0.23,14.7,0.01,0.01,618.303,1776161017000
1776161018.789,218.789,0.81,39.89,0.8,22.24,0.79,15.7,0.78,15.2,0.77,14.7,0.82,6.4,0.91,136.7,0.92,35.29,0.93,39.9,0.94,46.1,0.18,12.53,0.1,50.0,0.09,81.7,0.08,35.29,0.07,39.9,0.19,39.89,0.2,22.24,0.21,15.7,0.22,15.2,0.23,14.7,0.01,0.01,618.303,1776161017000
1776161019.239,219.239,0.81,39.89,0.8,22.24,0.79,15.7,0.78,15.2,0.77,14.7,0.82,6.4,0.91,136.7,0.92,35.29,0.93,39.9,0.94,46.1,0.18,6.4,0.09,136.7,0.08,35.29,0.07,39.9,0.06,46.1,0.19,39.89,0.2,22.24,0.21,15.7,0.22,15.2,0.23,14.7,0.01,0.01,618.304,1776161018000
1776161020.879,220.879,0.81,39.89,0.8,22.24,0.79,15.7,0.78,15.2,0.77,14.7,0.82,6.4,0.91,136.7,0.92,35.29,0.93,39.9,0.94,46.1,0.18,6.4,0.09,136.7,0.08,35.29,0.07,39.9,0.06,46.1,0.19,39.89,0.2,22.24,0.21,15.7,0.22,15.2,0.23,14.7,0.01,0.01,618.303,1776161019000
1776161021.675,221.675,0.81,39.89,0.8,22.24,0.79,15.7,0.78,15.2,0.77,14.7,0.82,6.4,0.91,136.7,0.92,35.29,0.93,39.9,0.94,46.1,0.18,6.4,0.09,136.7,0.08,35.29,0.07,39.9,0.06,46.1,0.19,39.89,0.2,22.24,0.21,15.7,0.22,15.2,0.23,14.7,0.01,0.01,618.296,1776161020000
1776161022.422,222.422,0.81,39.89,0.8,22.24,0.79,15.7,0.78,15.2,0.77,14.7,0.82,6.4,0.91,136.7,0.92,35.29,0.93,39.9,0.94,46.1,0.18,6.4,0.09,136.7,0.08,35.29,0.07,39.9,0.06,46.1,0.19,39.89,0.2,22.24,0.21,15.7,0.22,15.2,0.23,14.7,0.01,0.01,618.301,1776161021000
1776161023.198,223.198,0.81,39.89,0.8,22.24,0.79,15.7,0.78,15.2,0.77,14.7,0.82,6.4,0.91,136.7,0.92,35.29,0.93,39.9,0.94,46.1,0.18,6.4,0.09,136.7,0.08,35.29,0.07,39.9,0.06,46.1,0.19,39.89,0.2,22.24,0.21,15.7,0.22,15.2,0.23,14.7,0.01,0.01,618.302,1776161022000
1776161023.781,223.781,0.81,45.89,0.8,22.24,0.79,15.7,0.78,15.2,0.77,14.7,0.82,1.21,0.91,81.7,0.92,35.29,0.93,39.9,0.94,46.1,0.18,6.4,0.09,136.7,0.08,35.29,0.07,39.9,0.06,46.1,0.19,39.89,0.2,22.24,0.21,15.7,0.22,15.2,0.23,14.7,0.01,0.01,618.302,1776161022000
1776161024.633,224.633,0.81,45.89,0.8,22.24,0.79,15.7,0.78,15.2,0.77,14.7,0.82,1.21,0.91,81.7,0.92,35.29,0.93,39.9,0.94,46.1,0.18,1.21,0.09,81.7,0.08,35.29,0.07,39.9,0.06,46.1,0.19,45.89,0.2,22.24,0.21,15.7,0.22,15.2,0.23,14.7,0.01,0.01,618.302,1776161023000
1776161025.47,225.47,0.81,45.89,0.8,22.24,0.79,15.7,0.78,15.2,0.77,14.7,0.82,1.21,0.91,81.7,0.92,35.29,0.93,39.9,0.94,46.1,0.18,1.21,0.09,81.7,0.08,35.29,0.07,39.9,0.06,46.1,0.19,45.89,0.2,22.24,0.21,15.7,0.22,15.2,0.23,14.7,0.01,0.01,618.295,1776161024000
1776161026.209,226.209,0.81,45.89,0.8,22.24,0.79,15.7,0.78,15.2,0.77,14.7,0.82,1.21,0.91,81.7,0.92,35.29,0.93,39.9,0.94,46.1,0.18,1.21,0.09,81.7,0.08,35.29,0.07,39.9,0.06,46.1,0.19,45.89,0.2,22.24,0.21,15.7,0.22,15.2,0.23,14.7,0.01,0.01,618.295,1776161025000
1776161027.793,227.793,0.81,45.89,0.8,22.24,0.79,15.7,0.78,15.2,0.77,14.7,0.82,1.21,0.91,81.7,0.92,35.29,0.93,39.9,0.94,46.1,0.18,1.21,0.09,81.7,0.08,35.29,0.07,39.9,0.06,46.1,0.19,45.89,0.2,22.24,0.21,15.7,0.22,15.2,0.23,14.7,0.01,0.01,618.301,1776161026000
1776161028.607,228.607,0.81,45.89,0.8,22.24,0.79,15.7,0.78,15.2,0.77,14.7,0.82,1.21,0.91,81.7,0.92,35.29,0.93,39.9,0.94,46.1,0.18,1.21,0.09,81.7,0.08,35.29,0.07,39.9,0.06,46.1,0.19,45.89,0.2,22.24,0.21,15.7,0.22,15.2,0.23,14.7,0.01,0.01,618.302,1776161027000
1776161029.347,229.347,0.81,45.89,0.8,22.24,0.79,15.7,0.78,15.2,0.77,14.7,0.91,5.0,0.92,35.29,0.93,39.9,0.94,46.1,0.95,54.7,0.09,5.0,0.08,35.29,0.07,39.9,0.06,46.1,0.05,54.7,0.19,45.89,0.2,22.24,0.21,15.7,0.22,15.2,0.23,14.7,0.1,0.1,618.302,1776161028000
1776161030.135,230.135,0.81,45.89,0.8,22.24,0.79,15.7,0.78,15.2,0.77,14.7,0.91,5.0,0.92,35.29,0.93,39.9,0.94,46.1,0.95,54.7,0.09,5.0,0.08,35.29,0.07,39.9,0.06,46.1,0.05,54.7,0.19,45.89,0.2,22.24,0.21,15.7,0.22,15.2,0.23,14.7,0.1,0.1,618.306,1776161029000
1776161031.739,231.739,0.81,45.89,0.8,22.24,0.79,15.7,0.78,15.2,0.77,14.7,0.91,5.0,0.92,35.29,0.93,39.9,0.94,46.1,0.95,54.7,0.09,5.0,0.08,35.29,0.07,39.9,0.06,46.1,0.05,54.7,0.19,45.89,0.2,22.24,0.21,15.7,0.22,15.2,0.23,14.7,0.1,0.1,618.306,1776161030000
1776161032.498,232.498,0.66,3.18,0.65,11.4,0.64,11.3,0.63,11.2,0.62,21.0,0.9,28.9,0.91,86.7,0.92,35.29,0.93,39.9,0.94,46.1,0.1,28.9,0.09,86.7,0.08,35.29,0.07,39.9,0.06,46.1,0.34,3.18,0.35,11.4,0.36,11.3,0.37,11.2,0.38,21.0,0.24,0.24,618.296,1776161031000
1776161033.308,233.308,0.66,3.18,0.65,11.4,0.64,11.3,0.63,11.2,0.62,21.0,0.9,28.9,0.91,86.7,0.92,35.29,0.93,39.9,0.94,46.1,0.1,28.9,0.09,86.7,0.08,35.29,0.07,39.9,0.06,46.1,0.34,3.18,0.35,11.4,0.36,11.3,0.37,11.2,0.38,21.0,0.24,0.24,618.205311,1776161032000
1776161034.795,234.795,0.66,3.18,0.65,11.4,0.64,11.3,0.63,11.2,0.62,21.0,0.9,28.9,0.91,86.7,0.92,35.29,0.93,39.9,0.94,46.1,0.1,28.9,0.09,86.7,0.08,35.29,0.07,39.9,0.06,46.1,0.34,3.18,0.35,11.4,0.36,11.3,0.37,11.2,0.38,21.0,0.24,0.24,618.155424,1776161033000
1776161035.287,235.287,0.75,1.48,0.62,11.0,0.61,10.9,0.6,10.8,0.59,10.7,0.78,6.0,0.81,50.0,0.83,18.39,0.84,19.3,0.85,20.39,0.1,28.9,0.09,86.7,0.08,35.29,0.07,39.9,0.06,46.1,0.34,3.18,0.35,11.4,0.36,11.3,0.37,11.2,0.38,21.0,0.03,0.24,618.155424,1776161033000
1776161035.497,235.497,0.62,11.0,0.61,10.9,0.6,10.8,0.59,10.7,0.58,10.7,0.73,8.52,0.78,6.0,0.81,50.0,0.83,18.39,0.84,19.3,0.22,6.0,0.19,50.0,0.17,18.39,0.16,19.3,0.15,20.39,0.25,1.48,0.38,11.0,0.39,10.9,0.4,10.8,0.41,10.7,0.11,0.03,618.155424,1776161033000
1776161036.665,236.665,0.62,11.0,0.61,10.9,0.6,10.8,0.59,10.7,0.58,10.7,0.73,8.52,0.78,6.0,0.81,50.0,0.83,18.39,0.84,19.3,0.27,8.52,0.22,6.0,0.19,50.0,0.17,18.39,0.16,19.3,0.38,11.0,0.39,10.9,0.4,10.8,0.41,10.7,0.42,10.7,0.11,0.11,618.154,1776161035000
1776161037.139,237.139,0.6,10.8,0.59,10.7,0.58,10.7,0.57,10.6,0.56,10.6,0.73,0.3,0.78,6.0,0.81,66.89,0.82,17.6,0.83,18.39,0.27,0.3,0.22,6.0,0.19,66.89,0.18,17.6,0.17,18.39,0.4,10.8,0.41,10.7,0.42,10.7,0.43,10.6,0.44,10.6,0.13,0.13,618.155,1776161036000
1776161038.125,238.125,0.6,10.8,0.59,10.7,0.58,10.7,0.57,10.6,0.56,10.6,0.73,0.3,0.78,6.0,0.81,66.89,0.82,17.6,0.83,18.39,0.27,0.3,0.22,6.0,0.19,66.89,0.18,17.6,0.17,18.39,0.4,10.8,0.41,10.7,0.42,10.7,0.43,10.6,0.44,10.6,0.13,0.13,618.141012,1776161037000
1776161039.105,239.105,0.6,10.8,0.59,10.7,0.58,10.7,0.57,10.6,0.56,10.6,0.73,0.3,0.78,6.0,0.81,66.89,0.82,17.6,0.83,18.39,0.27,0.3,0.22,6.0,0.19,66.89,0.18,17.6,0.17,18.39,0.4,10.8,0.41,10.7,0.42,10.7,0.43,10.6,0.44,10.6,0.13,0.13,618.135,1776161038000
1776161040.168,240.168,0.6,10.8,0.59,10.7,0.58,10.7,0.57,10.6,0.56,10.6,0.73,0.3,0.78,6.0,0.81,66.89,0.82,17.6,0.83,18.39,0.27,0.3,0.22,6.0,0.19,66.89,0.18,17.6,0.17,18.39,0.4,10.8,0.41,10.7,0.42,10.7,0.43,10.6,0.44,10.6,0.13,0.13,618.118,1776161039000
1776161041.23,241.23,0.6,10.8,0.59,10.7,0.58,10.7,0.57,10.6,0.56,10.6,0.73,0.3,0.78,6.0,0.81,66.89,0.82,17.6,0.83,18.39,0.27,0.3,0.22,6.0,0.19,66.89,0.18,17.6,0.17,18.39,0.4,10.8,0.41,10.7,0.42,10.7,0.43,10.6,0.44,10.6,0.13,0.13,618.145,1776161040000
1776161042.234,242.234,0.6,10.8,0.59,10.7,0.58,10.7,0.57,10.6,0.56,10.6,0.73,0.3,0.78,6.0,0.81,66.89,0.82,17.6,0.83,18.39,0.27,0.3,0.22,6.0,0.19,66.89,0.18,17.6,0.17,18.39,0.4,10.8,0.41,10.7,0.42,10.7,0.43,10.6,0.44,10.6,0.13,0.13,618.145,1776161041000
1776161042.513,242.513,0.59,10.7,0.58,10.7,0.57,10.6,0.56,10.6,0.55,10.5,0.73,0.3,0.74,13.5,0.75,13.9,0.76,14.3,0.77,14.7,0.27,0.3,0.22,6.0,0.19,66.89,0.18,17.6,0.17,18.39,0.4,10.8,0.41,10.7,0.42,10.7,0.43,10.6,0.44,10.6,0.14,0.13,618.145,1776161041000
1776161043.241,243.241,0.59,10.7,0.58,10.7,0.57,10.6,0.56,10.6,0.55,10.5,0.73,0.3,0.74,13.5,0.75,13.9,0.76,14.3,0.77,14.7,0.27,0.3,0.26,13.5,0.25,13.9,0.24,14.3,0.23,14.7,0.41,10.7,0.42,10.7,0.43,10.6,0.44,10.6,0.45,10.5,0.14,0.14,618.15,1776161042000
1776161044.176,244.176,0.59,10.7,0.58,10.7,0.57,10.6,0.56,10.6,0.55,10.5,0.73,0.3,0.74,13.5,0.75,13.9,0.76,14.3,0.77,14.7,0.27,0.3,0.26,13.5,0.25,13.9,0.24,14.3,0.23,14.7,0.41,10.7,0.42,10.7,0.43,10.6,0.44,10.6,0.45,10.5,0.14,0.14,618.15,1776161043000
1776161045.102,245.102,0.59,10.7,0.58,10.7,0.57,10.6,0.56,10.6,0.55,10.5,0.73,0.3,0.74,13.5,0.75,13.9,0.76,14.3,0.77,14.7,0.27,0.3,0.26,13.5,0.25,13.9,0.24,14.3,0.23,14.7,0.41,10.7,0.42,10.7,0.43,10.6,0.44,10.6,0.45,10.5,0.14,0.14,618.167,1776161044000
1776161046.159,246.159,0.59,10.7,0.58,10.7,0.57,10.6,0.56,10.6,0.55,10.5,0.73,0.3,0.74,13.5,0.75,13.9,0.76,14.3,0.77,14.7,0.27,0.3,0.26,13.5,0.25,13.9,0.24,14.3,0.23,14.7,0.41,10.7,0.42,10.7,0.43,10.6,0.44,10.6,0.45,10.5,0.14,0.14,618.174,1776161045000
1776161047.086,247.086,0.59,10.7,0.58,10.7,0.57,10.6,0.56,10.6,0.55,10.5,0.73,0.3,0.74,13.5,0.75,13.9,0.76,14.3,0.77,14.7,0.27,0.3,0.26,13.5,0.25,13.9,0.24,14.3,0.23,14.7,0.41,10.7,0.42,10.7,0.43,10.6,0.44,10.6,0.45,10.5,0.14,0.14,618.179,1776161046000
1776161048.137,248.137,0.59,10.7,0.58,10.7,0.57,10.6,0.56,10.6,0.55,10.5,0.73,0.3,0.74,13.5,0.75,13.9,0.76,14.3,0.77,14.7,0.27,0.3,0.26,13.5,0.25,13.9,0.24,14.3,0.23,14.7,0.41,10.7,0.42,10.7,0.43,10.6,0.44,10.6,0.45,10.5,0.14,0.14,618.179,1776161047000
1776161049.564,249.564,0.59,10.7,0.58,10.7,0.57,10.6,0.56,10.6,0.55,10.5,0.73,0.3,0.74,13.5,0.75,13.9,0.76,14.3,0.77,14.7,0.27,0.3,0.26,13.5,0.25,13.9,0.24,14.3,0.23,14.7,0.41,10.7,0.42,10.7,0.43,10.6,0.44,10.6,0.45,10.5,0.14,0.14,618.177,1776161048000
1776161050.02,250.02,0.59,10.7,0.58,10.7,0.57,10.6,0.56,10.6,0.55,10.5,0.73,0.3,0.74,13.5,0.75,13.9,0.76,14.3,0.77,14.7,0.27,0.3,0.26,13.5,0.25,13.9,0.24,14.3,0.23,14.7,0.41,10.7,0.42,10.7,0.43,10.6,0.44,10.6,0.45,10.5,0.14,0.14,618.172,1776161049000
1776161051.094,251.094,0.59,10.7,0.58,10.7,0.57,10.6,0.56,10.6,0.55,10.5,0.73,0.3,0.74,13.5,0.75,13.9,0.76,14.3,0.77,14.7,0.27,0.3,0.26,13.5,0.25,13.9,0.24,14.3,0.23,14.7,0.41,10.7,0.42,10.7,0.43,10.6,0.44,10.6,0.45,10.5,0.14,0.14,618.172,1776161050000
1776161052.015,252.015,0.59,10.7,0.58,10.7,0.57,10.6,0.56,10.6,0.55,10.5,0.73,0.3,0.74,13.5,0.75,13.9,0.76,14.3,0.77,14.7,0.27,0.3,0.26,13.5,0.25,13.9,0.24,14.3,0.23,14.7,0.41,10.7,0.42,10.7,0.43,10.6,0.44,10.6,0.45,10.5,0.14,0.14,618.173,1776161051000
1776161052.923,252.923,0.69,0.87,0.67,11.8,0.66,11.6,0.65,11.4,0.64,11.3,0.73,0.3,0.78,6.0,0.81,16.89,0.82,17.6,0.83,18.39,0.27,0.3,0.26,13.5,0.25,13.9,0.24,14.3,0.23,14.7,0.41,10.7,0.42,10.7,0.43,10.6,0.44,10.6,0.45,10.5,0.04,0.14,618.173,1776161051000
1776161053.978,253.978,0.69,0.87,0.67,11.8,0.66,11.6,0.65,11.4,0.64,11.3,0.73,0.3,0.78,6.0,0.81,16.89,0.82,17.6,0.83,18.39,0.27,0.3,0.22,6.0,0.19,16.89,0.18,17.6,0.17,18.39,0.31,0.87,0.33,11.8,0.34,11.6,0.35,11.4,0.36,11.3,0.04,0.04,618.174,1776161053000
1776161054.963,254.963,0.69,0.87,0.67,11.8,0.66,11.6,0.65,11.4,0.64,11.3,0.73,0.3,0.78,6.0,0.81,16.89,0.82,17.6,0.83,18.39,0.27,0.3,0.22,6.0,0.19,16.89,0.18,17.6,0.17,18.39,0.31,0.87,0.33,11.8,0.34,11.6,0.35,11.4,0.36,11.3,0.04,0.04,618.172,1776161054000
1776161055.982,255.982,0.69,0.87,0.67,11.8,0.66,11.6,0.65,11.4,0.64,11.3,0.73,0.3,0.78,6.0,0.81,16.89,0.82,17.6,0.83,18.39,0.27,0.3,0.22,6.0,0.19,16.89,0.18,17.6,0.17,18.39,0.31,0.87,0.33,11.8,0.34,11.6,0.35,11.4,0.36,11.3,0.04,0.04,618.169,1776161055000
1776161056.955,256.955,0.69,0.87,0.67,11.8,0.66,11.6,0.65,11.4,0.64,11.3,0.73,0.3,0.78,6.0,0.81,16.89,0.82,17.6,0.83,18.39,0.27,0.3,0.22,6.0,0.19,16.89,0.18,17.6,0.17,18.39,0.31,0.87,0.33,11.8,0.34,11.6,0.35,11.4,0.36,11.3,0.04,0.04,618.172,1776161056000
1776161057.913,257.913,0.69,0.87,0.67,11.8,0.66,11.6,0.65,11.4,0.64,11.3,0.73,0.3,0.78,6.0,0.81,16.89,0.82,17.6,0.83,18.39,0.27,0.3,0.22,6.0,0.19,16.89,0.18,17.6,0.17,18.39,0.31,0.87,0.33,11.8,0.34,11.6,0.35,11.4,0.36,11.3,0.04,0.04,618.16,1776161057000
1776161058.865,258.865,0.69,0.87,0.67,11.8,0.66,11.6,0.65,11.4,0.64,11.3,0.73,0.3,0.78,6.0,0.81,16.89,0.82,17.6,0.83,18.39,0.27,0.3,0.22,6.0,0.19,16.89,0.18,17.6,0.17,18.39,0.31,0.87,0.33,11.8,0.34,11.6,0.35,11.4,0.36,11.3,0.04,0.04,618.159,1776161058000
1776161059.847,259.847,0.69,0.87,0.67,11.8,0.66,11.6,0.65,11.4,0.64,11.3,0.73,0.3,0.78,6.0,0.81,16.89,0.82,17.6,0.83,18.39,0.27,0.3,0.22,6.0,0.19,16.89,0.18,17.6,0.17,18.39,0.31,0.87,0.33,11.8,0.34,11.6,0.35,11.4,0.36,11.3,0.04,0.04,618.157,1776161059000
1776161061.217,261.217,0.69,0.87,0.67,11.8,0.66,11.6,0.65,11.4,0.64,11.3,0.73,0.3,0.78,6.0,0.81,16.89,0.82,17.6,0.83,18.39,0.27,0.3,0.22,6.0,0.19,16.89,0.18,17.6,0.17,18.39,0.31,0.87,0.33,11.8,0.34,11.6,0.35,11.4,0.36,11.3,0.04,0.04,618.152,1776161060000
1776161062.389,262.389,0.69,0.87,0.67,11.8,0.66,11.6,0.65,11.4,0.64,11.3,0.73,0.3,0.78,6.0,0.81,16.89,0.82,17.6,0.83,18.39,0.27,0.3,0.22,6.0,0.19,16.89,0.18,17.6,0.17,18.39,0.31,0.87,0.33,11.8,0.34,11.6,0.35,11.4,0.36,11.3,0.04,0.04,618.149,1776161061000
1776161062.931,262.931,0.69,0.87,0.67,11.8,0.66,11.6,0.65,11.4,0.64,11.3,0.73,0.3,0.78,6.0,0.81,16.89,0.82,17.6,0.83,18.39,0.27,0.3,0.22,6.0,0.19,16.89,0.18,17.6,0.17,18.39,0.31,0.87,0.33,11.8,0.34,11.6,0.35,11.4,0.36,11.3,0.04,0.04,618.149,1776161062000
1776161063.866,263.866,0.69,0.87,0.67,11.8,0.66,11.6,0.65,11.4,0.64,11.3,0.73,0.3,0.78,6.0,0.81,16.89,0.82,17.6,0.83,18.39,0.27,0.3,0.22,6.0,0.19,16.89,0.18,17.6,0.17,18.39,0.31,0.87,0.33,11.8,0.34,11.6,0.35,11.4,0.36,11.3,0.04,0.04,618.155,1776161063000
1776161064.77,264.77,0.69,0.87,0.67,11.8,0.66,11.6,0.65,11.4,0.64,11.3,0.73,0.3,0.78,6.0,0.81,16.89,0.82,17.6,0.83,18.39,0.27,0.3,0.22,6.0,0.19,16.89,0.18,17.6,0.17,18.39,0.31,0.87,0.33,11.8,0.34,11.6,0.35,11.4,0.36,11.3,0.04,0.04,618.154,1776161064000
1776161065.608,265.608,0.71,12.6,0.7,12.4,0.69,12.2,0.68,11.9,0.67,11.8,0.73,0.3,0.84,19.3,0.85,20.39,0.86,21.6,0.87,23.0,0.27,0.3,0.22,6.0,0.19,16.89,0.18,17.6,0.17,18.39,0.31,0.87,0.33,11.8,0.34,11.6,0.35,11.4,0.36,11.3,0.02,0.04,618.154,1776161064000
1776161066.243,266.243,0.71,12.6,0.7,12.4,0.69,12.2,0.68,11.9,0.67,11.8,0.73,0.3,0.84,19.3,0.85,20.39,0.86,21.6,0.87,23.0,0.27,0.3,0.16,19.3,0.15,20.39,0.14,21.6,0.13,23.0,0.29,12.6,0.3,12.4,0.31,12.2,0.32,11.9,0.33,11.8,0.02,0.02,618.163,1776161065000
1776161067.209,267.209,0.71,12.6,0.7,12.4,0.69,12.2,0.68,11.9,0.67,11.8,0.73,0.3,0.84,19.3,0.85,20.39,0.86,21.6,0.87,23.0,0.27,0.3,0.16,19.3,0.15,20.39,0.14,21.6,0.13,23.0,0.29,12.6,0.3,12.4,0.31,12.2,0.32,11.9,0.33,11.8,0.02,0.02,618.158,1776161066000
1776161067.842,267.842,0.72,12.9,0.71,12.6,0.7,12.4,0.69,12.2,0.68,11.9,0.85,20.39,0.86,21.6,0.87,23.0,0.88,24.6,0.89,26.6,0.27,0.3,0.16,19.3,0.15,20.39,0.14,21.6,0.13,23.0,0.29,12.6,0.3,12.4,0.31,12.2,0.32,11.9,0.33,11.8,0.13,0.02,618.158,1776161066000
1776161068.249,268.249,0.72,12.9,0.71,12.6,0.7,12.4,0.69,12.2,0.68,11.9,0.85,20.39,0.86,21.6,0.87,23.0,0.88,24.6,0.89,26.6,0.15,20.39,0.14,21.6,0.13,23.0,0.12,24.6,0.11,26.6,0.28,12.9,0.29,12.6,0.3,12.4,0.31,12.2,0.32,11.9,0.13,0.13,618.158,1776161067000
1776161069.251,269.251,0.72,12.9,0.71,12.6,0.7,12.4,0.69,12.2,0.68,11.9,0.85,20.39,0.86,21.6,0.87,23.0,0.88,24.6,0.89,26.6,0.15,20.39,0.14,21.6,0.13,23.0,0.12,24.6,0.11,26.6,0.28,12.9,0.29,12.6,0.3,12.4,0.31,12.2,0.32,11.9,0.13,0.13,618.154,1776161068000
1776161070.455,270.455,0.72,12.9,0.71,12.6,0.7,12.4,0.69,12.2,0.68,11.9,0.85,20.39,0.86,21.6,0.87,23.0,0.88,24.6,0.89,26.6,0.15,20.39,0.14,21.6,0.13,23.0,0.12,24.6,0.11,26.6,0.28,12.9,0.29,12.6,0.3,12.4,0.31,12.2,0.32,11.9,0.13,0.13,618.165,1776161069000
1776161070.888,270.888,0.72,12.9,0.71,12.6,0.7,12.4,0.69,12.2,0.68,11.9,0.85,20.39,0.86,21.6,0.87,23.0,0.88,24.6,0.89,26.6,0.15,20.39,0.14,21.6,0.13,23.0,0.12,24.6,0.11,26.6,0.28,12.9,0.29,12.6,0.3,12.4,0.31,12.2,0.32,11.9,0.13,0.13,618.159,1776161070000
1776161071.519,271.519,0.84,5.0,0.76,14.3,0.75,13.9,0.74,13.5,0.73,13.2,0.88,24.6,0.89,26.6,0.9,28.9,0.91,81.7,0.92,35.29,0.15,20.39,0.14,21.6,0.13,23.0,0.12,24.6,0.11,26.6,0.28,12.9,0.29,12.6,0.3,12.4,0.31,12.2,0.32,11.9,0.04,0.13,618.159,1776161070000
1776161072.182,272.182,0.84,5.0,0.76,14.3,0.75,13.9,0.74,13.5,0.73,13.2,0.88,24.6,0.89,26.6,0.9,28.9,0.91,81.7,0.92,35.29,0.12,24.6,0.11,26.6,0.1,28.9,0.09,81.7,0.08,35.29,0.16,5.0,0.24,14.3,0.25,13.9,0.26,13.5,0.27,13.2,0.04,0.04,618.159,1776161071000
1776161073.315,273.315,0.84,5.0,0.76,14.3,0.75,13.9,0.74,13.5,0.73,13.2,0.88,24.6,0.89,26.6,0.9,28.9,0.91,81.7,0.92,35.29,0.12,24.6,0.11,26.6,0.1,28.9,0.09,81.7,0.08,35.29,0.16,5.0,0.24,14.3,0.25,13.9,0.26,13.5,0.27,13.2,0.04,0.04,618.171,1776161072000
1776161073.808,273.808,0.84,5.0,0.76,14.3,0.75,13.9,0.74,13.5,0.73,13.2,0.88,24.6,0.89,26.6,0.9,28.9,0.91,81.7,0.92,35.29,0.12,24.6,0.11,26.6,0.1,28.9,0.09,81.7,0.08,35.29,0.16,5.0,0.24,14.3,0.25,13.9,0.26,13.5,0.27,13.2,0.04,0.04,618.171,1776161073000
1776161074.997,274.997,0.84,5.0,0.76,14.3,0.75,13.9,0.74,13.5,0.73,13.2,0.88,24.6,0.89,26.6,0.9,28.9,0.91,81.7,0.92,35.29,0.12,24.6,0.11,26.6,0.1,28.9,0.09,81.7,0.08,35.29,0.16,5.0,0.24,14.3,0.25,13.9,0.26,13.5,0.27,13.2,0.04,0.04,618.171,1776161074000
1776161076.021,276.021,0.84,5.0,0.76,14.3,0.75,13.9,0.74,13.5,0.73,13.2,0.88,24.6,0.89,26.6,0.9,28.9,0.91,81.7,0.92,35.29,0.12,24.6,0.11,26.6,0.1,28.9,0.09,81.7,0.08,35.29,0.16,5.0,0.24,14.3,0.25,13.9,0.26,13.5,0.27,13.2,0.04,0.04,618.17,1776161075000
1776161077.146,277.146,0.84,5.0,0.76,14.3,0.75,13.9,0.74,13.5,0.73,13.2,0.88,24.6,0.89,26.6,0.9,28.9,0.91,81.7,0.92,35.29,0.12,24.6,0.11,26.6,0.1,28.9,0.09,81.7,0.08,35.29,0.16,5.0,0.24,14.3,0.25,13.9,0.26,13.5,0.27,13.2,0.04,0.04,618.17,1776161076000
1776161078.61,278.61,0.84,5.0,0.76,14.3,0.75,13.9,0.74,13.5,0.73,13.2,0.88,24.6,0.89,26.6,0.9,28.9,0.91,81.7,0.92,35.29,0.12,24.6,0.11,26.6,0.1,28.9,0.09,81.7,0.08,35.29,0.16,5.0,0.24,14.3,0.25,13.9,0.26,13.5,0.27,13.2,0.04,0.04,618.171,1776161077000
1776161079.307,279.307,0.84,5.0,0.76,14.3,0.75,13.9,0.74,13.5,0.73,13.2,0.88,24.6,0.89,26.6,0.9,28.9,0.91,81.7,0.92,35.29,0.12,24.6,0.11,26.6,0.1,28.9,0.09,81.7,0.08,35.29,0.16,5.0,0.24,14.3,0.25,13.9,0.26,13.5,0.27,13.2,0.04,0.04,618.168,1776161078000
1776161079.861,279.861,0.84,5.0,0.76,14.3,0.75,13.9,0.74,13.5,0.73,13.2,0.88,24.6,0.89,26.6,0.9,28.9,0.91,81.7,0.92,35.29,0.12,24.6,0.11,26.6,0.1,28.9,0.09,81.7,0.08,35.29,0.16,5.0,0.24,14.3,0.25,13.9,0.26,13.5,0.27,13.2,0.04,0.04,618.168,1776161079000
1776161081.087,281.087,0.84,5.0,0.76,14.3,0.75,13.9,0.74,13.5,0.73,13.2,0.88,24.6,0.89,26.6,0.9,28.9,0.91,81.7,0.92,35.29,0.12,24.6,0.11,26.6,0.1,28.9,0.09,81.7,0.08,35.29,0.16,5.0,0.24,14.3,0.25,13.9,0.26,13.5,0.27,13.2,0.04,0.04,618.154,1776161080000
1776161082.231,282.231,0.84,5.0,0.76,14.3,0.75,13.9,0.74,13.5,0.73,13.2,0.88,24.6,0.89,26.6,0.9,28.9,0.91,81.7,0.92,35.29,0.12,24.6,0.11,26.6,0.1,28.9,0.09,81.7,0.08,35.29,0.16,5.0,0.24,14.3,0.25,13.9,0.26,13.5,0.27,13.2,0.04,0.04,618.151,1776161081000
1776161082.837,282.837,0.84,5.0,0.76,14.3,0.75,13.9,0.74,13.5,0.73,13.2,0.88,24.6,0.89,26.6,0.9,28.9,0.91,81.7,0.92,35.29,0.12,24.6,0.11,26.6,0.1,28.9,0.09,81.7,0.08,35.29,0.16,5.0,0.24,14.3,0.25,13.9,0.26,13.5,0.27,13.2,0.04,0.04,618.151,1776161082000
1776161083.227,283.227,0.51,45.46,0.41,50.0,0.31,50.0,0.21,50.0,0.11,50.0,0.91,50.0,0.94,5.0,0.96,100.0,0.98,105.0,0.99,261.09,0.12,24.6,0.11,26.6,0.1,28.9,0.09,81.7,0.08,35.29,0.16,5.0,0.24,14.3,0.25,13.9,0.26,13.5,0.27,13.2,0.4,0.04,618.151,1776161082000
1776161083.933,283.933,0.51,45.46,0.41,50.0,0.31,50.0,0.21,50.0,0.11,50.0,0.91,50.0,0.94,5.0,0.96,100.0,0.98,105.0,0.99,261.09,0.09,50.0,0.06,5.0,0.04,100.0,0.02,105.0,0.01,261.09,0.49,45.46,0.59,50.0,0.69,50.0,0.79,50.0,0.89,50.0,0.4,0.4,618.15,1776161083000
1776161084.145,284.145,0.51,39.59,0.41,50.0,0.39,10.0,0.31,50.0,0.21,50.0,0.81,50.0,0.91,50.0,0.94,5.0,0.96,100.0,0.98,105.0,0.09,50.0,0.06,5.0,0.04,100.0,0.02,105.0,0.01,261.09,0.49,45.46,0.59,50.0,0.69,50.0,0.79,50.0,0.89,50.0,0.3,0.4,618.15,1776161083000
1776161085.312,285.312,0.51,39.59,0.41,50.0,0.39,10.0,0.31,50.0,0.21,50.0,0.81,50.0,0.91,50.0,0.94,5.0,0.96,100.0,0.98,105.0,0.19,50.0,0.09,50.0,0.06,5.0,0.04,100.0,0.02,105.0,0.49,39.59,0.59,50.0,0.61,10.0,0.69,50.0,0.79,50.0,0.3,0.3,618.152,1776161084000
1776161086.539,286.539,0.51,39.59,0.41,50.0,0.39,10.0,0.31,50.0,0.21,50.0,0.81,50.0,0.91,50.0,0.94,5.0,0.96,100.0,0.98,105.0,0.19,50.0,0.09,50.0,0.06,5.0,0.04,100.0,0.02,105.0,0.49,39.59,0.59,50.0,0.61,10.0,0.69,50.0,0.79,50.0,0.3,0.3,618.144,1776161085000
1776161087.254,287.254,0.51,39.59,0.41,50.0,0.39,10.0,0.31,50.0,0.21,50.0,0.81,50.0,0.91,50.0,0.94,5.0,0.96,100.0,0.98,105.0,0.19,50.0,0.09,50.0,0.06,5.0,0.04,100.0,0.02,105.0,0.49,39.59,0.59,50.0,0.61,10.0,0.69,50.0,0.79,50.0,0.3,0.3,618.147,1776161086000
1776161088.297,288.297,0.51,39.59,0.41,50.0,0.39,10.0,0.31,50.0,0.21,50.0,0.81,50.0,0.91,50.0,0.94,5.0,0.96,100.0,0.98,105.0,0.19,50.0,0.09,50.0,0.06,5.0,0.04,100.0,0.02,105.0,0.49,39.59,0.59,50.0,0.61,10.0,0.69,50.0,0.79,50.0,0.3,0.3,618.146,1776161087000
1776161089.319,289.319,0.51,39.59,0.41,50.0,0.39,10.0,0.31,50.0,0.21,50.0,0.81,50.0,0.91,50.0,0.94,5.0,0.96,100.0,0.98,105.0,0.19,50.0,0.09,50.0,0.06,5.0,0.04,100.0,0.02,105.0,0.49,39.59,0.59,50.0,0.61,10.0,0.69,50.0,0.79,50.0,0.3,0.3,618.147,1776161088000
1776161089.999,289.999,0.51,39.59,0.41,50.0,0.39,10.0,0.31,50.0,0.21,50.0,0.81,50.0,0.91,50.0,0.94,5.0,0.96,100.0,0.98,105.0,0.19,50.0,0.09,50.0,0.06,5.0,0.04,100.0,0.02,105.0,0.49,39.59,0.59,50.0,0.61,10.0,0.69,50.0,0.79,50.0,0.3,0.3,618.147,1776161089000
1776161091.071,291.071,0.61,42.38,0.51,39.59,0.41,50.0,0.31,50.0,0.27,10.0,0.91,50.0,0.94,5.0,0.98,205.0,0.99,261.09,,,0.19,50.0,0.09,50.0,0.06,5.0,0.04,100.0,0.02,105.0,0.49,39.59,0.59,50.0,0.61,10.0,0.69,50.0,0.79,50.0,0.3,0.3,618.147,1776161089000
1776161091.904,291.904,0.61,34.76,0.51,39.59,0.41,50.0,0.31,50.0,0.27,10.0,0.91,50.0,0.94,5.0,0.98,205.0,0.99,261.09,,,0.09,50.0,0.06,5.0,0.02,205.0,0.01,261.09,,,0.39,34.76,0.49,39.59,0.59,50.0,0.69,50.0,0.73,10.0,0.3,0.3,618.15,1776161090000
1776161092.167,292.167,0.51,39.59,0.41,50.0,0.31,50.0,0.26,10.0,0.21,50.0,0.81,48.77,0.91,50.0,0.94,5.0,0.98,105.0,0.99,261.09,0.09,50.0,0.06,5.0,0.02,205.0,0.01,261.09,,,0.39,34.76,0.49,39.59,0.59,50.0,0.69,50.0,0.73,10.0,0.3,0.3,618.15,1776161090000
1776161092.915,292.915,0.51,39.59,0.41,50.0,0.31,50.0,0.26,10.0,0.21,50.0,0.81,48.77,0.91,50.0,0.94,5.0,0.98,105.0,0.99,261.09,0.19,48.77,0.09,50.0,0.06,5.0,0.02,105.0,0.01,261.09,0.49,39.59,0.59,50.0,0.69,50.0,0.74,10.0,0.79,50.0,0.3,0.3,618.147,1776161091000
1776161093.221,293.221,0.51,39.59,0.41,50.0,0.31,50.0,0.24,10.0,0.21,50.0,0.81,47.54,0.91,50.0,0.94,5.0,0.98,105.0,0.99,261.09,0.19,48.77,0.09,50.0,0.06,5.0,0.02,105.0,0.01,261.09,0.49,39.59,0.59,50.0,0.69,50.0,0.74,10.0,0.79,50.0,0.3,0.3,618.147,1776161091000
1776161093.606,293.606,0.51,39.59,0.41,50.0,0.31,50.0,0.24,10.0,0.21,50.0,0.81,47.54,0.91,50.0,0.94,5.0,0.98,105.0,0.99,261.09,0.19,47.54,0.09,50.0,0.06,5.0,0.02,105.0,0.01,261.09,0.49,39.59,0.59,50.0,0.69,50.0,0.76,10.0,0.79,50.0,0.3,0.3,618.126,1776161092000
1776161094.458,294.458,0.51,39.59,0.41,50.0,0.31,50.0,0.24,10.0,0.21,50.0,0.81,47.54,0.91,50.0,0.94,5.0,0.98,105.0,0.99,261.09,0.19,47.54,0.09,50.0,0.06,5.0,0.02,105.0,0.01,261.09,0.49,39.59,0.59,50.0,0.69,50.0,0.76,10.0,0.79,50.0,0.3,0.3,618.126,1776161093000
1776161095.554,295.554,0.51,39.59,0.41,50.0,0.31,50.0,0.24,10.0,0.21,50.0,0.81,47.54,0.91,50.0,0.94,5.0,0.98,105.0,0.99,261.09,0.19,47.54,0.09,50.0,0.06,5.0,0.02,105.0,0.01,261.09,0.49,39.59,0.59,50.0,0.69,50.0,0.76,10.0,0.79,50.0,0.3,0.3,618.134,1776161094000
1776161096.104,296.104,0.51,39.59,0.41,50.0,0.31,50.0,0.24,10.0,0.21,50.0,0.81,47.54,0.91,50.0,0.94,5.0,0.98,105.0,0.99,261.09,0.19,47.54,0.09,50.0,0.06,5.0,0.02,105.0,0.01,261.09,0.49,39.59,0.59,50.0,0.69,50.0,0.76,10.0,0.79,50.0,0.3,0.3,618.146,1776161095000
1776161097.338,297.338,0.51,39.59,0.41,50.0,0.31,50.0,0.24,10.0,0.21,50.0,0.81,47.54,0.91,50.0,0.94,5.0,0.98,105.0,0.99,261.09,0.19,47.54,0.09,50.0,0.06,5.0,0.02,105.0,0.01,261.09,0.49,39.59,0.59,50.0,0.69,50.0,0.76,10.0,0.79,50.0,0.3,0.3,618.145,1776161096000
1776161097.553,297.553,0.51,39.59,0.41,50.0,0.31,50.0,0.21,50.0,0.11,50.0,0.81,12.21,0.91,50.0,0.94,5.0,0.98,5.0,0.99,161.09,0.19,47.54,0.09,50.0,0.06,5.0,0.02,105.0,0.01,261.09,0.49,39.59,0.59,50.0,0.69,50.0,0.76,10.0,0.79,50.0,0.3,0.3,618.145,1776161096000
1776161097.787,297.787,0.61,31.79,0.51,39.59,0.41,50.0,0.31,50.0,0.21,50.0,0.94,5.0,0.98,5.0,0.99,161.09,,,,,0.09,36.29,0.06,5.0,0.02,5.0,0.01,161.09,,,0.39,50.0,0.49,39.59,0.59,50.0,0.69,50.0,0.79,50.0,0.33,0.3,618.145,1776161096000
1776161098.056,298.056,0.51,6.59,0.41,50.0,0.31,50.0,0.21,50.0,0.11,50.0,0.71,38.85,0.81,50.0,0.91,50.0,0.94,5.0,0.98,5.0,0.06,5.0,0.02,5.0,0.01,161.09,,,,,0.49,6.59,0.59,50.0,0.69,50.0,0.79,50.0,0.89,50.0,0.2,0.43,618.145,1776161096000
1776161098.311,298.311,0.72,20.86,0.41,12.55,0.31,50.0,0.3,36.66,0.21,50.0,0.81,15.34,0.91,50.0,0.94,5.0,0.98,5.0,0.99,174.09,0.19,50.0,0.09,50.0,0.06,5.0,0.02,5.0,0.01,174.09,0.59,12.55,0.69,50.0,0.79,50.0,0.89,50.0,0.98,5.0,0.09,0.4,618.145,1776161097000
1776161099.259,299.259,0.72,20.86,0.41,12.55,0.31,50.0,0.3,36.66,0.21,50.0,0.81,15.34,0.91,50.0,0.94,5.0,0.98,5.0,0.99,174.09,0.19,15.34,0.09,50.0,0.06,5.0,0.02,5.0,0.01,174.09,0.28,20.86,0.59,12.55,0.69,50.0,0.7,36.66,0.79,50.0,0.09,0.09,618.116,1776161098000
1776161100.707,300.707,0.72,10.25,0.5,104.0,0.02,5.0,0.01,179.09,,,0.9,5.0,0.94,5.0,0.98,5.0,0.99,174.09,,,0.1,5.0,0.06,5.0,0.02,5.0,0.01,174.09,,,0.28,10.25,0.5,104.0,0.98,5.0,0.99,179.09,,,0.18,0.18,618.131,1776161099000

# RESULT,winner=Up,slug=bnb-updown-5m-1776160800,ticks=324
