timestamp,elapsed_sec,up_bid_p1,up_bid_s1,up_bid_p2,up_bid_s2,up_ask_p1,up_ask_s1,up_ask_p2,up_ask_s2,down_bid_p1,down_bid_s1,down_bid_p2,down_bid_s2,down_ask_p1,down_ask_s1,down_ask_p2,down_ask_s2,up_spread,down_spread,bnb_price,bnb_oracle_ts
1776226801.44,1.44,0.5,5.0,0.33,300.0,0.67,300.0,0.69,375.0,0.33,300.0,0.31,375.0,0.5,5.0,0.67,300.0,0.17,0.17,615.849516,1776226800000
1776226801.732,1.732,0.5,5.0,0.33,300.0,0.67,300.0,0.69,375.0,0.34,6.0,0.33,300.0,0.5,5.0,0.67,300.0,0.17,0.16,615.849516,1776226800000
1776226802.082,2.082,0.5,5.0,0.33,300.0,0.66,6.0,0.67,300.0,0.34,6.0,0.33,300.0,0.5,5.0,0.67,300.0,0.16,0.16,615.849406,1776226801000
1776226803.208,3.208,0.5,5.0,0.33,300.0,0.66,6.0,0.67,300.0,0.34,6.0,0.33,300.0,0.5,5.0,0.67,300.0,0.16,0.16,615.702005,1776226802000
1776226804.311,4.311,0.5,5.0,0.33,300.0,0.66,6.0,0.67,300.0,0.34,6.0,0.33,300.0,0.5,5.0,0.67,300.0,0.16,0.16,615.63,1776226803000
1776226805.511,5.511,0.5,5.0,0.33,300.0,0.66,6.0,0.67,300.0,0.34,6.0,0.33,300.0,0.5,5.0,0.67,300.0,0.16,0.16,615.611,1776226804000
1776226805.846,5.846,0.27,450.0,0.25,610.0,0.51,55.0,0.6,6.0,0.34,6.0,0.33,300.0,0.5,5.0,0.67,300.0,0.24,0.16,615.611,1776226804000
1776226807.178,7.178,0.27,450.0,0.25,610.0,0.51,55.0,0.6,6.0,0.49,55.0,0.4,6.0,0.73,450.0,0.75,610.0,0.24,0.24,615.551,1776226806000
1776226808.404,8.404,0.27,450.0,0.25,610.0,0.51,55.0,0.6,6.0,0.49,55.0,0.4,6.0,0.73,450.0,0.75,610.0,0.24,0.24,615.551819,1776226807000
1776226808.992,8.992,0.27,450.0,0.25,610.0,0.51,55.0,0.6,6.0,0.49,55.0,0.4,6.0,0.73,450.0,0.75,610.0,0.24,0.24,615.556672,1776226808000
1776226810.158,10.158,0.27,450.0,0.25,610.0,0.51,55.0,0.6,6.0,0.49,55.0,0.4,6.0,0.73,450.0,0.75,610.0,0.24,0.24,615.595,1776226809000
1776226811.318,11.318,0.27,450.0,0.25,610.0,0.51,55.0,0.6,6.0,0.49,55.0,0.4,6.0,0.73,450.0,0.75,610.0,0.24,0.24,615.579189,1776226810000
1776226812.459,12.459,0.27,450.0,0.25,610.0,0.51,55.0,0.6,6.0,0.49,55.0,0.4,6.0,0.73,450.0,0.75,610.0,0.24,0.24,615.585,1776226811000
1776226813.014,13.014,0.27,450.0,0.25,610.0,0.51,55.0,0.6,6.0,0.49,55.0,0.4,6.0,0.73,450.0,0.75,610.0,0.24,0.24,615.568685,1776226812000
1776226814.912,14.912,0.27,450.0,0.25,610.0,0.51,55.0,0.6,6.0,0.49,55.0,0.4,6.0,0.73,450.0,0.75,610.0,0.24,0.24,615.529,1776226813000
1776226815.411,15.411,0.27,450.0,0.25,610.0,0.51,55.0,0.6,6.0,0.49,55.0,0.4,6.0,0.73,450.0,0.75,610.0,0.24,0.24,615.55,1776226814000
1776226815.996,15.996,0.27,450.0,0.25,610.0,0.51,55.0,0.6,6.0,0.49,55.0,0.4,6.0,0.73,450.0,0.75,610.0,0.24,0.24,615.55,1776226815000
1776226817.056,17.056,0.27,450.0,0.25,610.0,0.51,55.0,0.6,6.0,0.49,55.0,0.4,6.0,0.73,450.0,0.75,610.0,0.24,0.24,615.571,1776226816000
1776226818.387,18.387,0.27,450.0,0.25,610.0,0.51,55.0,0.6,6.0,0.49,55.0,0.4,6.0,0.73,450.0,0.75,610.0,0.24,0.24,615.581,1776226817000
1776226818.904,18.904,0.27,450.0,0.25,610.0,0.51,55.0,0.6,6.0,0.49,55.0,0.4,6.0,0.73,450.0,0.75,610.0,0.24,0.24,615.581,1776226818000
1776226819.995,19.995,0.27,450.0,0.25,610.0,0.51,55.0,0.6,6.0,0.49,55.0,0.4,6.0,0.73,450.0,0.75,610.0,0.24,0.24,615.583,1776226819000
1776226821.143,21.143,0.27,450.0,0.25,610.0,0.51,55.0,0.6,6.0,0.49,55.0,0.4,6.0,0.73,450.0,0.75,610.0,0.24,0.24,615.583,1776226820000
1776226822.426,22.426,0.27,450.0,0.25,610.0,0.51,55.0,0.6,6.0,0.49,55.0,0.4,6.0,0.73,450.0,0.75,610.0,0.24,0.24,615.581,1776226821000
1776226822.886,22.886,0.27,450.0,0.25,610.0,0.51,55.0,0.6,6.0,0.49,55.0,0.4,6.0,0.73,450.0,0.75,610.0,0.24,0.24,615.582,1776226822000
1776226824.101,24.101,0.27,450.0,0.25,610.0,0.51,55.0,0.6,6.0,0.49,55.0,0.4,6.0,0.73,450.0,0.75,610.0,0.24,0.24,615.583,1776226823000
1776226825.285,25.285,0.27,450.0,0.25,610.0,0.51,55.0,0.6,6.0,0.49,55.0,0.4,6.0,0.73,450.0,0.75,610.0,0.24,0.24,615.58,1776226824000
1776226826.361,26.361,0.27,450.0,0.25,610.0,0.51,55.0,0.6,6.0,0.49,55.0,0.4,6.0,0.73,450.0,0.75,610.0,0.24,0.24,615.582,1776226825000
1776226826.918,26.918,0.27,450.0,0.25,610.0,0.51,55.0,0.6,6.0,0.49,55.0,0.4,6.0,0.73,450.0,0.75,610.0,0.24,0.24,615.583,1776226826000
1776226828.053,28.053,0.27,450.0,0.25,610.0,0.51,55.0,0.6,6.0,0.49,55.0,0.4,6.0,0.73,450.0,0.75,610.0,0.24,0.24,615.583,1776226827000
1776226829.638,29.638,0.27,450.0,0.25,610.0,0.51,55.0,0.6,6.0,0.49,55.0,0.4,6.0,0.73,450.0,0.75,610.0,0.24,0.24,615.582,1776226828000
1776226830.134,30.134,0.27,450.0,0.25,610.0,0.51,55.0,0.6,6.0,0.49,55.0,0.4,6.0,0.73,450.0,0.75,610.0,0.24,0.24,615.575,1776226829000
1776226831.118,31.118,0.27,450.0,0.25,610.0,0.51,55.0,0.6,6.0,0.49,55.0,0.4,6.0,0.73,450.0,0.75,610.0,0.24,0.24,615.581,1776226830000
1776226832.145,32.145,0.27,450.0,0.25,610.0,0.51,55.0,0.6,6.0,0.49,55.0,0.4,6.0,0.73,450.0,0.75,610.0,0.24,0.24,615.581,1776226831000
1776226833.059,33.059,0.27,450.0,0.25,610.0,0.51,55.0,0.6,6.0,0.49,55.0,0.4,6.0,0.73,450.0,0.75,610.0,0.24,0.24,615.585,1776226832000
1776226834.061,34.061,0.27,450.0,0.25,610.0,0.51,55.0,0.6,6.0,0.49,55.0,0.4,6.0,0.73,450.0,0.75,610.0,0.24,0.24,615.585,1776226833000
1776226835.013,35.013,0.27,450.0,0.25,610.0,0.51,55.0,0.6,6.0,0.49,55.0,0.4,6.0,0.73,450.0,0.75,610.0,0.24,0.24,615.576,1776226834000
1776226836.008,36.008,0.27,450.0,0.25,610.0,0.51,55.0,0.6,6.0,0.49,55.0,0.4,6.0,0.73,450.0,0.75,610.0,0.24,0.24,615.575,1776226835000
1776226836.929,36.929,0.16,17.99,0.15,25.39,0.24,11.0,0.25,10.0,0.49,55.0,0.4,6.0,0.73,450.0,0.75,610.0,0.08,0.24,615.575,1776226835000
1776226838.001,38.001,0.16,17.99,0.15,25.39,0.24,11.0,0.25,10.0,0.76,11.0,0.75,10.0,0.84,17.99,0.85,25.39,0.08,0.08,615.51647,1776226837000
1776226839.047,39.047,0.16,17.99,0.15,25.39,0.24,11.0,0.25,10.0,0.76,11.0,0.75,10.0,0.84,17.99,0.85,25.39,0.08,0.08,615.517,1776226838000
1776226840.022,40.022,0.16,17.99,0.15,25.39,0.24,11.0,0.25,10.0,0.76,11.0,0.75,10.0,0.84,17.99,0.85,25.39,0.08,0.08,615.517,1776226839000
1776226841.016,41.016,0.16,17.99,0.15,25.39,0.24,11.0,0.25,10.0,0.76,11.0,0.75,10.0,0.84,17.99,0.85,25.39,0.08,0.08,615.51,1776226840000
1776226842.874,42.874,0.16,17.99,0.15,25.39,0.24,11.0,0.25,10.0,0.76,11.0,0.75,10.0,0.84,17.99,0.85,25.39,0.08,0.08,615.517,1776226841000
1776226843.382,43.382,0.16,17.99,0.15,25.39,0.24,11.0,0.25,10.0,0.76,11.0,0.75,10.0,0.84,17.99,0.85,25.39,0.08,0.08,615.46441,1776226842000
1776226843.932,43.932,0.16,17.99,0.15,25.39,0.24,11.0,0.25,10.0,0.76,11.0,0.75,10.0,0.84,17.99,0.85,25.39,0.08,0.08,615.46441,1776226843000
1776226845.088,45.088,0.16,17.99,0.15,25.39,0.24,11.0,0.25,10.0,0.76,11.0,0.75,10.0,0.84,17.99,0.85,25.39,0.08,0.08,615.46206,1776226844000
1776226846.211,46.211,0.16,17.99,0.15,25.39,0.24,11.0,0.25,10.0,0.76,11.0,0.75,10.0,0.84,17.99,0.85,25.39,0.08,0.08,615.45874,1776226845000
1776226847.248,47.248,0.16,17.99,0.15,25.39,0.24,11.0,0.25,10.0,0.76,11.0,0.75,10.0,0.84,17.99,0.85,25.39,0.08,0.08,615.44605,1776226846000
1776226847.465,47.465,0.16,19.3,0.15,20.39,0.21,5.0,0.25,5.0,0.76,11.0,0.75,10.0,0.84,17.99,0.85,25.39,0.05,0.08,615.44605,1776226846000
1776226848.3,48.3,0.16,19.3,0.15,20.39,0.21,5.0,0.25,5.0,0.79,5.0,0.75,5.0,0.84,19.3,0.85,20.39,0.05,0.05,615.45574,1776226847000
1776226849.325,49.325,0.16,19.3,0.15,20.39,0.21,5.0,0.25,5.0,0.79,5.0,0.75,5.0,0.84,19.3,0.85,20.39,0.05,0.05,615.45295,1776226848000
1776226849.968,49.968,0.16,19.3,0.15,20.39,0.21,5.0,0.25,5.0,0.79,5.0,0.75,5.0,0.84,19.3,0.85,20.39,0.05,0.05,615.46914,1776226849000
1776226851.07,51.07,0.16,19.3,0.15,20.39,0.21,5.0,0.25,5.0,0.79,5.0,0.75,5.0,0.84,19.3,0.85,20.39,0.05,0.05,615.47025,1776226850000
1776226852.199,52.199,0.16,19.3,0.15,20.39,0.21,5.0,0.25,5.0,0.79,5.0,0.75,5.0,0.84,19.3,0.85,20.39,0.05,0.05,615.58036,1776226851000
1776226853.355,53.355,0.16,19.3,0.15,20.39,0.21,5.0,0.25,5.0,0.79,5.0,0.75,5.0,0.84,19.3,0.85,20.39,0.05,0.05,615.548,1776226852000
1776226853.883,53.883,0.16,19.3,0.15,20.39,0.21,5.0,0.25,5.0,0.79,5.0,0.75,5.0,0.84,19.3,0.85,20.39,0.05,0.05,615.548,1776226853000
1776226854.995,54.995,0.16,19.3,0.15,20.39,0.21,5.0,0.25,5.0,0.79,5.0,0.75,5.0,0.84,19.3,0.85,20.39,0.05,0.05,615.559,1776226854000
1776226856.188,56.188,0.16,19.3,0.15,20.39,0.21,5.0,0.25,5.0,0.79,5.0,0.75,5.0,0.84,19.3,0.85,20.39,0.05,0.05,615.574,1776226855000
1776226857.302,57.302,0.16,19.3,0.15,20.39,0.21,5.0,0.25,5.0,0.79,5.0,0.75,5.0,0.84,19.3,0.85,20.39,0.05,0.05,615.577,1776226856000
1776226857.906,57.906,0.22,15.2,0.21,65.7,0.29,5.0,0.36,5.0,0.71,5.0,0.64,5.0,0.78,15.2,0.79,65.7,0.07,0.07,615.56583,1776226857000
1776226859.342,59.342,0.22,15.2,0.21,65.7,0.29,5.0,0.36,5.0,0.71,5.0,0.64,5.0,0.78,15.2,0.79,65.7,0.07,0.07,615.5737,1776226858000
1776226860.1,60.1,0.22,15.2,0.21,65.7,0.29,5.0,0.36,5.0,0.71,5.0,0.64,5.0,0.78,15.2,0.79,65.7,0.07,0.07,615.56583,1776226859000
1776226861.346,61.346,0.22,15.2,0.21,65.7,0.29,5.0,0.36,5.0,0.71,5.0,0.64,5.0,0.78,15.2,0.79,65.7,0.07,0.07,615.563,1776226860000
1776226861.977,61.977,0.22,15.2,0.21,65.7,0.29,5.0,0.36,5.0,0.71,5.0,0.64,5.0,0.78,15.2,0.79,65.7,0.07,0.07,615.562,1776226861000
1776226863.264,63.264,0.22,15.2,0.21,65.7,0.29,5.0,0.36,5.0,0.71,5.0,0.64,5.0,0.78,15.2,0.79,65.7,0.07,0.07,615.571,1776226862000
1776226864.473,64.473,0.22,15.2,0.21,65.7,0.29,5.0,0.36,5.0,0.71,5.0,0.64,5.0,0.78,15.2,0.79,65.7,0.07,0.07,615.569,1776226863000
1776226865.037,65.037,0.22,15.2,0.21,65.7,0.29,5.0,0.36,5.0,0.71,5.0,0.64,5.0,0.78,15.2,0.79,65.7,0.07,0.07,615.569,1776226864000
1776226866.163,66.163,0.22,15.2,0.21,65.7,0.29,5.0,0.36,5.0,0.71,5.0,0.64,5.0,0.78,15.2,0.79,65.7,0.07,0.07,615.547,1776226865000
1776226867.725,67.725,0.22,15.2,0.21,65.7,0.29,5.0,0.36,5.0,0.71,5.0,0.64,5.0,0.78,15.2,0.79,65.7,0.07,0.07,615.546,1776226866000
1776226868.594,68.594,0.22,15.2,0.21,65.7,0.29,5.0,0.36,5.0,0.71,5.0,0.64,5.0,0.78,15.2,0.79,65.7,0.07,0.07,615.55,1776226867000
1776226869.349,69.349,0.22,15.2,0.21,65.7,0.29,5.0,0.36,5.0,0.71,5.0,0.64,5.0,0.78,15.2,0.79,65.7,0.07,0.07,615.551,1776226868000
1776226870.828,70.828,0.22,15.2,0.21,65.7,0.29,5.0,0.36,5.0,0.71,5.0,0.64,5.0,0.78,15.2,0.79,65.7,0.07,0.07,615.549,1776226869000
1776226871.339,71.339,0.2,14.95,0.19,16.89,0.29,6.0,0.3,5.0,0.71,5.0,0.64,5.0,0.78,15.2,0.79,65.7,0.09,0.07,615.549,1776226869000
1776226871.696,71.696,0.2,14.95,0.19,16.89,0.29,6.0,0.3,5.0,0.71,6.0,0.7,5.0,0.8,14.95,0.81,16.89,0.09,0.09,615.55,1776226870000
1776226872.309,72.309,0.2,14.95,0.19,16.89,0.29,6.0,0.3,5.0,0.71,6.0,0.7,5.0,0.8,14.95,0.81,16.89,0.09,0.09,615.554,1776226871000
1776226873.08,73.08,0.2,14.95,0.19,16.89,0.29,6.0,0.3,5.0,0.71,6.0,0.7,5.0,0.8,14.95,0.81,16.89,0.09,0.09,615.554,1776226872000
1776226874.758,74.758,0.2,14.95,0.19,16.89,0.29,6.0,0.3,5.0,0.71,6.0,0.7,5.0,0.8,14.95,0.81,16.89,0.09,0.09,615.56007,1776226873000
1776226875.234,75.234,0.2,14.95,0.19,16.89,0.29,6.0,0.3,5.0,0.71,6.0,0.7,5.0,0.8,14.95,0.81,16.89,0.09,0.09,615.5565,1776226874000
1776226875.761,75.761,0.19,6.84,0.18,22.6,0.29,11.0,0.32,11.9,0.71,6.0,0.7,5.0,0.8,14.95,0.81,16.89,0.1,0.09,615.5565,1776226874000
1776226876.452,76.452,0.19,6.84,0.18,22.6,0.29,11.0,0.32,11.9,0.71,11.0,0.68,11.9,0.81,6.84,0.82,22.6,0.1,0.1,615.55527,1776226875000
1776226877.018,77.018,0.19,6.84,0.18,22.6,0.29,11.0,0.32,11.9,0.71,11.0,0.68,11.9,0.81,6.84,0.82,22.6,0.1,0.1,615.55458,1776226876000
1776226877.258,77.258,0.18,21.26,0.17,23.39,0.29,11.0,0.32,11.9,0.71,11.0,0.68,11.9,0.81,6.84,0.82,22.6,0.11,0.1,615.55458,1776226876000
1776226878.073,78.073,0.18,21.26,0.17,23.39,0.29,11.0,0.32,11.9,0.71,11.0,0.68,11.9,0.82,21.26,0.83,23.39,0.11,0.11,615.557446,1776226877000
1776226879.2,79.2,0.18,21.26,0.17,23.39,0.29,11.0,0.32,11.9,0.71,11.0,0.68,11.9,0.82,21.26,0.83,23.39,0.11,0.11,615.55717,1776226878000
1776226880.277,80.277,0.18,21.26,0.17,23.39,0.29,11.0,0.32,11.9,0.71,11.0,0.68,11.9,0.82,21.26,0.83,23.39,0.11,0.11,615.56149,1776226879000
1776226881.38,81.38,0.18,21.26,0.17,23.39,0.29,11.0,0.32,11.9,0.71,11.0,0.68,11.9,0.82,21.26,0.83,23.39,0.11,0.11,615.54844,1776226880000
1776226882.46,82.46,0.18,21.26,0.17,23.39,0.29,11.0,0.32,11.9,0.71,11.0,0.68,11.9,0.82,21.26,0.83,23.39,0.11,0.11,615.56221,1776226881000
1776226883.057,83.057,0.18,21.26,0.17,23.39,0.29,11.0,0.32,11.9,0.71,11.0,0.68,11.9,0.82,21.26,0.83,23.39,0.11,0.11,615.56221,1776226882000
1776226884.147,84.147,0.18,21.26,0.17,23.39,0.29,11.0,0.32,11.9,0.71,11.0,0.68,11.9,0.82,21.26,0.83,23.39,0.11,0.11,615.564184,1776226883000
1776226885.285,85.285,0.18,21.26,0.17,23.39,0.29,11.0,0.32,11.9,0.71,11.0,0.68,11.9,0.82,21.26,0.83,23.39,0.11,0.11,615.56442,1776226884000
1776226886.356,86.356,0.18,21.26,0.17,23.39,0.29,11.0,0.32,11.9,0.71,11.0,0.68,11.9,0.82,21.26,0.83,23.39,0.11,0.11,615.58498,1776226885000
1776226886.919,86.919,0.18,21.26,0.17,23.39,0.29,11.0,0.32,11.9,0.71,11.0,0.68,11.9,0.82,21.26,0.83,23.39,0.11,0.11,615.58371,1776226886000
1776226888.166,88.166,0.18,21.26,0.17,23.39,0.29,11.0,0.32,11.9,0.71,11.0,0.68,11.9,0.82,21.26,0.83,23.39,0.11,0.11,615.58799,1776226887000
1776226889.177,89.177,0.18,21.26,0.17,23.39,0.29,11.0,0.32,11.9,0.71,11.0,0.68,11.9,0.82,21.26,0.83,23.39,0.11,0.11,615.58936,1776226888000
1776226890.206,90.206,0.18,21.26,0.17,23.39,0.29,11.0,0.32,11.9,0.71,11.0,0.68,11.9,0.82,21.26,0.83,23.39,0.11,0.11,615.59134,1776226889000
1776226891.273,91.273,0.18,21.26,0.17,23.39,0.29,11.0,0.32,11.9,0.71,11.0,0.68,11.9,0.82,21.26,0.83,23.39,0.11,0.11,615.58393,1776226890000
1776226892.241,92.241,0.18,21.26,0.17,23.39,0.29,11.0,0.32,11.9,0.71,11.0,0.68,11.9,0.82,21.26,0.83,23.39,0.11,0.11,615.59205,1776226891000
1776226893.185,93.185,0.18,21.26,0.17,23.39,0.29,11.0,0.32,11.9,0.71,11.0,0.68,11.9,0.82,21.26,0.83,23.39,0.11,0.11,615.59364,1776226892000
1776226894.15,94.15,0.18,21.26,0.17,23.39,0.29,11.0,0.32,11.9,0.71,11.0,0.68,11.9,0.82,21.26,0.83,23.39,0.11,0.11,615.60424,1776226893000
1776226895.194,95.194,0.18,21.26,0.17,23.39,0.29,11.0,0.32,11.9,0.71,11.0,0.68,11.9,0.82,21.26,0.83,23.39,0.11,0.11,615.60891,1776226894000
1776226896.178,96.178,0.18,21.26,0.17,23.39,0.29,11.0,0.32,11.9,0.71,11.0,0.68,11.9,0.82,21.26,0.83,23.39,0.11,0.11,615.60988,1776226895000
1776226897.253,97.253,0.18,21.26,0.17,23.39,0.29,11.0,0.32,11.9,0.71,11.0,0.68,11.9,0.82,21.26,0.83,23.39,0.11,0.11,615.60988,1776226896000
1776226898.267,98.267,0.18,21.26,0.17,23.39,0.29,11.0,0.32,11.9,0.71,11.0,0.68,11.9,0.82,21.26,0.83,23.39,0.11,0.11,615.61018,1776226897000
1776226899.277,99.277,0.18,21.26,0.17,23.39,0.29,11.0,0.32,11.9,0.71,11.0,0.68,11.9,0.82,21.26,0.83,23.39,0.11,0.11,615.61046,1776226898000
1776226900.3,100.3,0.18,21.26,0.17,23.39,0.29,11.0,0.32,11.9,0.71,11.0,0.68,11.9,0.82,21.26,0.83,23.39,0.11,0.11,615.61052,1776226899000
1776226901.22,101.22,0.18,21.26,0.17,23.39,0.29,11.0,0.32,11.9,0.71,11.0,0.68,11.9,0.82,21.26,0.83,23.39,0.11,0.11,615.60348,1776226900000
1776226902.33,102.33,0.18,21.26,0.17,23.39,0.29,11.0,0.32,11.9,0.71,11.0,0.68,11.9,0.82,21.26,0.83,23.39,0.11,0.11,615.57264,1776226901000
1776226903.39,103.39,0.18,21.26,0.17,23.39,0.29,11.0,0.32,11.9,0.71,11.0,0.68,11.9,0.82,21.26,0.83,23.39,0.11,0.11,615.57257,1776226902000
1776226903.887,103.887,0.18,21.26,0.17,23.39,0.29,11.0,0.32,11.9,0.71,11.0,0.68,11.9,0.82,21.26,0.83,23.39,0.11,0.11,615.57294,1776226903000
1776226904.925,104.925,0.18,21.26,0.17,23.39,0.29,11.0,0.32,11.9,0.71,11.0,0.68,11.9,0.82,21.26,0.83,23.39,0.11,0.11,615.57287,1776226904000
1776226906.026,106.026,0.18,21.26,0.17,23.39,0.29,11.0,0.32,11.9,0.71,11.0,0.68,11.9,0.82,21.26,0.83,23.39,0.11,0.11,615.57362,1776226905000
1776226907.008,107.008,0.18,21.26,0.17,23.39,0.29,11.0,0.32,11.9,0.71,11.0,0.68,11.9,0.82,21.26,0.83,23.39,0.11,0.11,615.59161,1776226906000
1776226907.976,107.976,0.18,21.26,0.17,23.39,0.29,11.0,0.32,11.9,0.71,11.0,0.68,11.9,0.82,21.26,0.83,23.39,0.11,0.11,615.59805,1776226907000
1776226909.056,109.056,0.18,21.26,0.17,23.39,0.29,11.0,0.32,11.9,0.71,11.0,0.68,11.9,0.82,21.26,0.83,23.39,0.11,0.11,615.5897,1776226908000
1776226910.021,110.021,0.18,21.26,0.17,23.39,0.29,11.0,0.32,11.9,0.71,11.0,0.68,11.9,0.82,21.26,0.83,23.39,0.11,0.11,615.57709,1776226909000
1776226911.059,111.059,0.18,21.26,0.17,23.39,0.29,11.0,0.32,11.9,0.71,11.0,0.68,11.9,0.82,21.26,0.83,23.39,0.11,0.11,615.58318,1776226910000
1776226912.161,112.161,0.18,21.26,0.17,23.39,0.29,11.0,0.32,11.9,0.71,11.0,0.68,11.9,0.82,21.26,0.83,23.39,0.11,0.11,615.58366,1776226911000
1776226913.214,113.214,0.18,21.26,0.17,23.39,0.29,11.0,0.32,11.9,0.71,11.0,0.68,11.9,0.82,21.26,0.83,23.39,0.11,0.11,615.58445,1776226912000
1776226914.199,114.199,0.18,21.26,0.17,23.39,0.29,11.0,0.32,11.9,0.71,11.0,0.68,11.9,0.82,21.26,0.83,23.39,0.11,0.11,615.5806,1776226913000
1776226915.84,115.84,0.18,21.26,0.17,23.39,0.29,11.0,0.32,11.9,0.71,11.0,0.68,11.9,0.82,21.26,0.83,23.39,0.11,0.11,615.58264,1776226914000
1776226916.607,116.607,0.18,21.26,0.17,23.39,0.29,11.0,0.32,11.9,0.71,11.0,0.68,11.9,0.82,21.26,0.83,23.39,0.11,0.11,615.58306,1776226915000
1776226917.378,117.378,0.18,21.26,0.17,23.39,0.29,11.0,0.32,11.9,0.71,11.0,0.68,11.9,0.82,21.26,0.83,23.39,0.11,0.11,615.58313,1776226916000
1776226918.66,118.66,0.18,21.26,0.17,23.39,0.29,11.0,0.32,11.9,0.71,11.0,0.68,11.9,0.82,21.26,0.83,23.39,0.11,0.11,615.58226,1776226917000
1776226919.311,119.311,0.18,21.26,0.17,23.39,0.29,11.0,0.32,11.9,0.71,11.0,0.68,11.9,0.82,21.26,0.83,23.39,0.11,0.11,615.58288,1776226918000
1776226920.503,120.503,0.18,21.26,0.17,23.39,0.29,11.0,0.32,11.9,0.71,11.0,0.68,11.9,0.82,21.26,0.83,23.39,0.11,0.11,615.58358,1776226919000
1776226921.1,121.1,0.18,21.26,0.17,23.39,0.29,11.0,0.32,11.9,0.71,11.0,0.68,11.9,0.82,21.26,0.83,23.39,0.11,0.11,615.59352,1776226920000
1776226922.441,122.441,0.18,21.26,0.17,23.39,0.29,11.0,0.32,11.9,0.71,11.0,0.68,11.9,0.82,21.26,0.83,23.39,0.11,0.11,615.60453,1776226921000
1776226923.101,123.101,0.18,21.26,0.17,23.39,0.29,11.0,0.32,11.9,0.71,11.0,0.68,11.9,0.82,21.26,0.83,23.39,0.11,0.11,615.60443,1776226922000
1776226924.4,124.4,0.18,21.26,0.17,23.39,0.29,11.0,0.32,11.9,0.71,11.0,0.68,11.9,0.82,21.26,0.83,23.39,0.11,0.11,615.606,1776226923000
1776226925.034,125.034,0.18,21.26,0.17,23.39,0.29,11.0,0.32,11.9,0.71,11.0,0.68,11.9,0.82,21.26,0.83,23.39,0.11,0.11,615.58827,1776226924000
1776226926.322,126.322,0.18,21.26,0.17,23.39,0.29,11.0,0.32,11.9,0.71,11.0,0.68,11.9,0.82,21.26,0.83,23.39,0.11,0.11,615.551,1776226925000
1776226927.165,127.165,0.18,21.26,0.17,23.39,0.29,11.0,0.32,11.9,0.71,11.0,0.68,11.9,0.82,21.26,0.83,23.39,0.11,0.11,615.551,1776226926000
1776226928.405,128.405,0.18,21.26,0.17,23.39,0.29,11.0,0.32,11.9,0.71,11.0,0.68,11.9,0.82,21.26,0.83,23.39,0.11,0.11,615.548,1776226927000
1776226929.231,129.231,0.18,21.26,0.17,23.39,0.29,11.0,0.32,11.9,0.71,11.0,0.68,11.9,0.82,21.26,0.83,23.39,0.11,0.11,615.548,1776226928000
1776226930.64,130.64,0.18,21.26,0.17,23.39,0.29,11.0,0.32,11.9,0.71,11.0,0.68,11.9,0.82,21.26,0.83,23.39,0.11,0.11,615.552,1776226929000
1776226931.214,131.214,0.18,21.26,0.17,23.39,0.29,11.0,0.32,11.9,0.71,11.0,0.68,11.9,0.82,21.26,0.83,23.39,0.11,0.11,615.55,1776226930000
1776226933.097,133.097,0.18,21.26,0.17,23.39,0.29,11.0,0.32,11.9,0.71,11.0,0.68,11.9,0.82,21.26,0.83,23.39,0.11,0.11,615.547,1776226932000
1776226934.153,134.153,0.18,21.26,0.17,23.39,0.29,11.0,0.32,11.9,0.71,11.0,0.68,11.9,0.82,21.26,0.83,23.39,0.11,0.11,615.548,1776226933000
1776226935.223,135.223,0.18,21.26,0.17,23.39,0.29,11.0,0.32,11.9,0.71,11.0,0.68,11.9,0.82,21.26,0.83,23.39,0.11,0.11,615.499025,1776226934000
1776226936.222,136.222,0.18,21.26,0.17,23.39,0.29,11.0,0.32,11.9,0.71,11.0,0.68,11.9,0.82,21.26,0.83,23.39,0.11,0.11,615.453077,1776226935000
1776226937.241,137.241,0.18,21.26,0.17,23.39,0.29,11.0,0.32,11.9,0.71,11.0,0.68,11.9,0.82,21.26,0.83,23.39,0.11,0.11,615.453608,1776226936000
1776226938.104,138.104,0.08,55.01,0.07,39.9,0.16,19.3,0.17,30.39,0.71,11.0,0.68,11.9,0.82,21.26,0.83,23.39,0.08,0.11,615.453608,1776226936000
1776226938.322,138.322,0.08,55.01,0.07,39.9,0.16,19.3,0.17,30.39,0.84,19.3,0.83,30.39,0.92,55.01,0.93,39.9,0.08,0.08,615.453608,1776226937000
1776226939.506,139.506,0.08,55.01,0.07,39.9,0.16,19.3,0.17,30.39,0.84,19.3,0.83,30.39,0.92,55.01,0.93,39.9,0.08,0.08,615.442,1776226938000
1776226939.97,139.97,0.08,55.01,0.07,39.9,0.16,19.3,0.17,30.39,0.84,19.3,0.83,30.39,0.92,55.01,0.93,39.9,0.08,0.08,615.442,1776226939000
1776226941.078,141.078,0.08,55.01,0.07,39.9,0.16,19.3,0.17,30.39,0.84,19.3,0.83,30.39,0.92,55.01,0.93,39.9,0.08,0.08,615.455,1776226940000
1776226942.2,142.2,0.08,55.01,0.07,39.9,0.16,19.3,0.17,30.39,0.84,19.3,0.83,30.39,0.92,55.01,0.93,39.9,0.08,0.08,615.456,1776226941000
1776226943.281,143.281,0.08,55.01,0.07,39.9,0.16,19.3,0.17,30.39,0.84,19.3,0.83,30.39,0.92,55.01,0.93,39.9,0.08,0.08,615.462,1776226942000
1776226944.311,144.311,0.08,55.01,0.07,39.9,0.16,19.3,0.17,30.39,0.84,19.3,0.83,30.39,0.92,55.01,0.93,39.9,0.08,0.08,615.47,1776226943000
1776226944.842,144.842,0.08,55.01,0.07,39.9,0.16,19.3,0.17,30.39,0.84,19.3,0.83,30.39,0.92,55.01,0.93,39.9,0.08,0.08,615.47,1776226944000
1776226945.973,145.973,0.08,55.01,0.07,39.9,0.16,19.3,0.17,30.39,0.84,19.3,0.83,30.39,0.92,55.01,0.93,39.9,0.08,0.08,615.471,1776226945000
1776226947.055,147.055,0.08,55.01,0.07,39.9,0.16,19.3,0.17,30.39,0.84,19.3,0.83,30.39,0.92,55.01,0.93,39.9,0.08,0.08,615.471,1776226946000
1776226947.978,147.978,0.08,55.01,0.07,39.9,0.16,19.3,0.17,30.39,0.84,19.3,0.83,30.39,0.92,55.01,0.93,39.9,0.08,0.08,615.471,1776226947000
1776226949.115,149.115,0.08,55.01,0.07,39.9,0.16,19.3,0.17,30.39,0.84,19.3,0.83,30.39,0.92,55.01,0.93,39.9,0.08,0.08,615.47,1776226948000
1776226950.107,150.107,0.08,55.01,0.07,39.9,0.16,19.3,0.17,30.39,0.84,19.3,0.83,30.39,0.92,55.01,0.93,39.9,0.08,0.08,615.526,1776226949000
1776226951.134,151.134,0.08,55.01,0.07,39.9,0.16,19.3,0.17,30.39,0.84,19.3,0.83,30.39,0.92,55.01,0.93,39.9,0.08,0.08,615.526,1776226950000
1776226952.188,152.188,0.08,55.01,0.07,39.9,0.16,19.3,0.17,30.39,0.84,19.3,0.83,30.39,0.92,55.01,0.93,39.9,0.08,0.08,615.537,1776226951000
1776226953.156,153.156,0.08,55.01,0.07,39.9,0.16,19.3,0.17,30.39,0.84,19.3,0.83,30.39,0.92,55.01,0.93,39.9,0.08,0.08,615.53,1776226952000
1776226954.176,154.176,0.08,55.01,0.07,39.9,0.16,19.3,0.17,30.39,0.84,19.3,0.83,30.39,0.92,55.01,0.93,39.9,0.08,0.08,615.53,1776226953000
1776226954.958,154.958,0.11,48.87,0.08,35.29,0.16,19.3,0.17,18.39,0.84,19.3,0.83,30.39,0.92,55.01,0.93,39.9,0.05,0.08,615.53,1776226953000
1776226955.236,155.236,0.11,48.87,0.08,35.29,0.16,19.3,0.17,18.39,0.84,19.3,0.83,18.39,0.89,48.87,0.92,35.29,0.05,0.05,615.534,1776226954000
1776226956.304,156.304,0.11,48.87,0.08,35.29,0.16,19.3,0.17,18.39,0.84,19.3,0.83,18.39,0.89,48.87,0.92,35.29,0.05,0.05,615.534,1776226955000
1776226957.324,157.324,0.11,48.87,0.08,35.29,0.16,19.3,0.17,18.39,0.84,19.3,0.83,18.39,0.89,48.87,0.92,35.29,0.05,0.05,615.542,1776226956000
1776226958.432,158.432,0.11,48.87,0.08,35.29,0.16,19.3,0.17,18.39,0.84,19.3,0.83,18.39,0.89,48.87,0.92,35.29,0.05,0.05,615.543,1776226957000
1776226958.741,158.741,0.09,3.91,0.08,35.29,0.16,19.3,0.17,18.39,0.84,19.3,0.83,18.39,0.89,48.87,0.92,35.29,0.07,0.05,615.543,1776226957000
1776226960.744,160.744,0.09,3.91,0.08,35.29,0.16,19.3,0.17,18.39,0.84,19.3,0.83,18.39,0.91,3.91,0.92,35.29,0.07,0.07,615.547,1776226959000
1776226961.242,161.242,0.09,3.91,0.08,35.29,0.16,19.3,0.17,18.39,0.84,19.3,0.83,18.39,0.91,3.91,0.92,35.29,0.07,0.07,615.54,1776226960000
1776226961.875,161.875,0.09,3.91,0.08,35.29,0.16,19.3,0.17,18.39,0.84,19.3,0.83,18.39,0.91,3.91,0.92,35.29,0.07,0.07,615.54,1776226961000
1776226963.047,163.047,0.09,3.91,0.08,35.29,0.16,19.3,0.17,18.39,0.84,19.3,0.83,18.39,0.91,3.91,0.92,35.29,0.07,0.07,615.542,1776226962000
1776226964.155,164.155,0.09,3.91,0.08,35.29,0.16,19.3,0.17,18.39,0.84,19.3,0.83,18.39,0.91,3.91,0.92,35.29,0.07,0.07,615.54,1776226963000
1776226965.23,165.23,0.09,3.91,0.08,35.29,0.16,19.3,0.17,18.39,0.84,19.3,0.83,18.39,0.91,3.91,0.92,35.29,0.07,0.07,615.539,1776226964000
1776226966.268,166.268,0.09,3.91,0.08,35.29,0.16,19.3,0.17,18.39,0.84,19.3,0.83,18.39,0.91,3.91,0.92,35.29,0.07,0.07,615.545,1776226965000
1776226967.375,167.375,0.09,3.91,0.08,35.29,0.16,19.3,0.17,18.39,0.84,19.3,0.83,18.39,0.91,3.91,0.92,35.29,0.07,0.07,615.546,1776226966000
1776226967.946,167.946,0.09,3.91,0.08,35.29,0.16,19.3,0.17,18.39,0.84,19.3,0.83,18.39,0.91,3.91,0.92,35.29,0.07,0.07,615.546,1776226967000
1776226968.43,168.43,0.08,31.99,0.07,39.9,0.16,19.3,0.17,18.39,0.84,19.3,0.83,18.39,0.91,3.91,0.92,35.29,0.08,0.07,615.546,1776226967000
1776226969.035,169.035,0.08,31.99,0.07,39.9,0.16,19.3,0.17,18.39,0.84,19.3,0.83,18.39,0.92,31.99,0.93,39.9,0.08,0.08,615.548,1776226968000
1776226970.211,170.211,0.08,31.99,0.07,39.9,0.16,19.3,0.17,18.39,0.84,19.3,0.83,18.39,0.92,31.99,0.93,39.9,0.08,0.08,615.547,1776226969000
1776226971.287,171.287,0.08,31.99,0.07,39.9,0.16,19.3,0.17,18.39,0.84,19.3,0.83,18.39,0.92,31.99,0.93,39.9,0.08,0.08,615.545,1776226970000
1776226972.436,172.436,0.08,31.99,0.07,39.9,0.16,19.3,0.17,18.39,0.84,19.3,0.83,18.39,0.92,31.99,0.93,39.9,0.08,0.08,615.541,1776226971000
1776226973.061,173.061,0.08,31.99,0.07,39.9,0.16,19.3,0.17,18.39,0.84,19.3,0.83,18.39,0.92,31.99,0.93,39.9,0.08,0.08,615.541,1776226972000
1776226974.161,174.161,0.08,31.99,0.07,39.9,0.16,19.3,0.17,18.39,0.84,19.3,0.83,18.39,0.92,31.99,0.93,39.9,0.08,0.08,615.54,1776226973000
1776226975.186,175.186,0.08,31.99,0.07,39.9,0.16,19.3,0.17,18.39,0.84,19.3,0.83,18.39,0.92,31.99,0.93,39.9,0.08,0.08,615.545,1776226974000
1776226976.216,176.216,0.08,31.99,0.07,39.9,0.16,19.3,0.17,18.39,0.84,19.3,0.83,18.39,0.92,31.99,0.93,39.9,0.08,0.08,615.551,1776226975000
1776226977.188,177.188,0.08,31.99,0.07,39.9,0.16,19.3,0.17,18.39,0.84,19.3,0.83,18.39,0.92,31.99,0.93,39.9,0.08,0.08,615.549,1776226976000
1776226978.089,178.089,0.08,31.99,0.07,39.9,0.16,19.3,0.17,18.39,0.84,19.3,0.83,18.39,0.92,31.99,0.93,39.9,0.08,0.08,615.555,1776226977000
1776226979.121,179.121,0.08,31.99,0.07,39.9,0.16,19.3,0.17,18.39,0.84,19.3,0.83,18.39,0.92,31.99,0.93,39.9,0.08,0.08,615.557,1776226978000
1776226980.151,180.151,0.08,31.99,0.07,39.9,0.16,19.3,0.17,18.39,0.84,19.3,0.83,18.39,0.92,31.99,0.93,39.9,0.08,0.08,615.558,1776226979000
1776226981.116,181.116,0.08,31.99,0.07,39.9,0.16,19.3,0.17,18.39,0.84,19.3,0.83,18.39,0.92,31.99,0.93,39.9,0.08,0.08,615.558,1776226980000
1776226982.01,182.01,0.08,31.99,0.07,39.9,0.16,19.3,0.17,18.39,0.84,19.3,0.83,18.39,0.92,31.99,0.93,39.9,0.08,0.08,615.564,1776226981000
1776226983.037,183.037,0.08,31.99,0.07,39.9,0.16,19.3,0.17,18.39,0.84,19.3,0.83,18.39,0.92,31.99,0.93,39.9,0.08,0.08,615.564,1776226982000
1776226984.037,184.037,0.08,31.99,0.07,39.9,0.16,19.3,0.17,18.39,0.84,19.3,0.83,18.39,0.92,31.99,0.93,39.9,0.08,0.08,615.553,1776226983000
1776226985.11,185.11,0.08,31.99,0.07,39.9,0.16,19.3,0.17,18.39,0.84,19.3,0.83,18.39,0.92,31.99,0.93,39.9,0.08,0.08,615.54601,1776226984000
1776226986.131,186.131,0.08,31.99,0.07,39.9,0.16,19.3,0.17,18.39,0.84,19.3,0.83,18.39,0.92,31.99,0.93,39.9,0.08,0.08,615.553,1776226985000
1776226987.091,187.091,0.08,31.99,0.07,39.9,0.16,19.3,0.17,18.39,0.84,19.3,0.83,18.39,0.92,31.99,0.93,39.9,0.08,0.08,615.55633,1776226986000
1776226988.609,188.609,0.08,31.99,0.07,39.9,0.16,19.3,0.17,18.39,0.84,19.3,0.83,18.39,0.92,31.99,0.93,39.9,0.08,0.08,615.54295,1776226987000
1776226989.357,189.357,0.08,31.99,0.07,39.9,0.16,19.3,0.17,18.39,0.84,19.3,0.83,18.39,0.92,31.99,0.93,39.9,0.08,0.08,615.54295,1776226988000
1776226989.876,189.876,0.11,48.31,0.1,28.9,0.18,6.0,0.19,10.0,0.84,19.3,0.83,18.39,0.92,31.99,0.93,39.9,0.07,0.08,615.54295,1776226988000
1776226990.185,190.185,0.11,48.31,0.1,28.9,0.18,6.0,0.19,10.0,0.82,6.0,0.81,10.0,0.89,48.31,0.9,28.9,0.07,0.07,615.549,1776226989000
1776226991.462,191.462,0.11,48.31,0.1,28.9,0.18,6.0,0.19,10.0,0.82,6.0,0.81,10.0,0.89,48.31,0.9,28.9,0.07,0.07,615.557584,1776226990000
1776226992.471,192.471,0.11,48.31,0.1,28.9,0.18,6.0,0.19,10.0,0.82,6.0,0.81,10.0,0.89,48.31,0.9,28.9,0.07,0.07,615.554,1776226991000
1776226993.094,193.094,0.11,48.31,0.1,28.9,0.18,6.0,0.19,10.0,0.82,6.0,0.81,10.0,0.89,48.31,0.9,28.9,0.07,0.07,615.552,1776226992000
1776226994.279,194.279,0.11,48.31,0.1,28.9,0.18,6.0,0.19,10.0,0.82,6.0,0.81,10.0,0.89,48.31,0.9,28.9,0.07,0.07,615.546,1776226993000
1776226994.969,194.969,0.11,48.31,0.1,28.9,0.18,6.0,0.19,10.0,0.82,6.0,0.81,10.0,0.89,48.31,0.9,28.9,0.07,0.07,615.546,1776226994000
1776226996.119,196.119,0.11,48.31,0.1,28.9,0.18,6.0,0.19,10.0,0.82,6.0,0.81,10.0,0.89,48.31,0.9,28.9,0.07,0.07,615.554,1776226995000
1776226997.258,197.258,0.12,7.53,0.11,74.91,0.18,6.0,0.22,10.0,0.82,6.0,0.78,10.0,0.88,7.53,0.89,74.91,0.06,0.06,615.579,1776226996000
1776226998.481,198.481,0.12,7.53,0.11,74.91,0.18,6.0,0.22,10.0,0.82,6.0,0.78,10.0,0.88,7.53,0.89,74.91,0.06,0.06,615.576,1776226997000
1776226999.093,199.093,0.12,7.53,0.11,74.91,0.18,6.0,0.22,10.0,0.82,6.0,0.78,10.0,0.88,7.53,0.89,74.91,0.06,0.06,615.576752,1776226998000
1776227000.275,200.275,0.12,7.53,0.11,74.91,0.18,6.0,0.22,10.0,0.82,6.0,0.78,10.0,0.88,7.53,0.89,74.91,0.06,0.06,615.56092,1776226999000
1776227000.892,200.892,0.12,7.53,0.11,74.91,0.18,6.0,0.22,10.0,0.82,6.0,0.78,10.0,0.88,7.53,0.89,74.91,0.06,0.06,615.56092,1776227000000
1776227002.179,202.179,0.12,7.53,0.11,74.91,0.18,6.0,0.22,10.0,0.82,6.0,0.78,10.0,0.88,7.53,0.89,74.91,0.06,0.06,615.58,1776227001000
1776227003.264,203.264,0.12,7.53,0.11,74.91,0.18,6.0,0.22,10.0,0.82,6.0,0.78,10.0,0.88,7.53,0.89,74.91,0.06,0.06,615.576,1776227002000
1776227004.245,204.245,0.12,7.53,0.11,74.91,0.18,6.0,0.22,10.0,0.82,6.0,0.78,10.0,0.88,7.53,0.89,74.91,0.06,0.06,615.576,1776227003000
1776227005.185,205.185,0.12,7.53,0.11,74.91,0.18,6.0,0.22,10.0,0.82,6.0,0.78,10.0,0.88,7.53,0.89,74.91,0.06,0.06,615.575,1776227004000
1776227006.248,206.248,0.12,7.53,0.11,74.91,0.18,6.0,0.22,10.0,0.82,6.0,0.78,10.0,0.88,7.53,0.89,74.91,0.06,0.06,615.577,1776227005000
1776227007.529,207.529,0.12,7.53,0.11,74.91,0.18,6.0,0.22,10.0,0.82,6.0,0.78,10.0,0.88,7.53,0.89,74.91,0.06,0.06,615.576,1776227006000
1776227008.123,208.123,0.12,7.53,0.11,74.91,0.18,6.0,0.22,10.0,0.82,6.0,0.78,10.0,0.88,7.53,0.89,74.91,0.06,0.06,615.576,1776227007000
1776227009.22,209.22,0.12,7.53,0.11,74.91,0.18,6.0,0.22,10.0,0.82,6.0,0.78,10.0,0.88,7.53,0.89,74.91,0.06,0.06,615.577,1776227008000
1776227010.357,210.357,0.12,7.53,0.11,74.91,0.18,6.0,0.22,10.0,0.82,6.0,0.78,10.0,0.88,7.53,0.89,74.91,0.06,0.06,615.577,1776227009000
1776227010.939,210.939,0.12,7.53,0.11,74.91,0.18,6.0,0.22,10.0,0.82,6.0,0.78,10.0,0.88,7.53,0.89,74.91,0.06,0.06,615.577,1776227010000
1776227012.047,212.047,0.12,7.53,0.11,74.91,0.18,6.0,0.22,10.0,0.82,6.0,0.78,10.0,0.88,7.53,0.89,74.91,0.06,0.06,615.57604,1776227011000
1776227013.131,213.131,0.12,7.53,0.11,74.91,0.18,6.0,0.22,10.0,0.82,6.0,0.78,10.0,0.88,7.53,0.89,74.91,0.06,0.06,615.569,1776227012000
1776227014.333,214.333,0.12,7.53,0.11,74.91,0.18,6.0,0.22,10.0,0.82,6.0,0.78,10.0,0.88,7.53,0.89,74.91,0.06,0.06,615.574,1776227013000
1776227015.703,215.703,0.12,7.53,0.11,74.91,0.18,6.0,0.22,10.0,0.82,6.0,0.78,10.0,0.88,7.53,0.89,74.91,0.06,0.06,615.569836,1776227014000
1776227016.231,216.231,0.12,7.53,0.11,74.91,0.18,6.0,0.22,10.0,0.82,6.0,0.78,10.0,0.88,7.53,0.89,74.91,0.06,0.06,615.570399,1776227015000
1776227017.422,217.422,0.12,7.53,0.11,74.91,0.18,6.0,0.22,10.0,0.82,6.0,0.78,10.0,0.88,7.53,0.89,74.91,0.06,0.06,615.575,1776227016000
1776227018.022,218.022,0.12,7.53,0.11,74.91,0.18,6.0,0.22,10.0,0.82,6.0,0.78,10.0,0.88,7.53,0.89,74.91,0.06,0.06,615.575,1776227017000
1776227019.202,219.202,0.12,7.53,0.11,74.91,0.18,6.0,0.22,10.0,0.82,6.0,0.78,10.0,0.88,7.53,0.89,74.91,0.06,0.06,615.592,1776227018000
1776227020.123,220.123,0.12,7.53,0.11,74.91,0.18,6.0,0.22,10.0,0.82,6.0,0.78,10.0,0.88,7.53,0.89,74.91,0.06,0.06,615.588,1776227019000
1776227021.105,221.105,0.12,7.53,0.11,74.91,0.18,6.0,0.22,10.0,0.82,6.0,0.78,10.0,0.88,7.53,0.89,74.91,0.06,0.06,615.588,1776227020000
1776227022.055,222.055,0.12,7.53,0.11,74.91,0.18,6.0,0.22,10.0,0.82,6.0,0.78,10.0,0.88,7.53,0.89,74.91,0.06,0.06,615.567,1776227021000
1776227023.017,223.017,0.12,7.53,0.11,74.91,0.18,6.0,0.22,10.0,0.82,6.0,0.78,10.0,0.88,7.53,0.89,74.91,0.06,0.06,615.567,1776227022000
1776227023.958,223.958,0.12,7.53,0.11,74.91,0.18,6.0,0.22,10.0,0.82,6.0,0.78,10.0,0.88,7.53,0.89,74.91,0.06,0.06,615.539,1776227023000
1776227024.19,224.19,0.08,35.29,0.07,39.9,0.17,24.39,0.18,17.6,0.82,6.0,0.78,10.0,0.88,7.53,0.89,74.91,0.09,0.06,615.539,1776227023000
1776227024.925,224.925,0.08,35.29,0.07,39.9,0.17,24.39,0.18,17.6,0.83,24.39,0.82,17.6,0.92,35.29,0.93,39.9,0.09,0.09,615.534142,1776227024000
1776227025.885,225.885,0.08,35.29,0.07,39.9,0.17,24.39,0.18,17.6,0.83,24.39,0.82,17.6,0.92,35.29,0.93,39.9,0.09,0.09,615.534142,1776227025000
1776227026.837,226.837,0.08,35.29,0.07,39.9,0.17,24.39,0.18,17.6,0.83,24.39,0.82,17.6,0.92,35.29,0.93,39.9,0.09,0.09,615.529,1776227026000
1776227027.911,227.911,0.08,35.29,0.07,39.9,0.17,24.39,0.18,17.6,0.83,24.39,0.82,17.6,0.92,35.29,0.93,39.9,0.09,0.09,615.529,1776227027000
1776227028.884,228.884,0.08,35.29,0.07,39.9,0.17,24.39,0.18,17.6,0.83,24.39,0.82,17.6,0.92,35.29,0.93,39.9,0.09,0.09,615.529,1776227028000
1776227029.9,229.9,0.08,35.29,0.07,39.9,0.17,24.39,0.18,17.6,0.83,24.39,0.82,17.6,0.92,35.29,0.93,39.9,0.09,0.09,615.525,1776227029000
1776227030.926,230.926,0.08,35.29,0.07,39.9,0.17,24.39,0.18,17.6,0.83,24.39,0.82,17.6,0.92,35.29,0.93,39.9,0.09,0.09,615.524,1776227030000
1776227031.892,231.892,0.08,35.29,0.07,39.9,0.17,24.39,0.18,17.6,0.83,24.39,0.82,17.6,0.92,35.29,0.93,39.9,0.09,0.09,615.527619,1776227031000
1776227033.543,233.543,0.05,49.43,0.04,72.7,0.11,26.6,0.12,24.6,0.89,26.6,0.88,24.6,0.95,49.43,0.96,72.7,0.06,0.06,615.527505,1776227032000
1776227034.185,234.185,0.05,49.43,0.04,72.7,0.11,26.6,0.12,24.6,0.89,26.6,0.88,24.6,0.95,49.43,0.96,72.7,0.06,0.06,615.527505,1776227033000
1776227035.527,235.527,0.05,49.43,0.04,72.7,0.11,26.6,0.12,24.6,0.89,26.6,0.88,24.6,0.95,49.43,0.96,72.7,0.06,0.06,615.528,1776227034000
1776227036.08,236.08,0.05,49.43,0.04,72.7,0.11,26.6,0.12,24.6,0.89,26.6,0.88,24.6,0.95,49.43,0.96,72.7,0.06,0.06,615.528,1776227035000
1776227037.636,237.636,0.05,49.43,0.04,72.7,0.11,26.6,0.12,24.6,0.89,26.6,0.88,24.6,0.95,49.43,0.96,72.7,0.06,0.06,615.525729,1776227036000
1776227038.159,238.159,0.05,49.43,0.04,72.7,0.11,26.6,0.12,24.6,0.89,26.6,0.88,24.6,0.95,49.43,0.96,72.7,0.06,0.06,615.525729,1776227037000
1776227039.514,239.514,0.05,49.43,0.04,72.7,0.11,26.6,0.12,24.6,0.89,26.6,0.88,24.6,0.95,49.43,0.96,72.7,0.06,0.06,615.525728,1776227038000
1776227040.239,240.239,0.05,49.43,0.04,72.7,0.11,26.6,0.12,24.6,0.89,26.6,0.88,24.6,0.95,49.43,0.96,72.7,0.06,0.06,615.519495,1776227039000
1776227041.754,241.754,0.05,49.43,0.04,72.7,0.11,26.6,0.12,24.6,0.89,26.6,0.88,24.6,0.95,49.43,0.96,72.7,0.06,0.06,615.528,1776227040000
1776227042.56,242.56,0.05,49.43,0.04,72.7,0.11,26.6,0.12,24.6,0.89,26.6,0.88,24.6,0.95,49.43,0.96,72.7,0.06,0.06,615.526,1776227041000
1776227043.266,243.266,0.05,49.43,0.04,72.7,0.11,26.6,0.12,24.6,0.89,26.6,0.88,24.6,0.95,49.43,0.96,72.7,0.06,0.06,615.526,1776227042000
1776227044.577,244.577,0.05,49.43,0.04,72.7,0.11,26.6,0.12,24.6,0.89,26.6,0.88,24.6,0.95,49.43,0.96,72.7,0.06,0.06,615.475658,1776227043000
1776227045.311,245.311,0.05,49.43,0.04,72.7,0.11,26.6,0.12,24.6,0.89,26.6,0.88,24.6,0.95,49.43,0.96,72.7,0.06,0.06,615.486,1776227044000
1776227046.145,246.145,0.02,10.0,0.01,5395.0,0.05,59.7,0.06,46.1,0.89,26.6,0.88,24.6,0.95,49.43,0.96,72.7,0.03,0.06,615.486,1776227044000
1776227046.684,246.684,0.02,10.0,0.01,5395.0,0.05,59.7,0.06,46.1,0.95,59.7,0.94,46.1,0.98,10.0,0.99,5395.0,0.03,0.03,615.494,1776227045000
1776227047.34,247.34,0.02,10.0,0.01,5395.0,0.05,59.7,0.06,46.1,0.95,59.7,0.94,46.1,0.98,10.0,0.99,5395.0,0.03,0.03,615.494,1776227046000
1776227048.011,248.011,0.01,5385.0,,,0.03,94.3,0.04,72.7,0.95,59.7,0.94,46.1,0.98,10.0,0.99,5395.0,0.02,0.03,615.494,1776227046000
1776227048.26,248.26,0.01,5385.0,,,0.03,94.3,0.04,72.7,0.97,94.3,0.96,72.7,0.99,5385.0,,,0.02,0.02,615.492,1776227047000
1776227048.746,248.746,0.01,5385.0,,,0.04,72.7,0.05,59.7,0.97,94.3,0.96,72.7,0.99,5385.0,,,0.03,0.02,615.492,1776227047000
1776227049.528,249.528,0.01,5385.0,,,0.04,72.7,0.05,59.7,0.96,72.7,0.95,59.7,0.99,5385.0,,,0.03,0.03,615.484,1776227048000
1776227050.696,250.696,0.01,5385.0,,,0.04,72.7,0.05,59.7,0.96,72.7,0.95,59.7,0.99,5385.0,,,0.03,0.03,615.484,1776227049000
1776227051.312,251.312,0.01,5385.0,,,0.04,72.7,0.05,59.7,0.96,72.7,0.95,59.7,0.99,5385.0,,,0.03,0.03,615.484,1776227050000
1776227051.877,251.877,0.01,5385.0,,,0.04,72.7,0.05,59.7,0.96,72.7,0.95,59.7,0.99,5385.0,,,0.03,0.03,615.484,1776227051000
1776227053.059,253.059,0.01,5385.0,,,0.04,72.7,0.05,59.7,0.96,72.7,0.95,59.7,0.99,5385.0,,,0.03,0.03,615.481528,1776227052000
1776227054.218,254.218,0.01,5385.0,,,0.04,72.7,0.05,59.7,0.96,72.7,0.95,59.7,0.99,5385.0,,,0.03,0.03,615.495,1776227053000
1776227056.332,256.332,0.01,5385.0,,,0.04,72.7,0.05,59.7,0.96,72.7,0.95,59.7,0.99,5385.0,,,0.03,0.03,615.519,1776227055000
1776227057.55,257.55,0.01,5385.0,,,0.04,72.7,0.05,59.7,0.96,72.7,0.95,59.7,0.99,5385.0,,,0.03,0.03,615.534,1776227056000
1776227057.976,257.976,0.01,5385.0,,,0.04,72.7,0.05,59.7,0.96,72.7,0.95,59.7,0.99,5385.0,,,0.03,0.03,615.532,1776227057000
1776227058.868,258.868,0.01,5235.0,,,0.06,32.76,0.07,39.9,0.96,72.7,0.95,59.7,0.99,5385.0,,,0.05,0.03,615.532,1776227057000
1776227060.192,260.192,0.01,5235.0,,,0.06,32.76,0.07,39.9,0.94,32.76,0.93,39.9,0.99,5235.0,,,0.05,0.05,615.534,1776227059000
1776227061.28,261.28,0.01,5235.0,,,0.06,32.76,0.07,39.9,0.94,32.76,0.93,39.9,0.99,5235.0,,,0.05,0.05,615.541,1776227060000
1776227061.72,261.72,0.01,230.0,,,0.04,5.0,0.05,54.7,0.94,32.76,0.93,39.9,0.99,5235.0,,,0.03,0.05,615.541,1776227060000
1776227062.488,262.488,0.01,230.0,,,0.04,5.0,0.05,54.7,0.96,5.0,0.95,54.7,0.99,230.0,,,0.03,0.03,615.543,1776227061000
1776227063.05,263.05,0.01,230.0,,,0.04,5.0,0.05,54.7,0.96,5.0,0.95,54.7,0.99,230.0,,,0.03,0.03,615.543,1776227062000
1776227064.122,264.122,0.01,230.0,,,0.04,5.0,0.05,54.7,0.96,5.0,0.95,54.7,0.99,230.0,,,0.03,0.03,615.539,1776227063000
1776227065.144,265.144,0.01,230.0,,,0.04,5.0,0.05,54.7,0.96,5.0,0.95,54.7,0.99,230.0,,,0.03,0.03,615.546,1776227064000
1776227066.803,266.803,0.01,230.0,,,0.04,5.0,0.05,54.7,0.96,5.0,0.95,54.7,0.99,230.0,,,0.03,0.03,615.545,1776227065000
1776227067.398,267.398,0.01,230.0,,,0.04,5.0,0.05,54.7,0.96,5.0,0.95,54.7,0.99,230.0,,,0.03,0.03,615.544,1776227066000
1776227068.097,268.097,0.01,230.0,,,0.04,5.0,0.05,54.7,0.96,5.0,0.95,54.7,0.99,230.0,,,0.03,0.03,615.545,1776227067000
1776227069.389,269.389,0.01,230.0,,,0.04,5.0,0.05,54.7,0.96,5.0,0.95,54.7,0.99,230.0,,,0.03,0.03,615.546,1776227068000
1776227070.003,270.003,0.01,230.0,,,0.04,5.0,0.05,54.7,0.96,5.0,0.95,54.7,0.99,230.0,,,0.03,0.03,615.546,1776227069000
1776227071.19,271.19,0.01,230.0,,,0.04,5.0,0.05,54.7,0.96,5.0,0.95,54.7,0.99,230.0,,,0.03,0.03,615.582,1776227070000
1776227072.84,272.84,0.01,230.0,,,0.04,5.0,0.05,54.7,0.96,5.0,0.95,54.7,0.99,230.0,,,0.03,0.03,615.575,1776227071000
1776227073.474,273.474,0.01,230.0,,,0.04,5.0,0.05,54.7,0.96,5.0,0.95,54.7,0.99,230.0,,,0.03,0.03,615.57012,1776227072000
1776227074.288,274.288,0.01,230.0,,,0.04,5.0,0.05,54.7,0.96,5.0,0.95,54.7,0.99,230.0,,,0.03,0.03,615.570003,1776227073000
1776227075.681,275.681,0.01,230.0,,,0.04,5.0,0.05,54.7,0.96,5.0,0.95,54.7,0.99,230.0,,,0.03,0.03,615.588,1776227074000
1776227076.434,276.434,0.01,230.0,,,0.04,5.0,0.05,54.7,0.96,5.0,0.95,54.7,0.99,230.0,,,0.03,0.03,615.588,1776227075000
1776227076.96,276.96,0.01,230.0,,,0.04,5.0,0.05,54.7,0.96,5.0,0.95,54.7,0.99,230.0,,,0.03,0.03,615.581291,1776227076000
1776227078.371,278.371,0.01,230.0,,,0.04,5.0,0.05,54.7,0.96,5.0,0.95,54.7,0.99,230.0,,,0.03,0.03,615.587,1776227077000
1776227078.913,278.913,0.01,230.0,,,0.04,5.0,0.05,54.7,0.96,5.0,0.95,54.7,0.99,230.0,,,0.03,0.03,615.585,1776227078000
1776227079.969,279.969,0.01,224.0,,,0.03,5.0,0.21,50.0,0.96,5.0,0.95,54.7,0.99,230.0,,,0.02,0.03,615.585,1776227078000
1776227080.203,280.203,0.01,224.0,,,0.03,5.0,0.21,50.0,0.97,5.0,0.79,50.0,0.99,224.0,,,0.02,0.02,615.588,1776227079000
1776227081.324,281.324,0.01,224.0,,,0.03,5.0,0.21,50.0,0.97,5.0,0.79,50.0,0.99,224.0,,,0.02,0.02,615.587,1776227080000
1776227081.988,281.988,0.01,224.0,,,0.03,5.0,0.21,50.0,0.97,5.0,0.79,50.0,0.99,224.0,,,0.02,0.02,615.585,1776227081000
1776227083.16,283.16,0.01,224.0,,,0.03,5.0,0.21,50.0,0.97,5.0,0.79,50.0,0.99,224.0,,,0.02,0.02,615.585,1776227082000
1776227084.276,284.276,0.01,224.0,,,0.03,5.0,0.21,50.0,0.97,5.0,0.79,50.0,0.99,224.0,,,0.02,0.02,615.58013,1776227083000
1776227085.508,285.508,0.01,224.0,,,0.03,5.0,0.21,50.0,0.97,5.0,0.79,50.0,0.99,224.0,,,0.02,0.02,615.585038,1776227084000
1776227086.199,286.199,0.01,224.0,,,0.03,5.0,0.21,50.0,0.97,5.0,0.79,50.0,0.99,224.0,,,0.02,0.02,615.584992,1776227085000
1776227087.478,287.478,0.01,224.0,,,0.03,5.0,0.21,50.0,0.97,5.0,0.79,50.0,0.99,224.0,,,0.02,0.02,615.584972,1776227086000
1776227088.028,288.028,0.01,224.0,,,0.03,5.0,0.21,50.0,0.97,5.0,0.79,50.0,0.99,224.0,,,0.02,0.02,615.584916,1776227087000
1776227089.164,289.164,0.01,224.0,,,0.03,5.0,0.21,50.0,0.97,5.0,0.79,50.0,0.99,224.0,,,0.02,0.02,615.568,1776227088000
1776227090.309,290.309,0.01,224.0,,,0.03,5.0,0.21,50.0,0.97,5.0,0.79,50.0,0.99,224.0,,,0.02,0.02,615.567832,1776227089000
1776227091.371,291.371,0.01,101.57,,,0.03,5.0,0.1,10.0,0.97,5.0,0.9,10.0,0.99,101.57,,,0.02,0.02,615.567828,1776227090000
1776227091.964,291.964,0.01,101.57,,,0.03,5.0,0.1,10.0,0.97,5.0,0.9,10.0,0.99,101.57,,,0.02,0.02,615.567815,1776227091000
1776227092.957,292.957,0.01,101.57,,,0.03,5.0,0.1,10.0,0.97,5.0,0.9,10.0,0.99,101.57,,,0.02,0.02,615.570771,1776227092000
1776227093.992,293.992,0.01,101.57,,,0.03,5.0,0.1,10.0,0.97,5.0,0.9,10.0,0.99,101.57,,,0.02,0.02,615.570771,1776227093000
1776227094.333,294.333,,,,,0.01,898.43,0.03,5.0,0.97,5.0,0.9,10.0,0.99,101.57,,,,0.02,615.570771,1776227093000
1776227095.063,295.063,,,,,0.01,898.43,0.03,5.0,0.99,898.43,0.97,5.0,,,,,,,615.570771,1776227094000
1776227096.109,296.109,,,,,0.01,898.43,0.03,5.0,0.99,898.43,0.97,5.0,,,,,,,615.574,1776227095000
1776227096.48,296.48,,,,,0.01,898.28,0.03,5.0,0.99,898.43,0.97,5.0,,,,,,,615.574,1776227095000
1776227097.184,297.184,,,,,0.01,898.28,0.03,5.0,0.99,898.28,0.97,5.0,,,,,,,615.58,1776227096000
1776227098.326,298.326,,,,,0.01,898.28,0.03,5.0,0.99,898.28,0.97,5.0,,,,,,,615.584,1776227097000
1776227098.899,298.899,,,,,0.01,898.28,0.03,5.0,0.99,898.28,0.97,5.0,,,,,,,615.584,1776227098000
1776227100.005,300.005,,,,,0.01,898.28,0.03,5.0,0.99,898.28,0.97,5.0,,,,,,,615.589,1776227099000
1776227101.055,301.055,,,,,0.01,898.28,0.03,5.0,0.99,898.28,0.97,5.0,,,,,,,615.586,1776227100000

# RESULT,winner=Down,slug=bnb-updown-5m-1776226800,ticks=316
