timestamp,elapsed_sec,up_bid_p1,up_bid_s1,up_bid_p2,up_bid_s2,up_ask_p1,up_ask_s1,up_ask_p2,up_ask_s2,down_bid_p1,down_bid_s1,down_bid_p2,down_bid_s2,down_ask_p1,down_ask_s1,down_ask_p2,down_ask_s2,up_spread,down_spread,bnb_price,bnb_oracle_ts
1776186601.333,1.333,,,,,,,,,,,,,,,,,,,619.11146,1776186600000
1776186601.661,1.661,0.47,8.1,0.39,12.0,0.54,6.52,0.6,12.0,0.46,6.52,0.33,300.0,0.53,8.1,0.67,300.0,0.07,0.07,619.11146,1776186600000
1776186601.948,1.948,0.47,8.1,0.39,12.0,0.54,6.52,0.6,12.0,0.46,6.52,0.33,300.0,0.53,8.1,0.67,300.0,0.07,0.07,619.137647,1776186601000
1776186602.153,2.153,0.47,8.1,0.39,12.0,0.54,6.52,0.6,12.0,0.46,6.52,0.37,13.0,0.53,8.1,0.59,12.0,0.07,0.07,619.137647,1776186601000
1776186603.031,3.031,0.54,15.48,0.47,8.1,0.63,13.0,0.67,300.0,0.37,13.0,0.33,300.0,0.46,15.48,0.53,8.1,0.09,0.09,619.124875,1776186602000
1776186604.52,4.52,0.54,15.48,0.47,8.1,0.63,13.0,0.67,300.0,0.37,13.0,0.33,300.0,0.46,15.48,0.53,8.1,0.09,0.09,619.200986,1776186603000
1776186604.973,4.973,0.54,15.48,0.47,8.1,0.63,13.0,0.67,300.0,0.37,13.0,0.33,300.0,0.46,15.48,0.53,8.1,0.09,0.09,619.207616,1776186604000
1776186605.964,5.964,0.54,15.48,0.47,8.1,0.63,13.0,0.67,300.0,0.37,13.0,0.33,300.0,0.46,15.48,0.53,8.1,0.09,0.09,619.19664,1776186605000
1776186606.215,6.215,0.55,10.0,0.54,15.48,0.59,5.0,0.61,50.0,0.37,13.0,0.33,300.0,0.46,15.48,0.53,8.1,0.04,0.09,619.19664,1776186605000
1776186606.459,6.459,0.55,5.0,0.54,15.48,0.56,5.0,0.59,5.0,0.41,5.0,0.39,50.0,0.45,10.0,0.46,15.48,0.01,0.04,619.19664,1776186605000
1776186606.854,6.854,0.55,5.0,0.54,15.48,0.56,5.0,0.59,5.0,0.44,5.0,0.41,5.0,0.45,5.0,0.46,15.48,0.01,0.01,619.202386,1776186606000
1776186607.214,7.214,0.55,5.0,0.54,15.48,0.57,3.0,0.59,17.0,0.44,5.0,0.41,5.0,0.45,5.0,0.46,15.48,0.02,0.01,619.202386,1776186606000
1776186607.576,7.576,0.59,6.0,0.55,5.0,0.63,18.0,0.64,5.0,0.43,3.0,0.41,17.0,0.45,5.0,0.46,15.48,0.04,0.02,619.202386,1776186606000
1776186608.261,8.261,0.59,6.0,0.55,5.0,0.63,18.0,0.64,5.0,0.37,18.0,0.36,5.0,0.41,6.0,0.45,5.0,0.04,0.04,619.130567,1776186607000
1776186609.326,9.326,0.59,6.0,0.55,5.0,0.63,18.0,0.64,5.0,0.37,18.0,0.36,5.0,0.41,6.0,0.45,5.0,0.04,0.04,619.130298,1776186608000
1776186609.641,9.641,0.55,5.0,0.48,5.0,0.6,10.0,0.62,13.0,0.37,18.0,0.36,5.0,0.41,6.0,0.45,5.0,0.05,0.04,619.130298,1776186608000
1776186610.303,10.303,0.55,5.0,0.48,5.0,0.6,10.0,0.62,13.0,0.4,10.0,0.38,13.0,0.45,5.0,0.52,5.0,0.05,0.05,619.131933,1776186609000
1776186611.231,11.231,0.55,5.0,0.48,5.0,0.6,10.0,0.62,13.0,0.4,10.0,0.38,13.0,0.45,5.0,0.52,5.0,0.05,0.05,619.139594,1776186610000
1776186612.188,12.188,0.55,5.0,0.48,5.0,0.6,10.0,0.62,13.0,0.4,10.0,0.38,13.0,0.45,5.0,0.52,5.0,0.05,0.05,619.136201,1776186611000
1776186613.278,13.278,0.55,5.0,0.48,5.0,0.6,10.0,0.62,13.0,0.4,10.0,0.38,13.0,0.45,5.0,0.52,5.0,0.05,0.05,619.139654,1776186612000
1776186614.14,14.14,0.55,5.0,0.48,5.0,0.6,10.0,0.62,13.0,0.4,10.0,0.38,13.0,0.45,5.0,0.52,5.0,0.05,0.05,619.141607,1776186613000
1776186615.238,15.238,0.55,5.0,0.48,5.0,0.6,10.0,0.62,13.0,0.4,10.0,0.38,13.0,0.45,5.0,0.52,5.0,0.05,0.05,619.143253,1776186614000
1776186616.263,16.263,0.55,5.0,0.48,5.0,0.6,10.0,0.62,13.0,0.4,10.0,0.38,13.0,0.45,5.0,0.52,5.0,0.05,0.05,619.143093,1776186615000
1776186617.439,17.439,0.55,5.0,0.48,5.0,0.6,10.0,0.62,13.0,0.4,10.0,0.38,13.0,0.45,5.0,0.52,5.0,0.05,0.05,619.143099,1776186616000
1776186618.01,18.01,0.55,5.0,0.48,5.0,0.6,10.0,0.62,13.0,0.4,10.0,0.38,13.0,0.45,5.0,0.52,5.0,0.05,0.05,619.143416,1776186617000
1776186619.267,19.267,0.55,5.0,0.48,5.0,0.6,10.0,0.62,13.0,0.4,10.0,0.38,13.0,0.45,5.0,0.52,5.0,0.05,0.05,619.14496,1776186618000
1776186620.456,20.456,0.55,5.0,0.48,5.0,0.6,10.0,0.62,13.0,0.4,10.0,0.38,13.0,0.45,5.0,0.52,5.0,0.05,0.05,619.146942,1776186619000
1776186621.15,21.15,0.55,5.0,0.48,5.0,0.6,10.0,0.62,13.0,0.4,10.0,0.38,13.0,0.45,5.0,0.52,5.0,0.05,0.05,619.146753,1776186620000
1776186622.361,22.361,0.55,5.0,0.48,5.0,0.6,10.0,0.62,13.0,0.4,10.0,0.38,13.0,0.45,5.0,0.52,5.0,0.05,0.05,619.145952,1776186621000
1776186623.041,23.041,0.55,5.0,0.48,5.0,0.6,10.0,0.62,13.0,0.4,10.0,0.38,13.0,0.45,5.0,0.52,5.0,0.05,0.05,619.145976,1776186622000
1776186624.237,24.237,0.55,5.0,0.48,5.0,0.6,10.0,0.62,13.0,0.4,10.0,0.38,13.0,0.45,5.0,0.52,5.0,0.05,0.05,619.145976,1776186623000
1776186625.384,25.384,0.55,5.0,0.48,5.0,0.6,10.0,0.62,13.0,0.4,10.0,0.38,13.0,0.45,5.0,0.52,5.0,0.05,0.05,619.14313,1776186624000
1776186626.075,26.075,0.55,5.0,0.48,5.0,0.6,10.0,0.62,13.0,0.4,10.0,0.38,13.0,0.45,5.0,0.52,5.0,0.05,0.05,619.138477,1776186625000
1776186627.237,27.237,0.55,5.0,0.48,5.0,0.6,10.0,0.62,13.0,0.4,10.0,0.38,13.0,0.45,5.0,0.52,5.0,0.05,0.05,619.138481,1776186626000
1776186628.495,28.495,0.55,5.0,0.48,5.0,0.6,10.0,0.62,13.0,0.4,10.0,0.38,13.0,0.45,5.0,0.52,5.0,0.05,0.05,619.138505,1776186627000
1776186629.043,29.043,0.55,5.0,0.48,5.0,0.6,10.0,0.62,13.0,0.4,10.0,0.38,13.0,0.45,5.0,0.52,5.0,0.05,0.05,619.137986,1776186628000
1776186630.392,30.392,0.55,5.0,0.48,5.0,0.6,10.0,0.62,13.0,0.4,10.0,0.38,13.0,0.45,5.0,0.52,5.0,0.05,0.05,619.131246,1776186629000
1776186631.095,31.095,0.55,5.0,0.48,5.0,0.6,10.0,0.62,13.0,0.4,10.0,0.38,13.0,0.45,5.0,0.52,5.0,0.05,0.05,619.131151,1776186630000
1776186632.247,32.247,0.55,5.0,0.48,5.0,0.6,10.0,0.62,13.0,0.4,10.0,0.38,13.0,0.45,5.0,0.52,5.0,0.05,0.05,619.131143,1776186631000
1776186633.283,33.283,0.55,5.0,0.48,5.0,0.6,10.0,0.62,13.0,0.4,10.0,0.38,13.0,0.45,5.0,0.52,5.0,0.05,0.05,619.131144,1776186632000
1776186634.404,34.404,0.55,5.0,0.48,5.0,0.6,10.0,0.62,13.0,0.4,10.0,0.38,13.0,0.45,5.0,0.52,5.0,0.05,0.05,619.131248,1776186633000
1776186634.929,34.929,0.55,5.0,0.48,5.0,0.6,10.0,0.62,13.0,0.4,10.0,0.38,13.0,0.45,5.0,0.52,5.0,0.05,0.05,619.132123,1776186634000
1776186636.087,36.087,0.55,5.0,0.48,5.0,0.6,10.0,0.62,13.0,0.4,10.0,0.38,13.0,0.45,5.0,0.52,5.0,0.05,0.05,619.132327,1776186635000
1776186637.307,37.307,0.55,5.0,0.48,5.0,0.6,10.0,0.62,13.0,0.4,10.0,0.38,13.0,0.45,5.0,0.52,5.0,0.05,0.05,619.133978,1776186636000
1776186637.94,37.94,0.55,5.0,0.48,5.0,0.6,10.0,0.62,13.0,0.4,10.0,0.38,13.0,0.45,5.0,0.52,5.0,0.05,0.05,619.132059,1776186637000
1776186638.781,38.781,0.55,5.0,0.48,5.0,0.6,5.0,0.62,13.0,0.4,10.0,0.38,13.0,0.45,5.0,0.52,5.0,0.05,0.05,619.132059,1776186637000
1776186639.158,39.158,0.55,5.0,0.48,5.0,0.6,5.0,0.62,13.0,0.4,5.0,0.38,13.0,0.45,5.0,0.52,5.0,0.05,0.05,619.132059,1776186638000
1776186640.331,40.331,0.55,5.0,0.48,5.0,0.6,5.0,0.62,13.0,0.4,5.0,0.38,13.0,0.45,5.0,0.52,5.0,0.05,0.05,619.135467,1776186639000
1776186640.886,40.886,0.55,5.0,0.48,5.0,0.6,5.0,0.62,13.0,0.4,5.0,0.38,13.0,0.45,5.0,0.52,5.0,0.05,0.05,619.145462,1776186640000
1776186642.131,42.131,0.55,5.0,0.48,5.0,0.6,5.0,0.62,13.0,0.4,5.0,0.38,13.0,0.45,5.0,0.52,5.0,0.05,0.05,619.176,1776186641000
1776186643.26,43.26,0.55,5.0,0.48,5.0,0.6,5.0,0.62,13.0,0.4,5.0,0.38,13.0,0.45,5.0,0.52,5.0,0.05,0.05,619.182,1776186642000
1776186644.38,44.38,0.55,5.0,0.48,5.0,0.6,5.0,0.62,13.0,0.4,5.0,0.38,13.0,0.45,5.0,0.52,5.0,0.05,0.05,619.152,1776186643000
1776186644.927,44.927,0.55,5.0,0.48,5.0,0.6,5.0,0.62,13.0,0.4,5.0,0.38,13.0,0.45,5.0,0.52,5.0,0.05,0.05,619.152,1776186644000
1776186646.132,46.132,0.55,5.0,0.48,5.0,0.6,5.0,0.62,13.0,0.4,5.0,0.38,13.0,0.45,5.0,0.52,5.0,0.05,0.05,619.147488,1776186645000
1776186647.159,47.159,0.48,5.0,0.47,8.1,0.5,22.43,0.62,10.0,0.4,5.0,0.38,13.0,0.45,5.0,0.52,5.0,0.02,0.05,619.147488,1776186645000
1776186647.648,47.648,0.48,5.0,0.47,8.1,0.5,17.43,0.62,10.0,0.5,22.43,0.38,10.0,0.52,5.0,0.53,8.1,0.02,0.02,619.142514,1776186646000
1776186648.193,48.193,0.48,5.0,0.47,8.1,0.5,17.43,0.62,10.0,0.5,17.43,0.38,10.0,0.52,5.0,0.53,8.1,0.02,0.02,619.144553,1776186647000
1776186649.24,49.24,0.48,5.0,0.47,8.1,0.5,17.43,0.62,10.0,0.5,17.43,0.38,10.0,0.52,5.0,0.53,8.1,0.02,0.02,619.138587,1776186648000
1776186650.336,50.336,0.48,5.0,0.47,8.1,0.5,12.43,0.55,5.0,0.5,12.43,0.45,5.0,0.52,5.0,0.53,8.1,0.02,0.02,619.134146,1776186649000
1776186650.954,50.954,0.48,5.0,0.47,8.1,0.5,7.43,0.55,5.0,0.5,12.43,0.45,5.0,0.52,5.0,0.53,8.1,0.02,0.02,619.134146,1776186649000
1776186651.376,51.376,0.48,5.0,0.47,8.1,0.5,7.43,0.55,5.0,0.5,7.43,0.45,5.0,0.52,5.0,0.53,8.1,0.02,0.02,619.135833,1776186650000
1776186651.969,51.969,0.48,5.0,0.47,8.1,0.5,7.43,0.55,5.0,0.5,7.43,0.45,5.0,0.52,5.0,0.53,8.1,0.02,0.02,619.135833,1776186651000
1776186653.032,53.032,0.48,5.0,0.47,8.1,0.5,7.43,0.55,5.0,0.5,7.43,0.45,5.0,0.52,5.0,0.53,8.1,0.02,0.02,619.13573,1776186652000
1776186654.078,54.078,0.48,5.0,0.47,8.1,0.5,7.43,0.55,5.0,0.5,7.43,0.45,5.0,0.52,5.0,0.53,8.1,0.02,0.02,619.136961,1776186653000
1776186654.322,54.322,0.48,5.0,0.47,8.1,0.5,2.43,0.55,5.0,0.5,7.43,0.45,5.0,0.52,5.0,0.53,8.1,0.02,0.02,619.136961,1776186653000
1776186655.102,55.102,0.47,8.1,0.44,5.0,0.5,2.43,0.55,5.0,0.5,2.43,0.45,5.0,0.53,8.1,0.56,5.0,0.03,0.03,619.136961,1776186654000
1776186656.13,56.13,0.47,8.1,0.44,5.0,0.5,2.43,0.55,5.0,0.5,2.43,0.45,5.0,0.53,8.1,0.56,5.0,0.03,0.03,619.134019,1776186655000
1776186657.184,57.184,0.47,8.1,0.44,5.0,0.5,2.43,0.55,5.0,0.5,2.43,0.45,5.0,0.53,8.1,0.56,5.0,0.03,0.03,619.139,1776186656000
1776186658.185,58.185,0.5,7.57,0.47,13.1,0.55,5.0,0.57,5.0,0.45,5.0,0.43,5.0,0.5,7.57,0.53,13.1,0.05,0.05,619.130759,1776186657000
1776186659.203,59.203,0.5,7.57,0.47,13.1,0.55,5.0,0.57,5.0,0.45,5.0,0.43,5.0,0.5,7.57,0.53,13.1,0.05,0.05,619.130804,1776186658000
1776186660.206,60.206,0.5,7.57,0.47,13.1,0.55,5.0,0.57,5.0,0.45,5.0,0.43,5.0,0.5,7.57,0.53,13.1,0.05,0.05,619.133134,1776186659000
1776186660.988,60.988,0.55,13.0,0.5,7.57,0.57,5.0,0.63,5.0,0.45,5.0,0.43,5.0,0.5,7.57,0.53,13.1,0.02,0.05,619.133134,1776186659000
1776186661.735,61.735,0.55,18.0,0.5,7.57,0.63,5.0,0.64,5.0,0.37,5.0,0.36,5.0,0.45,18.0,0.5,7.57,0.08,0.08,619.130165,1776186660000
1776186662.15,62.15,0.55,18.0,0.5,7.57,0.63,5.0,0.64,5.0,0.37,5.0,0.36,5.0,0.45,18.0,0.5,7.57,0.08,0.08,619.13026,1776186661000
1776186663.151,63.151,0.55,18.0,0.5,7.57,0.63,5.0,0.64,5.0,0.37,5.0,0.36,5.0,0.45,18.0,0.5,7.57,0.08,0.08,619.131909,1776186662000
1776186664.28,64.28,0.55,18.0,0.5,7.57,0.63,5.0,0.64,5.0,0.37,5.0,0.36,5.0,0.45,18.0,0.5,7.57,0.08,0.08,619.240231,1776186663000
1776186665.519,65.519,0.55,18.0,0.5,7.57,0.63,5.0,0.64,5.0,0.37,5.0,0.36,5.0,0.45,18.0,0.5,7.57,0.08,0.08,619.246082,1776186664000
1776186665.941,65.941,0.55,18.0,0.5,7.57,0.63,5.0,0.64,5.0,0.37,5.0,0.36,5.0,0.45,18.0,0.5,7.57,0.08,0.08,619.246082,1776186665000
1776186667.019,67.019,0.55,18.0,0.5,7.57,0.63,5.0,0.64,5.0,0.37,5.0,0.36,5.0,0.45,18.0,0.5,7.57,0.08,0.08,619.246847,1776186666000
1776186667.979,67.979,0.55,18.0,0.5,7.57,0.63,5.0,0.64,5.0,0.37,5.0,0.36,5.0,0.45,18.0,0.5,7.57,0.08,0.08,619.247235,1776186667000
1776186668.948,68.948,0.55,18.0,0.5,7.57,0.63,5.0,0.64,5.0,0.37,5.0,0.36,5.0,0.45,18.0,0.5,7.57,0.08,0.08,619.245418,1776186668000
1776186669.961,69.961,0.55,18.0,0.5,7.57,0.63,5.0,0.64,5.0,0.37,5.0,0.36,5.0,0.45,18.0,0.5,7.57,0.08,0.08,619.245208,1776186669000
1776186670.653,70.653,0.63,5.0,0.62,10.0,0.69,5.69,0.82,17.6,0.37,5.0,0.36,5.0,0.45,18.0,0.5,7.57,0.06,0.08,619.245208,1776186669000
1776186671.007,71.007,0.63,5.0,0.62,10.0,0.82,17.6,0.83,23.39,0.18,17.6,0.17,23.39,0.37,5.0,0.38,10.0,0.19,0.19,619.245225,1776186670000
1776186671.753,71.753,0.63,5.0,0.62,5.0,0.81,8.0,0.82,17.6,0.18,17.6,0.17,23.39,0.37,5.0,0.38,10.0,0.18,0.19,619.245225,1776186670000
1776186671.98,71.98,0.63,5.0,0.62,5.0,0.81,8.0,0.82,17.6,0.19,8.0,0.18,17.6,0.37,5.0,0.38,5.0,0.18,0.18,619.34454,1776186671000
1776186673.061,73.061,0.63,5.0,0.62,5.0,0.81,8.0,0.82,17.6,0.19,8.0,0.18,17.6,0.37,5.0,0.38,5.0,0.18,0.18,619.516573,1776186672000
1776186674.03,74.03,0.63,5.0,0.62,5.0,0.81,8.0,0.82,17.6,0.19,8.0,0.18,17.6,0.37,5.0,0.38,5.0,0.18,0.18,619.526227,1776186673000
1776186674.986,74.986,0.63,5.0,0.62,5.0,0.81,8.0,0.82,17.6,0.19,8.0,0.18,17.6,0.37,5.0,0.38,5.0,0.18,0.18,619.52624,1776186674000
1776186676.201,76.201,0.63,5.0,0.62,5.0,0.81,8.0,0.82,17.6,0.19,8.0,0.18,17.6,0.37,5.0,0.38,5.0,0.18,0.18,619.54,1776186675000
1776186677.26,77.26,0.63,5.0,0.62,5.0,0.81,8.0,0.82,17.6,0.19,8.0,0.18,17.6,0.37,5.0,0.38,5.0,0.18,0.18,619.536,1776186676000
1776186678.333,78.333,0.63,5.0,0.62,5.0,0.81,8.0,0.82,17.6,0.19,8.0,0.18,17.6,0.37,5.0,0.38,5.0,0.18,0.18,619.541223,1776186677000
1776186679.355,79.355,0.63,5.0,0.62,5.0,0.81,8.0,0.82,17.6,0.19,8.0,0.18,17.6,0.37,5.0,0.38,5.0,0.18,0.18,619.544,1776186678000
1776186680.385,80.385,0.63,5.0,0.62,5.0,0.81,8.0,0.82,17.6,0.19,8.0,0.18,17.6,0.37,5.0,0.38,5.0,0.18,0.18,619.549,1776186679000
1776186680.904,80.904,0.63,5.0,0.62,5.0,0.81,8.0,0.82,17.6,0.19,8.0,0.18,17.6,0.37,5.0,0.38,5.0,0.18,0.18,619.549,1776186680000
1776186682.044,82.044,0.63,5.0,0.62,5.0,0.81,8.0,0.82,17.6,0.19,8.0,0.18,17.6,0.37,5.0,0.38,5.0,0.18,0.18,619.544,1776186681000
1776186683.148,83.148,0.63,5.0,0.62,5.0,0.81,8.0,0.82,17.6,0.19,8.0,0.18,17.6,0.37,5.0,0.38,5.0,0.18,0.18,619.548,1776186682000
1776186684.286,84.286,0.63,5.0,0.62,5.0,0.81,8.0,0.82,17.6,0.19,8.0,0.18,17.6,0.37,5.0,0.38,5.0,0.18,0.18,619.558,1776186683000
1776186685.159,85.159,0.63,5.0,0.62,5.0,0.81,8.0,0.82,17.6,0.19,8.0,0.18,17.6,0.37,5.0,0.38,5.0,0.18,0.18,619.585,1776186684000
1776186686.228,86.228,0.63,5.0,0.62,5.0,0.81,8.0,0.82,17.6,0.19,8.0,0.18,17.6,0.37,5.0,0.38,5.0,0.18,0.18,619.586,1776186685000
1776186687.351,87.351,0.63,5.0,0.62,5.0,0.81,8.0,0.82,17.6,0.19,8.0,0.18,17.6,0.37,5.0,0.38,5.0,0.18,0.18,619.552,1776186686000
1776186687.942,87.942,0.63,5.0,0.62,5.0,0.81,8.0,0.82,17.6,0.19,8.0,0.18,17.6,0.37,5.0,0.38,5.0,0.18,0.18,619.552,1776186687000
1776186689.18,89.18,0.63,5.0,0.62,5.0,0.81,8.0,0.82,17.6,0.19,8.0,0.18,17.6,0.37,5.0,0.38,5.0,0.18,0.18,619.555,1776186688000
1776186690.442,90.442,0.63,5.0,0.62,5.0,0.81,8.0,0.82,17.6,0.19,8.0,0.18,17.6,0.37,5.0,0.38,5.0,0.18,0.18,619.572,1776186689000
1776186691.072,91.072,0.78,6.41,0.73,13.2,0.84,19.3,0.85,20.39,0.19,8.0,0.18,17.6,0.37,5.0,0.38,5.0,0.06,0.18,619.572,1776186689000
1776186692.356,92.356,0.78,6.41,0.73,13.2,0.84,19.3,0.85,20.39,0.16,19.3,0.15,20.39,0.22,6.41,0.27,13.2,0.06,0.06,619.576,1776186691000
1776186693.582,93.582,0.78,6.41,0.73,13.2,0.84,19.3,0.85,20.39,0.16,19.3,0.15,20.39,0.22,6.41,0.27,13.2,0.06,0.06,619.578,1776186692000
1776186693.981,93.981,0.78,1.41,0.73,13.2,0.83,10.0,0.84,19.3,0.16,19.3,0.15,20.39,0.22,6.41,0.27,13.2,0.05,0.06,619.578,1776186692000
1776186695.241,95.241,0.78,1.41,0.73,13.2,0.83,10.0,0.84,19.3,0.17,10.0,0.16,19.3,0.22,1.41,0.27,13.2,0.05,0.05,619.576,1776186694000
1776186696.699,96.699,0.78,1.41,0.73,13.2,0.83,10.0,0.84,19.3,0.17,10.0,0.16,19.3,0.22,1.41,0.27,13.2,0.05,0.05,619.526,1776186695000
1776186697.294,97.294,0.78,1.41,0.73,13.2,0.83,10.0,0.84,19.3,0.17,10.0,0.16,19.3,0.22,1.41,0.27,13.2,0.05,0.05,619.526,1776186696000
1776186697.99,97.99,0.78,1.41,0.73,13.2,0.83,10.0,0.84,19.3,0.17,10.0,0.16,19.3,0.22,1.41,0.27,13.2,0.05,0.05,619.493039,1776186697000
1776186699.673,99.673,0.78,1.41,0.73,13.2,0.83,10.0,0.84,19.3,0.17,10.0,0.16,19.3,0.22,1.41,0.27,13.2,0.05,0.05,619.488882,1776186698000
1776186700.388,100.388,0.78,1.41,0.73,13.2,0.83,10.0,0.84,19.3,0.17,10.0,0.16,19.3,0.22,1.41,0.27,13.2,0.05,0.05,619.488881,1776186699000
1776186701.124,101.124,0.78,1.41,0.73,13.2,0.83,10.0,0.84,19.3,0.17,10.0,0.16,19.3,0.22,1.41,0.27,13.2,0.05,0.05,619.486893,1776186700000
1776186702.495,102.495,0.78,1.41,0.73,13.2,0.83,10.0,0.84,19.3,0.17,10.0,0.16,19.3,0.22,1.41,0.27,13.2,0.05,0.05,619.488508,1776186701000
1776186703.07,103.07,0.78,1.41,0.73,13.2,0.83,10.0,0.84,19.3,0.17,10.0,0.16,19.3,0.22,1.41,0.27,13.2,0.05,0.05,619.488503,1776186702000
1776186704.467,104.467,0.78,1.41,0.73,13.2,0.83,10.0,0.84,19.3,0.17,10.0,0.16,19.3,0.22,1.41,0.27,13.2,0.05,0.05,619.492634,1776186703000
1776186705.16,105.16,0.78,1.41,0.73,13.2,0.83,10.0,0.84,19.3,0.17,10.0,0.16,19.3,0.22,1.41,0.27,13.2,0.05,0.05,619.492634,1776186704000
1776186706.358,106.358,0.78,1.41,0.73,13.2,0.83,10.0,0.84,19.3,0.17,10.0,0.16,19.3,0.22,1.41,0.27,13.2,0.05,0.05,619.49153,1776186705000
1776186707.451,107.451,0.78,1.41,0.73,13.2,0.83,10.0,0.84,19.3,0.17,10.0,0.16,19.3,0.22,1.41,0.27,13.2,0.05,0.05,619.495202,1776186706000
1776186707.985,107.985,0.78,1.41,0.73,13.2,0.83,10.0,0.84,19.3,0.17,10.0,0.16,19.3,0.22,1.41,0.27,13.2,0.05,0.05,619.495201,1776186707000
1776186709.279,109.279,0.78,1.41,0.73,13.2,0.83,10.0,0.84,19.3,0.17,10.0,0.16,19.3,0.22,1.41,0.27,13.2,0.05,0.05,619.49536,1776186708000
1776186710.34,110.34,0.78,1.41,0.73,13.2,0.83,10.0,0.84,19.3,0.17,10.0,0.16,19.3,0.22,1.41,0.27,13.2,0.05,0.05,619.49536,1776186709000
1776186710.965,110.965,0.78,1.41,0.73,13.2,0.83,10.0,0.84,19.3,0.17,10.0,0.16,19.3,0.22,1.41,0.27,13.2,0.05,0.05,619.49536,1776186710000
1776186712.213,112.213,0.78,1.41,0.73,13.2,0.83,10.0,0.84,19.3,0.17,10.0,0.16,19.3,0.22,1.41,0.27,13.2,0.05,0.05,619.490854,1776186711000
1776186713.291,113.291,0.78,1.41,0.73,13.2,0.83,10.0,0.84,19.3,0.17,10.0,0.16,19.3,0.22,1.41,0.27,13.2,0.05,0.05,619.478395,1776186712000
1776186714.363,114.363,0.78,1.41,0.73,13.2,0.83,10.0,0.84,19.3,0.17,10.0,0.16,19.3,0.22,1.41,0.27,13.2,0.05,0.05,619.478019,1776186713000
1776186714.98,114.98,0.78,1.41,0.73,13.2,0.83,10.0,0.84,19.3,0.17,10.0,0.16,19.3,0.22,1.41,0.27,13.2,0.05,0.05,619.478017,1776186714000
1776186716.064,116.064,0.78,1.41,0.73,13.2,0.83,10.0,0.84,19.3,0.17,10.0,0.16,19.3,0.22,1.41,0.27,13.2,0.05,0.05,619.478045,1776186715000
1776186717.335,117.335,0.78,1.41,0.73,13.2,0.83,10.0,0.84,19.3,0.17,10.0,0.16,19.3,0.22,1.41,0.27,13.2,0.05,0.05,619.478036,1776186716000
1776186718.501,118.501,0.78,1.41,0.73,13.2,0.83,10.0,0.84,19.3,0.17,10.0,0.16,19.3,0.22,1.41,0.27,13.2,0.05,0.05,619.478997,1776186717000
1776186719.151,119.151,0.78,1.41,0.73,13.2,0.83,10.0,0.84,19.3,0.17,10.0,0.16,19.3,0.22,1.41,0.27,13.2,0.05,0.05,619.478997,1776186718000
1776186720.221,120.221,0.78,1.41,0.73,13.2,0.83,10.0,0.84,19.3,0.17,10.0,0.16,19.3,0.22,1.41,0.27,13.2,0.05,0.05,619.478997,1776186719000
1776186721.273,121.273,0.78,1.41,0.73,13.2,0.83,10.0,0.84,19.3,0.17,10.0,0.16,19.3,0.22,1.41,0.27,13.2,0.05,0.05,619.478879,1776186720000
1776186722.644,122.644,0.78,1.41,0.73,13.2,0.83,10.0,0.84,19.3,0.17,10.0,0.16,19.3,0.22,1.41,0.27,13.2,0.05,0.05,619.461982,1776186721000
1776186723.27,123.27,0.78,1.41,0.73,13.2,0.83,10.0,0.84,19.3,0.17,10.0,0.16,19.3,0.22,1.41,0.27,13.2,0.05,0.05,619.461982,1776186722000
1776186724.588,124.588,0.78,1.41,0.73,13.2,0.83,10.0,0.84,19.3,0.17,10.0,0.16,19.3,0.22,1.41,0.27,13.2,0.05,0.05,619.465327,1776186723000
1776186725.408,125.408,0.78,1.41,0.73,13.2,0.83,10.0,0.84,19.3,0.17,10.0,0.16,19.3,0.22,1.41,0.27,13.2,0.05,0.05,619.529974,1776186724000
1776186726.113,126.113,0.78,1.41,0.73,13.2,0.83,10.0,0.84,19.3,0.17,10.0,0.16,19.3,0.22,1.41,0.27,13.2,0.05,0.05,619.555841,1776186725000
1776186727.309,127.309,0.78,1.41,0.73,13.2,0.83,10.0,0.84,19.3,0.17,10.0,0.16,19.3,0.22,1.41,0.27,13.2,0.05,0.05,619.599,1776186726000
1776186728.383,128.383,0.78,1.41,0.73,13.2,0.83,10.0,0.84,19.3,0.17,10.0,0.16,19.3,0.22,1.41,0.27,13.2,0.05,0.05,619.57,1776186727000
1776186729.032,129.032,0.78,1.41,0.73,13.2,0.83,10.0,0.84,19.3,0.17,10.0,0.16,19.3,0.22,1.41,0.27,13.2,0.05,0.05,619.58298,1776186728000
1776186730.23,130.23,0.78,1.41,0.73,13.2,0.83,10.0,0.84,19.3,0.17,10.0,0.16,19.3,0.22,1.41,0.27,13.2,0.05,0.05,619.579,1776186729000
1776186731.435,131.435,0.78,1.41,0.73,13.2,0.83,10.0,0.84,19.3,0.17,10.0,0.16,19.3,0.22,1.41,0.27,13.2,0.05,0.05,619.576,1776186730000
1776186732.073,132.073,0.78,1.41,0.73,13.2,0.83,10.0,0.84,19.3,0.17,10.0,0.16,19.3,0.22,1.41,0.27,13.2,0.05,0.05,619.576,1776186731000
1776186733.315,133.315,0.78,1.41,0.73,13.2,0.83,10.0,0.84,19.3,0.17,10.0,0.16,19.3,0.22,1.41,0.27,13.2,0.05,0.05,619.586,1776186732000
1776186734.523,134.523,0.78,1.41,0.73,13.2,0.83,10.0,0.84,19.3,0.17,10.0,0.16,19.3,0.22,1.41,0.27,13.2,0.05,0.05,619.585,1776186733000
1776186735.15,135.15,0.78,1.41,0.73,13.2,0.83,10.0,0.84,19.3,0.17,10.0,0.16,19.3,0.22,1.41,0.27,13.2,0.05,0.05,619.588,1776186734000
1776186736.319,136.319,0.78,1.41,0.73,13.2,0.83,10.0,0.84,19.3,0.17,10.0,0.16,19.3,0.22,1.41,0.27,13.2,0.05,0.05,619.578,1776186735000
1776186737.405,137.405,0.78,1.41,0.73,13.2,0.83,10.0,0.84,19.3,0.17,10.0,0.16,19.3,0.22,1.41,0.27,13.2,0.05,0.05,619.578,1776186736000
1776186738.055,138.055,0.78,1.41,0.73,13.2,0.83,10.0,0.84,19.3,0.17,10.0,0.16,19.3,0.22,1.41,0.27,13.2,0.05,0.05,619.57769,1776186737000
1776186739.371,139.371,0.78,1.41,0.73,13.2,0.83,10.0,0.84,19.3,0.17,10.0,0.16,19.3,0.22,1.41,0.27,13.2,0.05,0.05,619.545567,1776186738000
1776186740.095,140.095,0.78,1.41,0.73,13.2,0.83,10.0,0.84,19.3,0.17,10.0,0.16,19.3,0.22,1.41,0.27,13.2,0.05,0.05,619.545533,1776186739000
1776186741.314,141.314,0.78,1.41,0.73,13.2,0.83,10.0,0.84,19.3,0.17,10.0,0.16,19.3,0.22,1.41,0.27,13.2,0.05,0.05,619.540278,1776186740000
1776186742.857,142.857,0.78,1.41,0.73,13.2,0.83,10.0,0.84,19.3,0.17,10.0,0.16,19.3,0.22,1.41,0.27,13.2,0.05,0.05,619.569,1776186741000
1776186743.504,143.504,0.78,1.41,0.73,13.2,0.83,10.0,0.84,19.3,0.17,10.0,0.16,19.3,0.22,1.41,0.27,13.2,0.05,0.05,619.563,1776186742000
1776186744.339,144.339,0.78,1.41,0.73,13.2,0.83,10.0,0.84,19.3,0.17,10.0,0.16,19.3,0.22,1.41,0.27,13.2,0.05,0.05,619.569,1776186743000
1776186745.512,145.512,0.78,1.41,0.73,13.2,0.83,10.0,0.84,19.3,0.17,10.0,0.16,19.3,0.22,1.41,0.27,13.2,0.05,0.05,619.566,1776186744000
1776186746.443,146.443,0.78,1.41,0.73,13.2,0.83,10.0,0.84,19.3,0.17,10.0,0.16,19.3,0.22,1.41,0.27,13.2,0.05,0.05,619.566,1776186745000
1776186747.159,147.159,0.78,1.41,0.73,13.2,0.83,10.0,0.84,19.3,0.17,10.0,0.16,19.3,0.22,1.41,0.27,13.2,0.05,0.05,619.571,1776186746000
1776186748.545,148.545,0.78,1.41,0.73,13.2,0.83,10.0,0.84,19.3,0.17,10.0,0.16,19.3,0.22,1.41,0.27,13.2,0.05,0.05,619.554,1776186747000
1776186749.605,149.605,0.78,1.41,0.73,13.2,0.83,10.0,0.84,19.3,0.17,10.0,0.16,19.3,0.22,1.41,0.27,13.2,0.05,0.05,619.56,1776186748000
1776186750.161,150.161,0.78,1.41,0.73,13.2,0.83,10.0,0.84,19.3,0.17,10.0,0.16,19.3,0.22,1.41,0.27,13.2,0.05,0.05,619.564,1776186749000
1776186751.55,151.55,0.78,1.41,0.73,13.2,0.83,10.0,0.84,19.3,0.17,10.0,0.16,19.3,0.22,1.41,0.27,13.2,0.05,0.05,619.573,1776186750000
1776186752.235,152.235,0.78,1.41,0.73,13.2,0.83,10.0,0.84,19.3,0.17,10.0,0.16,19.3,0.22,1.41,0.27,13.2,0.05,0.05,619.573,1776186751000
1776186753.696,153.696,0.78,1.41,0.73,13.2,0.83,10.0,0.84,19.3,0.17,10.0,0.16,19.3,0.22,1.41,0.27,13.2,0.05,0.05,619.579,1776186752000
1776186754.419,154.419,0.78,1.41,0.73,13.2,0.83,10.0,0.84,19.3,0.17,10.0,0.16,19.3,0.22,1.41,0.27,13.2,0.05,0.05,619.579,1776186753000
1776186755.259,155.259,0.78,1.41,0.73,13.2,0.83,10.0,0.84,19.3,0.17,10.0,0.16,19.3,0.22,1.41,0.27,13.2,0.05,0.05,619.57236,1776186754000
1776186756.399,156.399,0.78,1.41,0.73,13.2,0.83,10.0,0.84,19.3,0.17,10.0,0.16,19.3,0.22,1.41,0.27,13.2,0.05,0.05,619.578,1776186755000
1776186756.901,156.901,0.78,1.41,0.73,13.2,0.83,10.0,0.84,19.3,0.17,10.0,0.16,19.3,0.22,1.41,0.27,13.2,0.05,0.05,619.578,1776186756000
1776186757.83,157.83,0.84,24.3,0.83,18.39,0.89,8.87,0.9,5.0,0.17,10.0,0.16,19.3,0.22,1.41,0.27,13.2,0.05,0.05,619.578,1776186756000
1776186759.141,159.141,0.84,24.3,0.83,18.39,0.89,8.87,0.9,5.0,0.11,8.87,0.1,5.0,0.16,24.3,0.17,18.39,0.05,0.05,619.548674,1776186758000
1776186760.145,160.145,0.84,24.3,0.83,18.39,0.89,8.87,0.9,5.0,0.11,8.87,0.1,5.0,0.16,24.3,0.17,18.39,0.05,0.05,619.611,1776186759000
1776186761.218,161.218,0.84,24.3,0.83,18.39,0.89,8.87,0.9,5.0,0.11,8.87,0.1,5.0,0.16,24.3,0.17,18.39,0.05,0.05,619.58905,1776186760000
1776186762.048,162.048,0.87,23.0,0.86,21.6,0.89,7.74,0.9,5.0,0.11,8.87,0.1,5.0,0.16,24.3,0.17,18.39,0.02,0.05,619.58905,1776186760000
1776186762.251,162.251,0.87,23.0,0.86,21.6,0.89,7.74,0.9,5.0,0.11,7.74,0.1,5.0,0.13,23.0,0.14,21.6,0.02,0.02,619.62162,1776186761000
1776186763.29,163.29,0.87,23.0,0.86,21.6,0.89,7.74,0.9,5.0,0.11,7.74,0.1,5.0,0.13,23.0,0.14,21.6,0.02,0.02,619.61849,1776186762000
1776186764.427,164.427,0.87,23.0,0.86,21.6,0.89,7.74,0.9,5.0,0.11,7.74,0.1,5.0,0.13,23.0,0.14,21.6,0.02,0.02,619.589907,1776186763000
1776186764.988,164.988,0.87,23.0,0.86,21.6,0.89,7.74,0.9,5.0,0.11,7.74,0.1,5.0,0.13,23.0,0.14,21.6,0.02,0.02,619.590714,1776186764000
1776186766.092,166.092,0.87,23.0,0.86,21.6,0.89,7.74,0.9,5.0,0.11,7.74,0.1,5.0,0.13,23.0,0.14,21.6,0.02,0.02,619.638,1776186765000
1776186767.163,167.163,0.87,23.0,0.86,21.6,0.89,7.74,0.9,5.0,0.11,7.74,0.1,5.0,0.13,23.0,0.14,21.6,0.02,0.02,619.635,1776186766000
1776186768.287,168.287,0.87,23.0,0.86,21.6,0.89,7.74,0.9,5.0,0.11,7.74,0.1,5.0,0.13,23.0,0.14,21.6,0.02,0.02,619.631,1776186767000
1776186769.289,169.289,0.87,23.0,0.86,21.6,0.89,7.74,0.9,5.0,0.11,7.74,0.1,5.0,0.13,23.0,0.14,21.6,0.02,0.02,619.613,1776186768000
1776186770.277,170.277,0.87,23.0,0.86,21.6,0.89,7.74,0.9,5.0,0.11,7.74,0.1,5.0,0.13,23.0,0.14,21.6,0.02,0.02,619.603,1776186769000
1776186771.328,171.328,0.87,23.0,0.86,21.6,0.89,7.74,0.9,5.0,0.11,7.74,0.1,5.0,0.13,23.0,0.14,21.6,0.02,0.02,619.603,1776186770000
1776186772.406,172.406,0.87,23.0,0.86,21.6,0.89,7.74,0.9,5.0,0.11,7.74,0.1,5.0,0.13,23.0,0.14,21.6,0.02,0.02,619.596,1776186771000
1776186772.917,172.917,0.87,23.0,0.86,21.6,0.89,7.74,0.9,5.0,0.11,7.74,0.1,5.0,0.13,23.0,0.14,21.6,0.02,0.02,619.596,1776186772000
1776186773.861,173.861,0.87,23.0,0.86,21.6,0.89,7.74,0.9,5.0,0.11,7.74,0.1,5.0,0.13,23.0,0.14,21.6,0.02,0.02,619.584,1776186773000
1776186774.863,174.863,0.87,23.0,0.86,21.6,0.89,7.74,0.9,5.0,0.11,7.74,0.1,5.0,0.13,23.0,0.14,21.6,0.02,0.02,619.588,1776186774000
1776186775.893,175.893,0.87,23.0,0.86,21.6,0.89,7.74,0.9,5.0,0.11,7.74,0.1,5.0,0.13,23.0,0.14,21.6,0.02,0.02,619.584,1776186775000
1776186777.316,177.316,0.87,23.0,0.86,21.6,0.89,7.74,0.9,5.0,0.11,7.74,0.1,5.0,0.13,23.0,0.14,21.6,0.02,0.02,619.5836,1776186776000
1776186778.322,178.322,0.87,23.0,0.86,21.6,0.89,7.74,0.9,5.0,0.11,7.74,0.1,5.0,0.13,23.0,0.14,21.6,0.02,0.02,619.59941,1776186777000
1776186779.199,179.199,0.87,23.0,0.86,21.6,0.89,7.74,0.9,5.0,0.11,7.74,0.1,5.0,0.13,23.0,0.14,21.6,0.02,0.02,619.577931,1776186778000
1776186780.323,180.323,0.87,23.0,0.86,21.6,0.89,7.74,0.9,5.0,0.11,7.74,0.1,5.0,0.13,23.0,0.14,21.6,0.02,0.02,619.602,1776186779000
1776186781.35,181.35,0.87,5.0,0.86,21.6,0.89,2.74,0.9,5.0,0.11,2.74,0.1,5.0,0.13,5.0,0.14,21.6,0.02,0.02,619.597,1776186780000
1776186782.297,182.297,0.87,5.0,0.86,21.6,0.89,2.74,0.9,5.0,0.11,2.74,0.1,5.0,0.13,5.0,0.14,21.6,0.02,0.02,619.597,1776186781000
1776186783.299,183.299,0.87,5.0,0.86,21.6,0.89,2.74,0.9,5.0,0.11,2.74,0.1,5.0,0.13,5.0,0.14,21.6,0.02,0.02,619.59761,1776186782000
1776186783.846,183.846,0.87,5.0,0.86,21.6,0.89,2.74,0.9,5.0,0.11,2.74,0.1,5.0,0.13,5.0,0.14,21.6,0.02,0.02,619.603,1776186783000
1776186784.934,184.934,0.87,5.0,0.86,21.6,0.89,2.74,0.9,5.0,0.11,2.74,0.1,5.0,0.13,5.0,0.14,21.6,0.02,0.02,619.593,1776186784000
1776186785.965,185.965,0.87,5.0,0.86,21.6,0.89,2.74,0.9,5.0,0.11,2.74,0.1,5.0,0.13,5.0,0.14,21.6,0.02,0.02,619.593,1776186785000
1776186786.989,186.989,0.87,5.0,0.86,21.6,0.89,2.74,0.9,5.0,0.11,2.74,0.1,5.0,0.13,5.0,0.14,21.6,0.02,0.02,619.578,1776186786000
1776186788.009,188.009,0.87,5.0,0.86,21.6,0.89,2.74,0.9,5.0,0.11,2.74,0.1,5.0,0.13,5.0,0.14,21.6,0.02,0.02,619.575,1776186787000
1776186789.015,189.015,0.87,5.0,0.86,21.6,0.89,2.74,0.9,5.0,0.11,2.74,0.1,5.0,0.13,5.0,0.14,21.6,0.02,0.02,619.572,1776186788000
1776186789.98,189.98,0.87,5.0,0.86,21.6,0.89,2.74,0.9,5.0,0.11,2.74,0.1,5.0,0.13,5.0,0.14,21.6,0.02,0.02,619.579,1776186789000
1776186790.324,190.324,0.88,15.0,0.87,23.0,0.89,0.49,0.9,5.0,0.11,2.74,0.1,5.0,0.13,5.0,0.14,21.6,0.01,0.02,619.579,1776186789000
1776186791.068,191.068,0.88,15.0,0.87,23.0,0.89,0.49,0.9,5.0,0.11,0.49,0.1,5.0,0.12,15.0,0.13,23.0,0.01,0.01,619.597,1776186790000
1776186792.028,192.028,0.88,15.0,0.87,23.0,0.89,0.49,0.9,5.0,0.11,0.49,0.1,5.0,0.12,15.0,0.13,23.0,0.01,0.01,619.599696,1776186791000
1776186793.089,193.089,0.88,15.0,0.87,23.0,0.89,0.49,0.9,5.0,0.11,0.49,0.1,5.0,0.12,15.0,0.13,23.0,0.01,0.01,619.594,1776186792000
1776186794.232,194.232,0.88,15.0,0.87,23.0,0.89,0.49,0.9,5.0,0.11,0.49,0.1,5.0,0.12,15.0,0.13,23.0,0.01,0.01,619.596,1776186793000
1776186795.65,195.65,0.88,39.6,0.87,23.0,0.95,54.7,0.96,67.7,0.11,0.49,0.1,5.0,0.12,15.0,0.13,23.0,0.07,0.01,619.596,1776186793000
1776186795.961,195.961,0.88,39.6,0.87,23.0,0.95,54.7,0.96,67.7,0.05,54.7,0.04,67.7,0.12,39.6,0.13,23.0,0.07,0.07,619.582053,1776186794000
1776186796.515,196.515,0.88,39.6,0.87,23.0,0.95,54.7,0.96,67.7,0.05,54.7,0.04,67.7,0.12,39.6,0.13,23.0,0.07,0.07,619.592,1776186795000
1776186797.113,197.113,0.88,39.6,0.87,23.0,0.95,54.7,0.96,67.7,0.05,54.7,0.04,67.7,0.12,39.6,0.13,23.0,0.07,0.07,619.605,1776186796000
1776186798.12,198.12,0.88,39.6,0.87,23.0,0.95,54.7,0.96,67.7,0.05,54.7,0.04,67.7,0.12,39.6,0.13,23.0,0.07,0.07,619.7,1776186797000
1776186799.172,199.172,0.88,39.6,0.87,23.0,0.95,54.7,0.96,67.7,0.05,54.7,0.04,67.7,0.12,39.6,0.13,23.0,0.07,0.07,619.699184,1776186798000
1776186799.824,199.824,0.96,67.7,0.95,54.7,0.99,416.6,,,0.05,54.7,0.04,67.7,0.12,39.6,0.13,23.0,0.03,0.07,619.699184,1776186798000
1776186800.334,200.334,0.96,67.7,0.95,54.7,0.99,416.6,,,0.01,416.6,,,0.04,67.7,0.05,54.7,0.03,0.03,619.703239,1776186799000
1776186801.192,201.192,0.97,89.3,0.96,67.7,0.99,411.6,,,0.01,416.6,,,0.04,67.7,0.05,54.7,0.02,0.03,619.703239,1776186799000
1776186801.893,201.893,0.97,89.3,0.96,67.7,0.99,411.6,,,0.01,411.6,,,0.03,89.3,0.04,67.7,0.02,0.02,619.866779,1776186801000
1776186802.906,202.906,0.97,89.3,0.96,67.7,0.99,411.6,,,0.01,411.6,,,0.03,89.3,0.04,67.7,0.02,0.02,619.879086,1776186802000
1776186804.043,204.043,0.97,89.3,0.96,67.7,0.99,411.6,,,0.01,411.6,,,0.03,89.3,0.04,67.7,0.02,0.02,619.879086,1776186803000
1776186805.128,205.128,0.97,89.3,0.96,67.7,0.99,411.6,,,0.01,411.6,,,0.03,89.3,0.04,67.7,0.02,0.02,619.878933,1776186804000
1776186806.288,206.288,0.97,89.3,0.96,67.7,0.99,411.6,,,0.01,411.6,,,0.03,89.3,0.04,67.7,0.02,0.02,619.878933,1776186805000
1776186807.383,207.383,0.97,89.3,0.96,67.7,0.99,411.6,,,0.01,411.6,,,0.03,89.3,0.04,67.7,0.02,0.02,619.876811,1776186806000
1776186808.312,208.312,0.97,89.3,0.96,67.7,0.99,411.6,,,0.01,411.6,,,0.03,89.3,0.04,67.7,0.02,0.02,619.883162,1776186807000
1776186809.882,209.882,0.97,89.3,0.96,67.7,0.99,411.6,,,0.01,411.6,,,0.03,89.3,0.04,67.7,0.02,0.02,619.881515,1776186808000
1776186811.124,211.124,0.97,89.3,0.96,67.7,0.99,411.6,,,0.01,411.6,,,0.03,89.3,0.04,67.7,0.02,0.02,619.881521,1776186809000
1776186811.632,211.632,0.97,89.3,0.96,67.7,0.99,411.6,,,0.01,411.6,,,0.03,89.3,0.04,67.7,0.02,0.02,619.881648,1776186810000
1776186812.377,212.377,0.97,89.3,0.96,67.7,0.99,411.6,,,0.01,411.6,,,0.03,89.3,0.04,67.7,0.02,0.02,619.879654,1776186811000
1776186814.1,214.1,0.97,89.3,0.96,67.7,0.99,411.6,,,0.01,411.6,,,0.03,89.3,0.04,67.7,0.02,0.02,619.875207,1776186813000
1776186815.387,215.387,0.97,89.3,0.96,67.7,0.99,411.6,,,0.01,411.6,,,0.03,89.3,0.04,67.7,0.02,0.02,619.875041,1776186814000
1776186816.047,216.047,0.97,89.3,0.96,67.7,0.99,411.6,,,0.01,411.6,,,0.03,89.3,0.04,67.7,0.02,0.02,619.874973,1776186815000
1776186817.362,217.362,0.97,89.3,0.96,67.7,0.99,411.6,,,0.01,411.6,,,0.03,89.3,0.04,67.7,0.02,0.02,619.835548,1776186816000
1776186817.618,217.618,0.98,132.69,0.97,89.3,0.99,330.58,,,0.01,411.6,,,0.03,89.3,0.04,67.7,0.01,0.02,619.835548,1776186816000
1776186819.079,219.079,0.98,132.69,0.97,89.3,0.99,330.58,,,0.01,330.58,,,0.02,132.69,0.03,89.3,0.01,0.01,619.833758,1776186818000
1776186820.306,220.306,0.98,132.69,0.97,89.3,0.99,330.58,,,0.01,330.58,,,0.02,132.69,0.03,89.3,0.01,0.01,619.834921,1776186819000
1776186821.661,221.661,0.98,132.69,0.97,89.3,0.99,330.58,,,0.01,330.58,,,0.02,132.69,0.03,89.3,0.01,0.01,619.834921,1776186820000
1776186822.452,222.452,0.98,132.69,0.97,89.3,0.99,330.58,,,0.01,330.58,,,0.02,132.69,0.03,89.3,0.01,0.01,619.834891,1776186821000
1776186823.225,223.225,0.98,132.69,0.97,89.3,0.99,330.58,,,0.01,330.58,,,0.02,132.69,0.03,89.3,0.01,0.01,619.83652,1776186822000
1776186824.316,224.316,0.98,132.69,0.97,89.3,0.99,330.58,,,0.01,330.58,,,0.02,132.69,0.03,89.3,0.01,0.01,619.840968,1776186823000
1776186825.585,225.585,0.98,132.69,0.97,89.3,0.99,330.58,,,0.01,330.58,,,0.02,132.69,0.03,89.3,0.01,0.01,619.83891,1776186824000
1776186826.385,226.385,0.98,132.69,0.97,89.3,0.99,330.58,,,0.01,330.58,,,0.02,132.69,0.03,89.3,0.01,0.01,619.83891,1776186825000
1776186828.256,228.256,0.98,132.69,0.97,89.3,0.99,330.58,,,0.01,330.58,,,0.02,132.69,0.03,89.3,0.01,0.01,619.838786,1776186827000
1776186829.337,229.337,0.98,132.69,0.97,89.3,0.99,330.58,,,0.01,330.58,,,0.02,132.69,0.03,89.3,0.01,0.01,619.8,1776186828000
1776186830.467,230.467,0.98,132.69,0.97,89.3,0.99,330.58,,,0.01,330.58,,,0.02,132.69,0.03,89.3,0.01,0.01,619.777,1776186829000
1776186831.084,231.084,0.98,132.69,0.97,89.3,0.99,330.58,,,0.01,330.58,,,0.02,132.69,0.03,89.3,0.01,0.01,619.777,1776186830000
1776186832.162,232.162,0.98,132.69,0.97,89.3,0.99,330.58,,,0.01,330.58,,,0.02,132.69,0.03,89.3,0.01,0.01,619.77,1776186831000
1776186833.313,233.313,0.98,132.69,0.97,89.3,0.99,330.58,,,0.01,330.58,,,0.02,132.69,0.03,89.3,0.01,0.01,619.767,1776186832000
1776186834.418,234.418,0.98,132.69,0.97,89.3,0.99,330.58,,,0.01,330.58,,,0.02,132.69,0.03,89.3,0.01,0.01,619.748,1776186833000
1776186835.046,235.046,0.98,132.69,0.97,89.3,0.99,330.58,,,0.01,330.58,,,0.02,132.69,0.03,89.3,0.01,0.01,619.748,1776186834000
1776186836.056,236.056,0.98,132.69,0.97,89.3,0.99,330.58,,,0.01,330.58,,,0.02,132.69,0.03,89.3,0.01,0.01,619.744,1776186835000
1776186837.279,237.279,0.98,132.69,0.97,89.3,0.99,330.58,,,0.01,330.58,,,0.02,132.69,0.03,89.3,0.01,0.01,619.761,1776186836000
1776186838.343,238.343,0.98,132.69,0.97,89.3,0.99,330.58,,,0.01,330.58,,,0.02,132.69,0.03,89.3,0.01,0.01,619.812,1776186837000
1776186838.92,238.92,0.98,132.69,0.97,89.3,0.99,330.58,,,0.01,330.58,,,0.02,132.69,0.03,89.3,0.01,0.01,619.812,1776186838000
1776186839.998,239.998,0.98,132.69,0.97,89.3,0.99,330.58,,,0.01,330.58,,,0.02,132.69,0.03,89.3,0.01,0.01,619.8,1776186839000
1776186841.085,241.085,0.98,132.69,0.97,89.3,0.99,330.58,,,0.01,330.58,,,0.02,132.69,0.03,89.3,0.01,0.01,619.813984,1776186840000
1776186842.64,242.64,0.98,132.69,0.97,89.3,0.99,330.58,,,0.01,330.58,,,0.02,132.69,0.03,89.3,0.01,0.01,619.835435,1776186841000
1776186843.18,243.18,0.98,132.69,0.97,89.3,0.99,330.58,,,0.01,330.58,,,0.02,132.69,0.03,89.3,0.01,0.01,619.835435,1776186842000
1776186844.348,244.348,0.98,132.69,0.97,89.3,0.99,330.58,,,0.01,330.58,,,0.02,132.69,0.03,89.3,0.01,0.01,619.870816,1776186843000
1776186845.534,245.534,0.98,132.69,0.97,89.3,0.99,330.58,,,0.01,330.58,,,0.02,132.69,0.03,89.3,0.01,0.01,619.870824,1776186844000
1776186846.149,246.149,0.98,132.69,0.97,89.3,0.99,330.58,,,0.01,330.58,,,0.02,132.69,0.03,89.3,0.01,0.01,619.871625,1776186845000
1776186847.269,247.269,0.98,132.69,0.97,89.3,0.99,330.58,,,0.01,330.58,,,0.02,132.69,0.03,89.3,0.01,0.01,619.871392,1776186846000
1776186848.493,248.493,0.98,132.69,0.97,89.3,0.99,330.58,,,0.01,330.58,,,0.02,132.69,0.03,89.3,0.01,0.01,619.871427,1776186847000
1776186849.145,249.145,0.98,132.69,0.97,89.3,0.99,330.58,,,0.01,330.58,,,0.02,132.69,0.03,89.3,0.01,0.01,619.871569,1776186848000
1776186850.215,250.215,0.98,132.69,0.97,89.3,0.99,330.58,,,0.01,330.58,,,0.02,132.69,0.03,89.3,0.01,0.01,619.871378,1776186849000
1776186851.353,251.353,0.98,132.69,0.97,89.3,0.99,330.58,,,0.01,330.58,,,0.02,132.69,0.03,89.3,0.01,0.01,619.871908,1776186850000
1776186852.455,252.455,0.98,132.69,0.97,89.3,0.99,330.58,,,0.01,330.58,,,0.02,132.69,0.03,89.3,0.01,0.01,619.875195,1776186851000
1776186853.036,253.036,0.98,132.69,0.97,89.3,0.99,330.58,,,0.01,330.58,,,0.02,132.69,0.03,89.3,0.01,0.01,619.875195,1776186852000
1776186854.241,254.241,0.98,132.69,0.97,89.3,0.99,330.58,,,0.01,330.58,,,0.02,132.69,0.03,89.3,0.01,0.01,619.871676,1776186853000
1776186855.342,255.342,0.98,132.69,0.97,89.3,0.99,330.58,,,0.01,330.58,,,0.02,132.69,0.03,89.3,0.01,0.01,619.874918,1776186854000
1776186856.529,256.529,0.98,132.69,0.97,89.3,0.99,330.58,,,0.01,330.58,,,0.02,132.69,0.03,89.3,0.01,0.01,619.874927,1776186855000
1776186857.456,257.456,0.98,132.69,0.97,89.3,0.99,330.58,,,0.01,330.58,,,0.02,132.69,0.03,89.3,0.01,0.01,619.879709,1776186856000
1776186858.068,258.068,0.98,132.69,0.97,89.3,0.99,330.58,,,0.01,330.58,,,0.02,132.69,0.03,89.3,0.01,0.01,619.879739,1776186857000
1776186859.105,259.105,0.98,132.69,0.97,89.3,0.99,330.58,,,0.01,330.58,,,0.02,132.69,0.03,89.3,0.01,0.01,619.878627,1776186858000
1776186860.099,260.099,0.98,132.69,0.97,89.3,0.99,330.58,,,0.01,330.58,,,0.02,132.69,0.03,89.3,0.01,0.01,619.896103,1776186859000
1776186861.134,261.134,0.98,132.69,0.97,89.3,0.99,330.58,,,0.01,330.58,,,0.02,132.69,0.03,89.3,0.01,0.01,619.935782,1776186860000
1776186861.583,261.583,0.99,927.02,0.98,137.69,,,,,0.01,330.58,,,0.02,132.69,0.03,89.3,,0.01,619.935782,1776186860000
1776186862.662,262.662,0.99,927.02,0.98,137.69,,,,,,,,,0.01,927.02,0.02,137.69,,,619.94818,1776186861000
1776186863.372,263.372,0.99,927.02,0.98,137.69,,,,,,,,,0.01,927.02,0.02,137.69,,,619.992,1776186862000
1776186864.501,264.501,0.99,927.02,0.98,137.69,,,,,,,,,0.01,927.02,0.02,137.69,,,619.963869,1776186863000
1776186865.137,265.137,0.99,927.02,0.98,137.69,,,,,,,,,0.01,927.02,0.02,137.69,,,619.963868,1776186864000
1776186866.425,266.425,0.99,927.02,0.98,137.69,,,,,,,,,0.01,927.02,0.02,137.69,,,619.964122,1776186865000
1776186866.969,266.969,0.99,927.02,0.98,137.69,,,,,,,,,0.01,927.02,0.02,137.69,,,619.961332,1776186866000
1776186868.331,268.331,0.99,927.02,0.98,137.69,,,,,,,,,0.01,927.02,0.02,137.69,,,619.961156,1776186867000
1776186868.991,268.991,0.99,927.02,0.98,137.69,,,,,,,,,0.01,927.02,0.02,137.69,,,619.961156,1776186868000
1776186870.157,270.157,0.99,927.02,0.98,137.69,,,,,,,,,0.01,927.02,0.02,137.69,,,619.961156,1776186869000
1776186871.426,271.426,0.99,927.02,0.98,137.69,,,,,,,,,0.01,927.02,0.02,137.69,,,619.959587,1776186870000
1776186872.056,272.056,0.99,927.02,0.98,137.69,,,,,,,,,0.01,927.02,0.02,137.69,,,619.967218,1776186871000
1776186874.412,274.412,0.99,927.02,0.98,137.69,,,,,,,,,0.01,927.02,0.02,137.69,,,619.977,1776186873000
1776186874.893,274.893,0.99,927.02,0.98,137.69,,,,,,,,,0.01,927.02,0.02,137.69,,,619.96763,1776186874000
1776186875.881,275.881,0.99,927.02,0.98,137.69,,,,,,,,,0.01,927.02,0.02,137.69,,,620.00516,1776186875000
1776186876.84,276.84,0.99,927.02,0.98,137.69,,,,,,,,,0.01,927.02,0.02,137.69,,,620.0051,1776186876000
1776186877.92,277.92,0.99,927.02,0.98,137.69,,,,,,,,,0.01,927.02,0.02,137.69,,,619.99688,1776186877000
1776186878.936,278.936,0.99,927.02,0.98,137.69,,,,,,,,,0.01,927.02,0.02,137.69,,,620.02722,1776186878000
1776186880.034,280.034,0.99,927.02,0.98,137.69,,,,,,,,,0.01,927.02,0.02,137.69,,,620.03505,1776186879000
1776186881.013,281.013,0.99,927.02,0.98,137.69,,,,,,,,,0.01,927.02,0.02,137.69,,,620.02254,1776186880000
1776186882.037,282.037,0.99,927.02,0.98,137.69,,,,,,,,,0.01,927.02,0.02,137.69,,,620.02158,1776186881000
1776186883.088,283.088,0.99,927.02,0.98,137.69,,,,,,,,,0.01,927.02,0.02,137.69,,,620.02742,1776186882000
1776186883.921,283.921,0.99,927.02,0.98,137.69,,,,,,,,,0.01,927.02,0.02,137.69,,,620.02803,1776186883000
1776186884.945,284.945,0.99,927.02,0.98,137.69,,,,,,,,,0.01,927.02,0.02,137.69,,,620.050245,1776186884000
1776186885.977,285.977,0.99,927.02,0.98,137.69,,,,,,,,,0.01,927.02,0.02,137.69,,,620.038,1776186885000
1776186887.669,287.669,0.99,927.02,0.98,137.69,,,,,,,,,0.01,927.02,0.02,137.69,,,620.036,1776186886000
1776186888.398,288.398,0.99,927.02,0.98,137.69,,,,,,,,,0.01,927.02,0.02,137.69,,,620.042,1776186887000
1776186888.973,288.973,0.99,927.02,0.98,137.69,,,,,,,,,0.01,927.02,0.02,137.69,,,620.042,1776186888000
1776186890.293,290.293,0.99,927.02,0.98,137.69,,,,,,,,,0.01,927.02,0.02,137.69,,,620.048,1776186889000
1776186891.811,291.811,0.99,927.02,0.98,137.69,,,,,,,,,0.01,927.02,0.02,137.69,,,620.043,1776186890000
1776186892.771,292.771,0.99,927.02,0.98,137.69,,,,,,,,,0.01,927.02,0.02,137.69,,,620.017,1776186891000
1776186893.453,293.453,0.99,927.02,0.98,137.69,,,,,,,,,0.01,927.02,0.02,137.69,,,620.019,1776186892000
1776186894.104,294.104,0.99,927.02,0.98,137.69,,,,,,,,,0.01,927.02,0.02,137.69,,,620.01298,1776186893000
1776186895.572,295.572,0.99,927.02,0.98,137.69,,,,,,,,,0.01,927.02,0.02,137.69,,,620.01298,1776186894000
1776186896.266,296.266,0.99,927.02,0.98,137.69,,,,,,,,,0.01,927.02,0.02,137.69,,,620.011357,1776186895000
1776186897.674,297.674,0.99,927.02,0.98,137.69,,,,,,,,,0.01,927.02,0.02,137.69,,,620.012,1776186896000
1776186898.326,298.326,0.99,927.02,0.98,137.69,,,,,,,,,0.01,927.02,0.02,137.69,,,620.013786,1776186897000
1776186899.675,299.675,0.99,927.02,0.98,137.69,,,,,,,,,0.01,927.02,0.02,137.69,,,620.016049,1776186898000
1776186900.362,300.362,0.99,927.02,0.98,137.69,,,,,,,,,0.01,927.02,0.02,137.69,,,620.016049,1776186899000
1776186901.147,301.147,0.99,927.02,0.98,137.69,,,,,,,,,0.01,927.02,0.02,137.69,,,620.016053,1776186900000

# RESULT,winner=Up,slug=bnb-updown-5m-1776186600,ticks=317
