timestamp,elapsed_sec,up_bid_p1,up_bid_s1,up_bid_p2,up_bid_s2,up_ask_p1,up_ask_s1,up_ask_p2,up_ask_s2,down_bid_p1,down_bid_s1,down_bid_p2,down_bid_s2,down_ask_p1,down_ask_s1,down_ask_p2,down_ask_s2,up_spread,down_spread,bnb_price,bnb_oracle_ts
1776197701.403,1.403,,,,,,,,,,,,,,,,,,,615.138,1776197700000
1776197701.662,1.662,0.49,5.0,0.33,300.0,0.67,300.0,0.69,375.0,0.33,300.0,0.31,375.0,0.51,5.0,0.67,300.0,0.18,0.18,615.138,1776197700000
1776197702.016,2.016,0.49,5.0,0.33,300.0,0.67,300.0,0.69,375.0,0.33,300.0,0.31,375.0,0.51,5.0,0.67,300.0,0.18,0.18,615.138,1776197701000
1776197702.957,2.957,0.49,5.0,0.33,300.0,0.67,300.0,0.69,375.0,0.33,300.0,0.31,375.0,0.51,5.0,0.67,300.0,0.18,0.18,615.14,1776197702000
1776197704.091,4.091,0.49,5.0,0.33,300.0,0.67,300.0,0.69,375.0,0.33,300.0,0.31,375.0,0.51,5.0,0.67,300.0,0.18,0.18,615.158,1776197703000
1776197705.212,5.212,0.49,5.0,0.33,300.0,0.67,300.0,0.69,375.0,0.33,300.0,0.31,375.0,0.51,5.0,0.67,300.0,0.18,0.18,615.241,1776197704000
1776197706.396,6.396,0.49,5.0,0.33,300.0,0.67,300.0,0.69,375.0,0.33,300.0,0.31,375.0,0.51,5.0,0.67,300.0,0.18,0.18,615.223,1776197705000
1776197707.486,7.486,0.49,5.0,0.33,300.0,0.67,300.0,0.69,375.0,0.33,300.0,0.31,375.0,0.51,5.0,0.67,300.0,0.18,0.18,615.195889,1776197706000
1776197708.084,8.084,0.49,5.0,0.33,300.0,0.67,300.0,0.69,375.0,0.33,300.0,0.31,375.0,0.51,5.0,0.67,300.0,0.18,0.18,615.158,1776197707000
1776197709.477,9.477,0.5,9.4,0.49,5.0,0.54,6.0,0.56,5.0,0.46,6.0,0.44,5.0,0.5,9.4,0.51,5.0,0.04,0.04,615.158,1776197708000
1776197710.233,10.233,0.5,9.4,0.49,5.0,0.54,6.0,0.56,5.0,0.46,6.0,0.44,5.0,0.5,9.4,0.51,5.0,0.04,0.04,615.140765,1776197709000
1776197711.255,11.255,0.5,9.4,0.49,5.0,0.54,3.66,0.56,5.0,0.46,6.0,0.44,5.0,0.5,9.4,0.51,5.0,0.04,0.04,615.140765,1776197709000
1776197711.505,11.505,0.5,9.4,0.49,5.0,0.54,3.66,0.56,5.0,0.46,3.66,0.44,5.0,0.5,9.4,0.51,5.0,0.04,0.04,615.140608,1776197710000
1776197712.221,12.221,0.5,9.4,0.49,5.0,0.54,3.66,0.56,5.0,0.46,3.66,0.44,5.0,0.5,9.4,0.51,5.0,0.04,0.04,615.138774,1776197711000
1776197713.575,13.575,0.5,9.4,0.49,5.0,0.54,3.66,0.56,5.0,0.46,3.66,0.44,5.0,0.5,9.4,0.51,5.0,0.04,0.04,615.138716,1776197712000
1776197714.271,14.271,0.5,9.4,0.49,5.0,0.54,3.66,0.56,5.0,0.46,3.66,0.44,5.0,0.5,9.4,0.51,5.0,0.04,0.04,615.138739,1776197713000
1776197715.674,15.674,0.5,9.4,0.49,5.0,0.54,3.66,0.56,5.0,0.46,3.66,0.44,5.0,0.5,9.4,0.51,5.0,0.04,0.04,615.138868,1776197714000
1776197716.482,16.482,0.5,9.4,0.49,5.0,0.54,3.66,0.56,5.0,0.46,3.66,0.44,5.0,0.5,9.4,0.51,5.0,0.04,0.04,615.138868,1776197715000
1776197717.199,17.199,0.5,9.4,0.49,5.0,0.54,3.66,0.56,5.0,0.46,3.66,0.44,5.0,0.5,9.4,0.51,5.0,0.04,0.04,615.138866,1776197716000
1776197718.403,18.403,0.5,9.4,0.49,5.0,0.54,3.66,0.56,5.0,0.46,3.66,0.44,5.0,0.5,9.4,0.51,5.0,0.04,0.04,615.138918,1776197717000
1776197719.044,19.044,0.5,9.4,0.49,5.0,0.54,3.66,0.56,5.0,0.46,3.66,0.44,5.0,0.5,9.4,0.51,5.0,0.04,0.04,615.13888,1776197718000
1776197720.3,20.3,0.5,9.4,0.49,5.0,0.54,3.66,0.56,5.0,0.46,3.66,0.44,5.0,0.5,9.4,0.51,5.0,0.04,0.04,615.13897,1776197719000
1776197721.585,21.585,0.5,9.4,0.49,5.0,0.54,3.66,0.56,5.0,0.46,3.66,0.44,5.0,0.5,9.4,0.51,5.0,0.04,0.04,615.139023,1776197720000
1776197722.202,22.202,0.5,9.4,0.49,5.0,0.54,3.66,0.56,5.0,0.46,3.66,0.44,5.0,0.5,9.4,0.51,5.0,0.04,0.04,615.139022,1776197721000
1776197723.541,23.541,0.5,9.4,0.49,5.0,0.54,3.66,0.56,5.0,0.46,3.66,0.44,5.0,0.5,9.4,0.51,5.0,0.04,0.04,615.139035,1776197722000
1776197724.206,24.206,0.5,9.4,0.49,5.0,0.54,3.66,0.56,5.0,0.46,3.66,0.44,5.0,0.5,9.4,0.51,5.0,0.04,0.04,615.139035,1776197723000
1776197724.662,24.662,0.5,4.4,0.49,5.0,0.54,3.66,0.57,10.0,0.46,3.66,0.44,5.0,0.5,9.4,0.51,5.0,0.04,0.04,615.139035,1776197723000
1776197725.86,25.86,0.49,4.4,0.41,5.0,0.54,3.66,0.57,10.0,0.46,3.66,0.43,10.0,0.51,4.4,0.59,5.0,0.05,0.05,615.138154,1776197724000
1776197727.215,27.215,0.49,4.4,0.41,5.0,0.54,3.66,0.57,10.0,0.46,3.66,0.43,10.0,0.51,4.4,0.59,5.0,0.05,0.05,615.106,1776197726000
1776197728.575,28.575,0.49,4.4,0.41,5.0,0.54,3.66,0.57,10.0,0.46,3.66,0.43,10.0,0.51,4.4,0.59,5.0,0.05,0.05,615.05488,1776197727000
1776197729.457,29.457,0.49,4.4,0.41,5.0,0.54,3.66,0.57,10.0,0.46,3.66,0.43,10.0,0.51,4.4,0.59,5.0,0.05,0.05,615.05025,1776197728000
1776197730.11,30.11,0.49,4.4,0.41,5.0,0.54,3.66,0.57,10.0,0.46,3.66,0.43,10.0,0.51,4.4,0.59,5.0,0.05,0.05,615.050168,1776197729000
1776197731.462,31.462,0.49,4.4,0.41,5.0,0.54,3.66,0.57,10.0,0.46,3.66,0.43,10.0,0.51,4.4,0.59,5.0,0.05,0.05,615.047405,1776197730000
1776197731.964,31.964,0.49,4.4,0.41,5.0,0.54,3.66,0.57,10.0,0.46,3.66,0.43,10.0,0.51,4.4,0.59,5.0,0.05,0.05,615.047511,1776197731000
1776197733.121,33.121,0.49,4.4,0.41,5.0,0.54,3.66,0.57,10.0,0.46,3.66,0.43,10.0,0.51,4.4,0.59,5.0,0.05,0.05,615.047495,1776197732000
1776197734.321,34.321,0.49,4.4,0.41,5.0,0.54,3.66,0.57,10.0,0.46,3.66,0.43,10.0,0.51,4.4,0.59,5.0,0.05,0.05,615.047575,1776197733000
1776197735.397,35.397,0.49,4.4,0.41,5.0,0.54,3.66,0.57,10.0,0.46,3.66,0.43,10.0,0.51,4.4,0.59,5.0,0.05,0.05,615.047127,1776197734000
1776197735.907,35.907,0.49,4.4,0.41,5.0,0.54,3.66,0.57,10.0,0.46,3.66,0.43,10.0,0.51,4.4,0.59,5.0,0.05,0.05,615.047337,1776197735000
1776197737.047,37.047,0.49,4.4,0.41,5.0,0.54,3.66,0.57,10.0,0.46,3.66,0.43,10.0,0.51,4.4,0.59,5.0,0.05,0.05,615.047267,1776197736000
1776197738.236,38.236,0.49,4.4,0.41,5.0,0.54,3.66,0.57,10.0,0.46,3.66,0.43,10.0,0.51,4.4,0.59,5.0,0.05,0.05,615.047284,1776197737000
1776197739.376,39.376,0.49,4.4,0.41,5.0,0.54,3.66,0.57,10.0,0.46,3.66,0.43,10.0,0.51,4.4,0.59,5.0,0.05,0.05,615.031352,1776197738000
1776197739.939,39.939,0.49,4.4,0.41,5.0,0.54,3.66,0.57,10.0,0.46,3.66,0.43,10.0,0.51,4.4,0.59,5.0,0.05,0.05,615.032598,1776197739000
1776197741.045,41.045,0.49,4.4,0.41,5.0,0.54,3.66,0.57,10.0,0.46,3.66,0.43,10.0,0.51,4.4,0.59,5.0,0.05,0.05,615.032598,1776197740000
1776197742.531,42.531,0.49,4.4,0.4,5.0,0.52,5.0,0.54,3.66,0.48,5.0,0.46,3.66,0.51,4.4,0.6,5.0,0.03,0.03,615.032641,1776197741000
1776197743.049,43.049,0.49,4.4,0.4,5.0,0.52,5.0,0.54,3.66,0.48,5.0,0.46,3.66,0.51,4.4,0.6,5.0,0.03,0.03,615.032653,1776197742000
1776197744.288,44.288,0.49,4.4,0.4,5.0,0.52,5.0,0.54,3.66,0.48,5.0,0.46,3.66,0.51,4.4,0.6,5.0,0.03,0.03,615.032771,1776197743000
1776197745.278,45.278,0.49,4.4,0.4,5.0,0.52,5.0,0.54,3.66,0.48,5.0,0.46,3.66,0.51,4.4,0.6,5.0,0.03,0.03,615.032767,1776197744000
1776197746.286,46.286,0.49,4.4,0.4,5.0,0.52,5.0,0.54,3.66,0.48,5.0,0.46,3.66,0.51,4.4,0.6,5.0,0.03,0.03,615.032661,1776197745000
1776197747.373,47.373,0.49,4.4,0.4,5.0,0.52,5.0,0.54,3.66,0.48,5.0,0.46,3.66,0.51,4.4,0.6,5.0,0.03,0.03,615.032726,1776197746000
1776197748.283,48.283,0.49,4.4,0.4,5.0,0.52,5.0,0.54,3.66,0.48,5.0,0.46,3.66,0.51,4.4,0.6,5.0,0.03,0.03,615.032529,1776197747000
1776197748.783,48.783,0.35,5.0,0.32,10.0,0.5,10.0,0.51,15.0,0.48,5.0,0.46,3.66,0.51,4.4,0.6,5.0,0.15,0.03,615.032529,1776197747000
1776197749.226,49.226,0.35,5.0,0.32,10.0,0.5,10.0,0.51,15.0,0.5,10.0,0.49,15.0,0.65,5.0,0.68,10.0,0.15,0.15,615.000666,1776197748000
1776197750.422,50.422,0.35,5.0,0.32,10.0,0.5,10.0,0.51,15.0,0.5,10.0,0.49,15.0,0.65,5.0,0.68,10.0,0.15,0.15,614.999844,1776197749000
1776197750.928,50.928,0.35,5.0,0.32,10.0,0.5,10.0,0.51,15.0,0.5,10.0,0.49,15.0,0.65,5.0,0.68,10.0,0.15,0.15,614.998725,1776197750000
1776197752.109,52.109,0.35,5.0,0.32,10.0,0.5,10.0,0.51,15.0,0.5,10.0,0.49,15.0,0.65,5.0,0.68,10.0,0.15,0.15,614.972,1776197751000
1776197753.109,53.109,0.35,5.0,0.32,10.0,0.5,10.0,0.51,15.0,0.5,10.0,0.49,15.0,0.65,5.0,0.68,10.0,0.15,0.15,614.988183,1776197752000
1776197754.184,54.184,0.35,5.0,0.32,10.0,0.5,10.0,0.51,15.0,0.5,10.0,0.49,15.0,0.65,5.0,0.68,10.0,0.15,0.15,615.031,1776197753000
1776197755.179,55.179,0.35,5.0,0.32,10.0,0.5,10.0,0.51,15.0,0.5,10.0,0.49,15.0,0.65,5.0,0.68,10.0,0.15,0.15,615.031,1776197754000
1776197755.431,55.431,0.36,10.0,0.35,5.0,0.45,1.31,0.46,5.0,0.5,10.0,0.49,15.0,0.65,5.0,0.68,10.0,0.09,0.15,615.031,1776197754000
1776197756.334,56.334,0.36,10.0,0.33,5.0,0.51,5.0,0.52,5.0,0.49,5.0,0.48,5.0,0.64,10.0,0.67,5.0,0.15,0.15,615.028,1776197755000
1776197757.627,57.627,0.5,17.96,0.39,5.0,0.54,3.66,0.57,10.0,0.49,5.0,0.48,5.0,0.64,10.0,0.67,5.0,0.04,0.15,615.028,1776197755000
1776197758.413,58.413,0.5,17.96,0.39,5.0,0.54,3.66,0.57,10.0,0.46,3.66,0.43,10.0,0.5,17.96,0.61,5.0,0.04,0.04,615.05,1776197757000
1776197758.658,58.658,0.5,7.7,0.41,55.0,0.54,3.66,0.61,10.0,0.46,3.66,0.43,10.0,0.5,17.96,0.61,5.0,0.04,0.04,615.05,1776197757000
1776197759.194,59.194,0.5,7.7,0.41,55.0,0.54,3.66,0.61,10.0,0.46,3.66,0.39,10.0,0.5,7.7,0.59,55.0,0.04,0.04,615.05,1776197758000
1776197759.395,59.395,0.5,7.7,0.41,55.0,0.6,10.8,0.61,20.9,0.46,3.66,0.39,10.0,0.5,7.7,0.59,55.0,0.1,0.04,615.05,1776197758000
1776197760.975,60.975,0.5,7.7,0.41,55.0,0.6,10.8,0.61,20.9,0.4,10.8,0.39,20.9,0.5,7.7,0.59,55.0,0.1,0.1,615.044,1776197759000
1776197761.75,61.75,0.5,7.7,0.41,55.0,0.6,10.8,0.61,20.9,0.4,10.8,0.39,20.9,0.5,7.7,0.59,55.0,0.1,0.1,615.044,1776197760000
1776197762.36,62.36,0.5,7.7,0.41,55.0,0.6,10.8,0.61,20.9,0.4,10.8,0.39,20.9,0.5,7.7,0.59,55.0,0.1,0.1,615.14,1776197761000
1776197763.139,63.139,0.5,7.7,0.41,55.0,0.6,10.8,0.61,20.9,0.4,10.8,0.39,20.9,0.5,7.7,0.59,55.0,0.1,0.1,615.144136,1776197762000
1776197764.525,64.525,0.5,7.7,0.41,55.0,0.6,10.8,0.61,20.9,0.4,10.8,0.39,20.9,0.5,7.7,0.59,55.0,0.1,0.1,615.191,1776197763000
1776197765.203,65.203,0.5,7.7,0.41,55.0,0.6,10.8,0.61,20.9,0.4,10.8,0.39,20.9,0.5,7.7,0.59,55.0,0.1,0.1,615.161,1776197764000
1776197766.727,66.727,0.5,7.7,0.41,55.0,0.6,10.8,0.61,20.9,0.4,10.8,0.39,20.9,0.5,7.7,0.59,55.0,0.1,0.1,615.149063,1776197765000
1776197767.454,67.454,0.5,7.7,0.41,55.0,0.6,10.8,0.61,20.9,0.4,10.8,0.39,20.9,0.5,7.7,0.59,55.0,0.1,0.1,615.14638,1776197766000
1776197768.098,68.098,0.5,7.7,0.41,55.0,0.6,10.8,0.61,20.9,0.4,10.8,0.39,20.9,0.5,7.7,0.59,55.0,0.1,0.1,615.162,1776197767000
1776197769.516,69.516,0.5,7.7,0.41,55.0,0.6,10.8,0.61,20.9,0.4,10.8,0.39,20.9,0.5,7.7,0.59,55.0,0.1,0.1,615.166,1776197768000
1776197770.144,70.144,0.5,7.7,0.41,55.0,0.6,10.8,0.61,20.9,0.4,10.8,0.39,20.9,0.5,7.7,0.59,55.0,0.1,0.1,615.166,1776197769000
1776197771.728,71.728,0.5,7.7,0.41,55.0,0.6,10.8,0.61,20.9,0.4,10.8,0.39,20.9,0.5,7.7,0.59,55.0,0.1,0.1,615.176,1776197770000
1776197772.491,72.491,0.5,7.7,0.41,55.0,0.6,10.8,0.61,20.9,0.4,10.8,0.39,20.9,0.5,7.7,0.59,55.0,0.1,0.1,615.167,1776197771000
1776197773.241,73.241,0.5,7.7,0.41,55.0,0.6,10.8,0.61,20.9,0.4,10.8,0.39,20.9,0.5,7.7,0.59,55.0,0.1,0.1,615.167,1776197772000
1776197774.642,74.642,0.5,7.7,0.41,55.0,0.6,10.8,0.61,20.9,0.4,10.8,0.39,20.9,0.5,7.7,0.59,55.0,0.1,0.1,615.166,1776197773000
1776197775.966,75.966,0.5,7.7,0.41,55.0,0.6,10.8,0.61,20.9,0.4,10.8,0.39,20.9,0.5,7.7,0.59,55.0,0.1,0.1,615.173,1776197774000
1776197777.102,77.102,0.5,7.7,0.41,55.0,0.6,10.8,0.61,20.9,0.4,10.8,0.39,20.9,0.5,7.7,0.59,55.0,0.1,0.1,615.161,1776197775000
1776197777.988,77.988,0.5,7.7,0.41,55.0,0.6,10.8,0.61,20.9,0.4,10.8,0.39,20.9,0.5,7.7,0.59,55.0,0.1,0.1,615.139,1776197776000
1776197778.718,78.718,0.5,7.7,0.41,55.0,0.6,10.8,0.61,20.9,0.4,10.8,0.39,20.9,0.5,7.7,0.59,55.0,0.1,0.1,615.139,1776197777000
1776197779.482,79.482,0.5,7.7,0.41,55.0,0.6,10.8,0.61,20.9,0.4,10.8,0.39,20.9,0.5,7.7,0.59,55.0,0.1,0.1,615.141,1776197778000
1776197780.336,80.336,0.5,7.7,0.41,55.0,0.6,10.8,0.61,20.9,0.4,10.8,0.39,20.9,0.5,7.7,0.59,55.0,0.1,0.1,615.141,1776197779000
1776197781.683,81.683,0.5,7.7,0.41,55.0,0.6,10.8,0.61,20.9,0.4,10.8,0.39,20.9,0.5,7.7,0.59,55.0,0.1,0.1,615.13722,1776197780000
1776197782.414,82.414,0.5,7.7,0.41,55.0,0.6,10.8,0.61,20.9,0.4,10.8,0.39,20.9,0.5,7.7,0.59,55.0,0.1,0.1,615.138,1776197781000
1776197783.152,83.152,0.5,7.7,0.41,55.0,0.6,10.8,0.61,20.9,0.4,10.8,0.39,20.9,0.5,7.7,0.59,55.0,0.1,0.1,615.138,1776197782000
1776197784.668,84.668,0.5,7.7,0.41,55.0,0.6,10.8,0.61,20.9,0.4,10.8,0.39,20.9,0.5,7.7,0.59,55.0,0.1,0.1,615.141345,1776197783000
1776197785.352,85.352,0.5,7.7,0.41,55.0,0.6,10.8,0.61,20.9,0.4,10.8,0.39,20.9,0.5,7.7,0.59,55.0,0.1,0.1,615.142,1776197784000
1776197786.149,86.149,0.5,7.7,0.41,55.0,0.6,10.8,0.61,20.9,0.4,10.8,0.39,20.9,0.5,7.7,0.59,55.0,0.1,0.1,615.142,1776197785000
1776197790.231,90.231,0.5,2.7,0.45,5.0,0.52,10.4,0.53,10.4,0.4,10.8,0.39,20.9,0.5,7.7,0.59,55.0,0.02,0.1,615.142,1776197785000
1776197790.925,90.925,0.45,5.0,0.43,5.0,0.46,15.3,0.51,10.4,0.48,10.4,0.47,10.4,0.5,2.7,0.55,5.0,0.01,0.02,615.142,1776197785000
1776197791.403,91.403,0.45,5.0,0.43,5.0,0.46,12.1,0.5,10.4,0.54,15.3,0.49,10.4,0.55,5.0,0.57,5.0,0.01,0.01,615.142,1776197785000
1776197791.605,91.605,0.45,5.0,0.43,5.0,0.46,8.9,0.5,10.4,0.54,8.9,0.5,10.4,0.55,5.0,0.57,5.0,0.01,0.01,615.123004,1776197787000
1776197793.777,93.777,0.45,5.0,0.43,5.0,0.46,8.9,0.5,10.4,0.54,8.9,0.5,10.4,0.55,5.0,0.57,5.0,0.01,0.01,615.11544,1776197791000
1776197794.1,94.1,0.45,5.0,0.43,5.0,0.46,8.9,0.5,10.4,0.54,8.9,0.5,10.4,0.55,5.0,0.57,5.0,0.01,0.01,615.11808,1776197792000
1776197795.173,95.173,0.45,5.0,0.43,5.0,0.46,8.9,0.5,10.4,0.54,8.9,0.5,10.4,0.55,5.0,0.57,5.0,0.01,0.01,615.118012,1776197794000
1776197796.187,96.187,0.45,5.0,0.43,5.0,0.46,8.9,0.5,10.4,0.54,8.9,0.5,10.4,0.55,5.0,0.57,5.0,0.01,0.01,615.063026,1776197795000
1776197797.183,97.183,0.45,5.0,0.43,5.0,0.46,8.9,0.5,10.4,0.54,8.9,0.5,10.4,0.55,5.0,0.57,5.0,0.01,0.01,615.050503,1776197796000
1776197798.235,98.235,0.45,5.0,0.43,5.0,0.46,8.9,0.5,10.4,0.54,8.9,0.5,10.4,0.55,5.0,0.57,5.0,0.01,0.01,615.05829,1776197797000
1776197799.236,99.236,0.45,5.0,0.43,5.0,0.46,8.9,0.5,10.4,0.54,8.9,0.5,10.4,0.55,5.0,0.57,5.0,0.01,0.01,615.058335,1776197798000
1776197800.211,100.211,0.45,5.0,0.43,5.0,0.46,8.9,0.5,10.4,0.54,8.9,0.5,10.4,0.55,5.0,0.57,5.0,0.01,0.01,615.060603,1776197799000
1776197801.234,101.234,0.45,5.0,0.43,5.0,0.46,8.9,0.5,10.4,0.54,8.9,0.5,10.4,0.55,5.0,0.57,5.0,0.01,0.01,615.060542,1776197800000
1776197802.268,102.268,0.45,5.0,0.43,5.0,0.46,8.9,0.5,10.4,0.54,8.9,0.5,10.4,0.55,5.0,0.57,5.0,0.01,0.01,615.060105,1776197801000
1776197803.288,103.288,0.45,5.0,0.43,5.0,0.46,8.9,0.5,10.4,0.54,8.9,0.5,10.4,0.55,5.0,0.57,5.0,0.01,0.01,615.060108,1776197802000
1776197804.358,104.358,0.45,5.0,0.43,5.0,0.46,8.9,0.5,10.4,0.54,8.9,0.5,10.4,0.55,5.0,0.57,5.0,0.01,0.01,615.063199,1776197803000
1776197804.882,104.882,0.45,5.0,0.43,5.0,0.46,8.9,0.5,10.4,0.54,8.9,0.5,10.4,0.55,5.0,0.57,5.0,0.01,0.01,615.063143,1776197804000
1776197805.932,105.932,0.45,5.0,0.43,5.0,0.46,8.9,0.5,10.4,0.54,8.9,0.5,10.4,0.55,5.0,0.57,5.0,0.01,0.01,615.063107,1776197805000
1776197806.888,106.888,0.45,5.0,0.43,5.0,0.46,8.9,0.5,10.4,0.54,8.9,0.5,10.4,0.55,5.0,0.57,5.0,0.01,0.01,615.062271,1776197806000
1776197808.512,108.512,0.45,5.0,0.43,5.0,0.46,8.9,0.5,10.4,0.54,8.9,0.5,10.4,0.55,5.0,0.57,5.0,0.01,0.01,615.062307,1776197807000
1776197809.431,109.431,0.45,5.0,0.43,5.0,0.46,8.9,0.5,10.4,0.54,8.9,0.5,10.4,0.55,5.0,0.57,5.0,0.01,0.01,615.062004,1776197808000
1776197810.212,110.212,0.45,5.0,0.43,5.0,0.46,8.9,0.5,10.4,0.54,8.9,0.5,10.4,0.55,5.0,0.57,5.0,0.01,0.01,615.061983,1776197809000
1776197811.297,111.297,0.45,5.0,0.43,5.0,0.46,8.9,0.5,10.4,0.54,8.9,0.5,10.4,0.55,5.0,0.57,5.0,0.01,0.01,615.059513,1776197810000
1776197812.28,112.28,0.45,5.0,0.43,5.0,0.46,8.9,0.5,10.4,0.54,8.9,0.5,10.4,0.55,5.0,0.57,5.0,0.01,0.01,615.054741,1776197811000
1776197813.311,113.311,0.45,5.0,0.43,5.0,0.46,8.9,0.5,10.4,0.54,8.9,0.5,10.4,0.55,5.0,0.57,5.0,0.01,0.01,615.028494,1776197812000
1776197814.344,114.344,0.45,5.0,0.43,5.0,0.46,8.9,0.5,10.4,0.54,8.9,0.5,10.4,0.55,5.0,0.57,5.0,0.01,0.01,615.028494,1776197813000
1776197814.888,114.888,0.45,5.0,0.43,5.0,0.46,8.9,0.5,10.4,0.54,8.9,0.5,10.4,0.55,5.0,0.57,5.0,0.01,0.01,615.028493,1776197814000
1776197815.863,115.863,0.41,55.0,0.39,5.0,0.46,8.9,0.47,10.4,0.54,8.9,0.53,10.4,0.59,55.0,0.61,5.0,0.05,0.05,615.031932,1776197815000
1776197817.0,117.0,0.41,55.0,0.39,5.0,0.46,8.9,0.47,10.4,0.54,8.9,0.53,10.4,0.59,55.0,0.61,5.0,0.05,0.05,615.031965,1776197816000
1776197817.926,117.926,0.41,55.0,0.39,5.0,0.46,8.9,0.47,10.4,0.54,8.9,0.53,10.4,0.59,55.0,0.61,5.0,0.05,0.05,615.032258,1776197817000
1776197818.975,118.975,0.41,55.0,0.39,5.0,0.46,8.9,0.47,10.4,0.54,8.9,0.53,10.4,0.59,55.0,0.61,5.0,0.05,0.05,615.032258,1776197818000
1776197820.061,120.061,0.41,55.0,0.39,5.0,0.46,8.9,0.47,10.4,0.54,8.9,0.53,10.4,0.59,55.0,0.61,5.0,0.05,0.05,615.031956,1776197819000
1776197821.04,121.04,0.41,55.0,0.39,5.0,0.46,8.9,0.47,10.4,0.54,8.9,0.53,10.4,0.59,55.0,0.61,5.0,0.05,0.05,615.032462,1776197820000
1776197821.407,121.407,0.42,5.0,0.41,5.0,0.44,10.6,0.45,10.5,0.54,8.9,0.53,10.4,0.59,55.0,0.61,5.0,0.02,0.05,615.032462,1776197820000
1776197821.791,121.791,0.38,5.0,0.31,50.0,0.44,10.6,0.45,10.5,0.56,10.6,0.55,10.5,0.58,5.0,0.59,5.0,0.06,0.02,615.032462,1776197820000
1776197822.257,122.257,0.38,5.0,0.31,50.0,0.44,10.6,0.45,10.5,0.56,10.6,0.55,10.5,0.62,5.0,0.69,50.0,0.06,0.06,615.032525,1776197821000
1776197823.41,123.41,0.38,5.0,0.31,50.0,0.44,10.6,0.45,10.5,0.56,10.6,0.55,10.5,0.62,5.0,0.69,50.0,0.06,0.06,615.028511,1776197822000
1776197823.95,123.95,0.38,5.0,0.31,50.0,0.44,10.6,0.45,10.5,0.56,10.6,0.55,10.5,0.62,5.0,0.69,50.0,0.06,0.06,615.028048,1776197823000
1776197825.158,125.158,0.38,5.0,0.31,50.0,0.44,10.6,0.45,10.5,0.56,10.6,0.55,10.5,0.62,5.0,0.69,50.0,0.06,0.06,615.028084,1776197824000
1776197826.2,126.2,0.38,5.0,0.31,50.0,0.44,10.6,0.45,10.5,0.56,10.6,0.55,10.5,0.62,5.0,0.69,50.0,0.06,0.06,615.027805,1776197825000
1776197827.236,127.236,0.38,5.0,0.31,50.0,0.44,10.6,0.45,10.5,0.56,10.6,0.55,10.5,0.62,5.0,0.69,50.0,0.06,0.06,615.028225,1776197826000
1776197828.406,128.406,0.38,5.0,0.31,50.0,0.44,10.6,0.45,10.5,0.56,10.6,0.55,10.5,0.62,5.0,0.69,50.0,0.06,0.06,615.027869,1776197827000
1776197828.924,128.924,0.38,5.0,0.31,50.0,0.44,10.6,0.45,10.5,0.56,10.6,0.55,10.5,0.62,5.0,0.69,50.0,0.06,0.06,615.00793,1776197828000
1776197829.244,129.244,0.37,5.42,0.36,5.0,0.4,10.8,0.41,10.7,0.56,10.6,0.55,10.5,0.62,5.0,0.69,50.0,0.03,0.06,615.00793,1776197828000
1776197829.982,129.982,0.37,5.42,0.36,5.0,0.4,10.8,0.41,10.7,0.6,10.8,0.59,10.7,0.63,5.42,0.64,5.0,0.03,0.03,615.00793,1776197829000
1776197831.124,131.124,0.37,5.42,0.36,5.0,0.4,10.8,0.41,10.7,0.6,10.8,0.59,10.7,0.63,5.42,0.64,5.0,0.03,0.03,615.032,1776197830000
1776197832.156,132.156,0.37,5.42,0.36,5.0,0.4,10.8,0.41,10.7,0.6,10.8,0.59,10.7,0.63,5.42,0.64,5.0,0.03,0.03,615.055,1776197831000
1776197833.338,133.338,0.37,5.42,0.36,5.0,0.4,10.8,0.41,10.7,0.6,10.8,0.59,10.7,0.63,5.42,0.64,5.0,0.03,0.03,615.056,1776197832000
1776197833.884,133.884,0.37,5.42,0.36,5.0,0.4,10.8,0.41,10.7,0.6,10.8,0.59,10.7,0.63,5.42,0.64,5.0,0.03,0.03,615.056,1776197833000
1776197834.995,134.995,0.37,5.42,0.36,5.0,0.4,10.8,0.41,10.7,0.6,10.8,0.59,10.7,0.63,5.42,0.64,5.0,0.03,0.03,615.048,1776197834000
1776197836.627,136.627,0.37,5.42,0.36,5.0,0.4,10.8,0.41,10.7,0.6,10.8,0.59,10.7,0.63,5.42,0.64,5.0,0.03,0.03,615.054,1776197835000
1776197837.756,137.756,0.37,5.42,0.36,5.0,0.4,10.8,0.41,10.7,0.6,10.8,0.59,10.7,0.63,5.42,0.64,5.0,0.03,0.03,615.055,1776197836000
1776197838.286,138.286,0.37,5.42,0.36,5.0,0.4,10.8,0.41,10.7,0.6,10.8,0.59,10.7,0.63,5.42,0.64,5.0,0.03,0.03,615.057,1776197837000
1776197839.484,139.484,0.37,5.42,0.36,5.0,0.4,10.8,0.41,10.7,0.6,10.8,0.59,10.7,0.63,5.42,0.64,5.0,0.03,0.03,615.057,1776197838000
1776197840.078,140.078,0.37,5.42,0.36,5.0,0.4,10.8,0.41,10.7,0.6,10.8,0.59,10.7,0.63,5.42,0.64,5.0,0.03,0.03,615.055,1776197839000
1776197841.376,141.376,0.37,5.42,0.36,5.0,0.4,10.8,0.41,10.7,0.6,10.8,0.59,10.7,0.63,5.42,0.64,5.0,0.03,0.03,615.062,1776197840000
1776197841.959,141.959,0.37,5.42,0.36,5.0,0.4,10.8,0.41,10.7,0.6,10.8,0.59,10.7,0.63,5.42,0.64,5.0,0.03,0.03,615.062,1776197841000
1776197843.15,143.15,0.37,5.42,0.36,5.0,0.4,10.8,0.41,10.7,0.6,10.8,0.59,10.7,0.63,5.42,0.64,5.0,0.03,0.03,615.062,1776197842000
1776197844.447,144.447,0.37,5.42,0.36,5.0,0.4,10.8,0.41,10.7,0.6,10.8,0.59,10.7,0.63,5.42,0.64,5.0,0.03,0.03,615.056,1776197843000
1776197845.269,145.269,0.36,10.0,0.35,5.0,0.43,4.6,0.44,10.6,0.57,4.6,0.56,10.6,0.64,10.0,0.65,5.0,0.07,0.07,615.051,1776197844000
1776197845.951,145.951,0.32,10.0,0.31,5.0,0.4,4.8,0.41,10.7,0.57,4.6,0.56,10.6,0.64,10.0,0.65,5.0,0.08,0.07,615.051,1776197844000
1776197846.681,146.681,0.32,10.0,0.31,5.0,0.4,4.8,0.41,10.7,0.6,4.8,0.59,10.7,0.68,10.0,0.69,5.0,0.08,0.08,615.044763,1776197845000
1776197847.385,147.385,0.32,8.0,0.31,5.0,0.38,11.0,0.39,10.9,0.62,11.0,0.61,10.9,0.68,8.0,0.69,5.0,0.06,0.06,615.006,1776197846000
1776197848.912,148.912,0.32,8.0,0.31,5.0,0.38,11.0,0.39,10.9,0.62,11.0,0.61,10.9,0.68,8.0,0.69,5.0,0.06,0.06,614.971,1776197847000
1776197849.734,149.734,0.32,8.0,0.31,5.0,0.38,11.0,0.39,10.9,0.62,11.0,0.61,10.9,0.68,8.0,0.69,5.0,0.06,0.06,614.971,1776197848000
1776197850.367,150.367,0.32,8.0,0.31,5.0,0.38,11.0,0.39,10.9,0.62,11.0,0.61,10.9,0.68,8.0,0.69,5.0,0.06,0.06,614.9579,1776197849000
1776197850.984,150.984,0.27,5.0,0.26,5.0,0.33,11.8,0.34,11.6,0.67,11.8,0.66,11.6,0.73,5.0,0.74,5.0,0.06,0.06,614.974,1776197850000
1776197852.258,152.258,0.27,5.0,0.26,5.0,0.33,11.8,0.34,11.6,0.67,11.8,0.66,11.6,0.73,5.0,0.74,5.0,0.06,0.06,614.974,1776197851000
1776197854.192,154.192,0.27,5.0,0.26,5.0,0.33,11.8,0.34,11.6,0.67,11.8,0.66,11.6,0.73,5.0,0.74,5.0,0.06,0.06,614.935,1776197853000
1776197855.327,155.327,0.27,5.0,0.26,5.0,0.33,11.8,0.34,11.6,0.67,11.8,0.66,11.6,0.73,5.0,0.74,5.0,0.06,0.06,614.947,1776197854000
1776197856.546,156.546,0.27,5.0,0.26,5.0,0.33,11.8,0.34,11.6,0.67,11.8,0.66,11.6,0.73,5.0,0.74,5.0,0.06,0.06,614.949,1776197855000
1776197857.194,157.194,0.27,5.0,0.26,5.0,0.33,11.8,0.34,11.6,0.67,11.8,0.66,11.6,0.73,5.0,0.74,5.0,0.06,0.06,614.949,1776197856000
1776197858.374,158.374,0.27,5.0,0.26,5.0,0.33,11.8,0.34,11.6,0.67,11.8,0.66,11.6,0.73,5.0,0.74,5.0,0.06,0.06,614.948,1776197857000
1776197859.467,159.467,0.27,5.0,0.26,5.0,0.33,11.8,0.34,11.6,0.67,11.8,0.66,11.6,0.73,5.0,0.74,5.0,0.06,0.06,614.943,1776197858000
1776197860.013,160.013,0.27,5.0,0.26,5.0,0.33,11.8,0.34,11.6,0.67,11.8,0.66,11.6,0.73,5.0,0.74,5.0,0.06,0.06,614.943,1776197859000
1776197861.213,161.213,0.27,5.0,0.26,5.0,0.33,11.8,0.34,11.6,0.67,11.8,0.66,11.6,0.73,5.0,0.74,5.0,0.06,0.06,614.945,1776197860000
1776197862.431,162.431,0.27,5.0,0.26,5.0,0.33,11.8,0.34,11.6,0.67,11.8,0.66,11.6,0.73,5.0,0.74,5.0,0.06,0.06,614.916,1776197861000
1776197862.992,162.992,0.27,5.0,0.26,5.0,0.33,11.8,0.34,11.6,0.67,11.8,0.66,11.6,0.73,5.0,0.74,5.0,0.06,0.06,614.916,1776197862000
1776197864.174,164.174,0.27,5.0,0.26,5.0,0.33,11.8,0.34,11.6,0.67,11.8,0.66,11.6,0.73,5.0,0.74,5.0,0.06,0.06,614.894932,1776197863000
1776197865.343,165.343,0.27,5.0,0.26,5.0,0.33,11.8,0.34,11.6,0.67,11.8,0.66,11.6,0.73,5.0,0.74,5.0,0.06,0.06,614.871,1776197864000
1776197866.393,166.393,0.27,5.0,0.26,5.0,0.33,11.8,0.34,11.6,0.67,11.8,0.66,11.6,0.73,5.0,0.74,5.0,0.06,0.06,614.875,1776197865000
1776197866.914,166.914,0.27,5.0,0.26,5.0,0.33,11.8,0.34,11.6,0.67,11.8,0.66,11.6,0.73,5.0,0.74,5.0,0.06,0.06,614.87,1776197866000
1776197868.087,168.087,0.27,5.0,0.26,5.0,0.33,11.8,0.34,11.6,0.67,11.8,0.66,11.6,0.73,5.0,0.74,5.0,0.06,0.06,614.871,1776197867000
1776197869.168,169.168,0.27,5.0,0.26,5.0,0.33,11.8,0.34,11.6,0.67,11.8,0.66,11.6,0.73,5.0,0.74,5.0,0.06,0.06,614.871,1776197868000
1776197870.298,170.298,0.27,5.0,0.26,5.0,0.33,11.8,0.34,11.6,0.67,11.8,0.66,11.6,0.73,5.0,0.74,5.0,0.06,0.06,614.873,1776197869000
1776197871.339,171.339,0.27,5.0,0.26,5.0,0.33,11.8,0.34,11.6,0.67,11.8,0.66,11.6,0.73,5.0,0.74,5.0,0.06,0.06,614.874,1776197870000
1776197872.315,172.315,0.27,5.0,0.26,5.0,0.33,11.8,0.34,11.6,0.67,11.8,0.66,11.6,0.73,5.0,0.74,5.0,0.06,0.06,614.875,1776197871000
1776197873.263,173.263,0.27,5.0,0.26,5.0,0.33,11.8,0.34,11.6,0.67,11.8,0.66,11.6,0.73,5.0,0.74,5.0,0.06,0.06,614.879,1776197872000
1776197874.329,174.329,0.27,5.0,0.26,5.0,0.33,11.8,0.34,11.6,0.67,11.8,0.66,11.6,0.73,5.0,0.74,5.0,0.06,0.06,614.872,1776197873000
1776197875.286,175.286,0.27,5.0,0.26,5.0,0.33,11.8,0.34,11.6,0.67,11.8,0.66,11.6,0.73,5.0,0.74,5.0,0.06,0.06,614.878,1776197874000
1776197876.317,176.317,0.27,5.0,0.26,5.0,0.33,11.8,0.34,11.6,0.67,11.8,0.66,11.6,0.73,5.0,0.74,5.0,0.06,0.06,614.871,1776197875000
1776197876.57,176.57,0.18,8.78,0.17,5.0,0.24,14.3,0.25,13.9,0.67,11.8,0.66,11.6,0.73,5.0,0.74,5.0,0.06,0.06,614.871,1776197875000
1776197876.951,176.951,0.18,8.78,0.17,5.0,0.24,14.3,0.25,13.9,0.76,14.3,0.75,13.9,0.82,8.78,0.83,5.0,0.06,0.06,614.871,1776197876000
1776197877.983,177.983,0.18,8.78,0.17,5.0,0.24,14.3,0.25,13.9,0.76,14.3,0.75,13.9,0.82,8.78,0.83,5.0,0.06,0.06,614.874,1776197877000
1776197878.239,178.239,0.18,7.56,0.17,5.0,0.24,14.3,0.25,13.9,0.76,14.3,0.75,13.9,0.82,8.78,0.83,5.0,0.06,0.06,614.874,1776197877000
1776197878.885,178.885,0.18,7.56,0.17,5.0,0.24,14.3,0.25,13.9,0.76,14.3,0.75,13.9,0.82,7.56,0.83,5.0,0.06,0.06,614.872,1776197878000
1776197879.972,179.972,0.18,7.56,0.17,5.0,0.24,14.3,0.25,13.9,0.76,14.3,0.75,13.9,0.82,7.56,0.83,5.0,0.06,0.06,614.903,1776197879000
1776197880.948,180.948,0.18,7.56,0.17,5.0,0.24,14.3,0.25,13.9,0.76,14.3,0.75,13.9,0.82,7.56,0.83,5.0,0.06,0.06,614.941,1776197880000
1776197882.636,182.636,0.18,7.56,0.17,5.0,0.24,14.3,0.25,13.9,0.76,14.3,0.75,13.9,0.82,7.56,0.83,5.0,0.06,0.06,614.921,1776197881000
1776197883.323,183.323,0.18,7.56,0.17,5.0,0.24,14.3,0.25,13.9,0.76,14.3,0.75,13.9,0.82,7.56,0.83,5.0,0.06,0.06,614.921,1776197882000
1776197884.247,184.247,0.18,7.56,0.17,5.0,0.24,14.3,0.25,13.9,0.76,14.3,0.75,13.9,0.82,7.56,0.83,5.0,0.06,0.06,614.903,1776197883000
1776197885.427,185.427,0.18,7.56,0.17,5.0,0.24,14.3,0.25,13.9,0.76,14.3,0.75,13.9,0.82,7.56,0.83,5.0,0.06,0.06,614.907,1776197884000
1776197885.951,185.951,0.18,7.56,0.17,5.0,0.24,14.3,0.25,13.9,0.76,14.3,0.75,13.9,0.82,7.56,0.83,5.0,0.06,0.06,614.907,1776197885000
1776197886.978,186.978,0.18,7.56,0.17,5.0,0.24,14.3,0.25,13.9,0.76,14.3,0.75,13.9,0.82,7.56,0.83,5.0,0.06,0.06,614.902,1776197886000
1776197888.069,188.069,0.18,7.56,0.17,5.0,0.24,14.3,0.25,13.9,0.76,14.3,0.75,13.9,0.82,7.56,0.83,5.0,0.06,0.06,614.905,1776197887000
1776197889.102,189.102,0.18,7.56,0.17,5.0,0.24,14.3,0.25,13.9,0.76,14.3,0.75,13.9,0.82,7.56,0.83,5.0,0.06,0.06,614.904,1776197888000
1776197890.195,190.195,0.18,7.56,0.17,5.0,0.24,14.3,0.25,13.9,0.76,14.3,0.75,13.9,0.82,7.56,0.83,5.0,0.06,0.06,614.904,1776197889000
1776197891.296,191.296,0.18,7.56,0.17,5.0,0.24,14.3,0.25,13.9,0.76,14.3,0.75,13.9,0.82,7.56,0.83,5.0,0.06,0.06,614.903959,1776197890000
1776197892.318,192.318,0.18,7.56,0.17,5.0,0.24,14.3,0.25,13.9,0.76,14.3,0.75,13.9,0.82,7.56,0.83,5.0,0.06,0.06,614.891,1776197891000
1776197893.354,193.354,0.18,7.56,0.17,5.0,0.24,14.3,0.25,13.9,0.76,14.3,0.75,13.9,0.82,7.56,0.83,5.0,0.06,0.06,614.938,1776197892000
1776197894.382,194.382,0.18,7.56,0.17,5.0,0.24,14.3,0.25,13.9,0.76,14.3,0.75,13.9,0.82,7.56,0.83,5.0,0.06,0.06,614.95,1776197893000
1776197894.881,194.881,0.18,7.56,0.17,5.0,0.24,14.3,0.25,13.9,0.76,14.3,0.75,13.9,0.82,7.56,0.83,5.0,0.06,0.06,614.95,1776197894000
1776197896.265,196.265,0.18,7.56,0.17,5.0,0.24,14.3,0.25,13.9,0.76,14.3,0.75,13.9,0.82,7.56,0.83,5.0,0.06,0.06,614.951,1776197895000
1776197897.324,197.324,0.18,7.56,0.17,5.0,0.24,14.3,0.25,13.9,0.76,14.3,0.75,13.9,0.82,7.56,0.83,5.0,0.06,0.06,614.947,1776197896000
1776197898.52,198.52,0.18,7.56,0.17,5.0,0.24,14.3,0.25,13.9,0.76,14.3,0.75,13.9,0.82,7.56,0.83,5.0,0.06,0.06,614.938,1776197897000
1776197898.941,198.941,0.18,7.56,0.17,5.0,0.24,14.3,0.25,13.9,0.76,14.3,0.75,13.9,0.82,7.56,0.83,5.0,0.06,0.06,614.938,1776197898000
1776197900.128,200.128,0.18,7.56,0.17,5.0,0.24,14.3,0.25,13.9,0.76,14.3,0.75,13.9,0.82,7.56,0.83,5.0,0.06,0.06,614.909323,1776197899000
1776197901.36,201.36,0.18,7.56,0.17,5.0,0.24,14.3,0.25,13.9,0.76,14.3,0.75,13.9,0.82,7.56,0.83,5.0,0.06,0.06,614.906,1776197900000
1776197902.398,202.398,0.18,7.56,0.17,5.0,0.24,14.3,0.25,13.9,0.76,14.3,0.75,13.9,0.82,7.56,0.83,5.0,0.06,0.06,614.906,1776197901000
1776197902.932,202.932,0.18,7.56,0.17,5.0,0.24,14.3,0.25,13.9,0.76,14.3,0.75,13.9,0.82,7.56,0.83,5.0,0.06,0.06,614.906,1776197902000
1776197903.967,203.967,0.18,7.56,0.17,5.0,0.24,14.3,0.25,13.9,0.76,14.3,0.75,13.9,0.82,7.56,0.83,5.0,0.06,0.06,614.889,1776197903000
1776197905.02,205.02,0.18,7.56,0.17,5.0,0.24,14.3,0.25,13.9,0.76,14.3,0.75,13.9,0.82,7.56,0.83,5.0,0.06,0.06,614.889,1776197904000
1776197906.123,206.123,0.18,7.56,0.17,5.0,0.24,14.3,0.25,13.9,0.76,14.3,0.75,13.9,0.82,7.56,0.83,5.0,0.06,0.06,614.895,1776197905000
1776197907.058,207.058,0.18,7.56,0.17,5.0,0.24,14.3,0.25,13.9,0.76,14.3,0.75,13.9,0.82,7.56,0.83,5.0,0.06,0.06,614.893,1776197906000
1776197908.087,208.087,0.18,7.56,0.17,5.0,0.24,14.3,0.25,13.9,0.76,14.3,0.75,13.9,0.82,7.56,0.83,5.0,0.06,0.06,614.888,1776197907000
1776197908.586,208.586,0.19,18.42,0.15,5.0,0.23,14.7,0.24,14.3,0.76,14.3,0.75,13.9,0.82,7.56,0.83,5.0,0.04,0.06,614.888,1776197907000
1776197908.902,208.902,0.19,13.42,0.15,5.0,0.23,14.7,0.24,14.3,0.77,14.7,0.76,14.3,0.81,18.42,0.85,5.0,0.04,0.04,614.888,1776197907000
1776197909.834,209.834,0.2,4.93,0.19,13.42,0.21,15.7,0.22,15.2,0.77,14.7,0.76,14.3,0.81,13.42,0.85,5.0,0.01,0.04,614.899,1776197908000
1776197910.15,210.15,0.2,4.93,0.19,13.42,0.21,15.7,0.22,15.2,0.79,15.7,0.78,15.2,0.8,4.93,0.81,13.42,0.01,0.01,614.898,1776197909000
1776197911.052,211.052,0.2,4.93,0.19,13.42,0.21,15.7,0.22,15.2,0.79,15.7,0.78,15.2,0.8,4.93,0.81,13.42,0.01,0.01,614.894,1776197910000
1776197912.119,212.119,0.2,4.93,0.19,13.42,0.21,15.7,0.22,15.2,0.79,15.7,0.78,15.2,0.8,4.93,0.81,13.42,0.01,0.01,614.879,1776197911000
1776197912.956,212.956,0.19,13.42,0.06,46.1,0.21,36.7,0.22,15.2,0.79,15.7,0.78,15.2,0.8,4.93,0.81,13.42,0.02,0.01,614.879,1776197911000
1776197914.154,214.154,0.06,46.1,0.05,59.7,0.21,36.7,0.22,15.2,0.79,36.7,0.78,15.2,0.94,46.1,0.95,59.7,0.15,0.15,614.889,1776197913000
1776197915.012,215.012,0.06,46.1,0.05,59.7,0.21,36.7,0.22,15.2,0.79,36.7,0.78,15.2,0.94,46.1,0.95,59.7,0.15,0.15,614.82,1776197914000
1776197916.032,216.032,0.06,46.1,0.05,59.7,0.21,36.7,0.22,15.2,0.79,36.7,0.78,15.2,0.94,46.1,0.95,59.7,0.15,0.15,614.778,1776197915000
1776197916.991,216.991,0.06,46.1,0.05,59.7,0.21,36.7,0.22,15.2,0.79,36.7,0.78,15.2,0.94,46.1,0.95,59.7,0.15,0.15,614.714,1776197916000
1776197918.049,218.049,0.06,46.1,0.05,59.7,0.21,36.7,0.22,15.2,0.79,36.7,0.78,15.2,0.94,46.1,0.95,59.7,0.15,0.15,614.705046,1776197917000
1776197919.019,219.019,0.06,46.1,0.05,59.7,0.21,36.7,0.22,15.2,0.79,36.7,0.78,15.2,0.94,46.1,0.95,59.7,0.15,0.15,614.706,1776197918000
1776197919.98,219.98,0.06,46.1,0.05,59.7,0.21,36.7,0.22,15.2,0.79,36.7,0.78,15.2,0.94,46.1,0.95,59.7,0.15,0.15,614.708,1776197919000
1776197920.902,220.902,0.06,46.1,0.05,59.7,0.21,36.7,0.22,15.2,0.79,36.7,0.78,15.2,0.94,46.1,0.95,59.7,0.15,0.15,614.716,1776197920000
1776197921.943,221.943,0.06,46.1,0.05,59.7,0.21,36.7,0.22,15.2,0.79,36.7,0.78,15.2,0.94,46.1,0.95,59.7,0.15,0.15,614.68983,1776197921000
1776197923.516,223.516,0.06,46.1,0.05,59.7,0.21,36.7,0.22,15.2,0.79,36.7,0.78,15.2,0.94,46.1,0.95,59.7,0.15,0.15,614.684595,1776197922000
1776197924.792,224.792,0.06,46.1,0.05,59.7,0.21,36.7,0.22,15.2,0.79,36.7,0.78,15.2,0.94,46.1,0.95,59.7,0.15,0.15,614.684595,1776197923000
1776197925.167,225.167,0.04,24.0,0.03,89.3,0.05,15.0,0.06,46.1,0.79,36.7,0.78,15.2,0.94,46.1,0.95,59.7,0.01,0.15,614.684595,1776197923000
1776197925.428,225.428,0.04,24.0,0.03,89.3,0.05,15.0,0.06,46.1,0.95,15.0,0.94,46.1,0.96,24.0,0.97,89.3,0.01,0.01,614.683972,1776197924000
1776197926.254,226.254,0.04,24.0,0.03,89.3,0.05,15.0,0.06,46.1,0.95,15.0,0.94,46.1,0.96,24.0,0.97,89.3,0.01,0.01,614.684031,1776197925000
1776197927.811,227.811,0.04,24.0,0.03,89.3,0.05,15.0,0.06,46.1,0.95,15.0,0.94,46.1,0.96,24.0,0.97,89.3,0.01,0.01,614.684964,1776197926000
1776197928.57,228.57,0.04,24.0,0.03,89.3,0.05,15.0,0.06,46.1,0.95,15.0,0.94,46.1,0.96,24.0,0.97,89.3,0.01,0.01,614.685052,1776197927000
1776197929.182,229.182,0.04,24.0,0.03,89.3,0.05,15.0,0.06,46.1,0.95,15.0,0.94,46.1,0.96,24.0,0.97,89.3,0.01,0.01,614.685154,1776197928000
1776197930.73,230.73,0.04,24.0,0.03,89.3,0.05,15.0,0.06,46.1,0.95,15.0,0.94,46.1,0.96,24.0,0.97,89.3,0.01,0.01,614.682187,1776197929000
1776197931.468,231.468,0.04,24.0,0.03,89.3,0.05,15.0,0.06,46.1,0.95,15.0,0.94,46.1,0.96,24.0,0.97,89.3,0.01,0.01,614.701,1776197930000
1776197932.188,232.188,0.04,24.0,0.03,89.3,0.05,15.0,0.06,46.1,0.95,15.0,0.94,46.1,0.96,24.0,0.97,89.3,0.01,0.01,614.701,1776197931000
1776197933.663,233.663,0.04,24.0,0.03,89.3,0.05,15.0,0.06,46.1,0.95,15.0,0.94,46.1,0.96,24.0,0.97,89.3,0.01,0.01,614.694,1776197932000
1776197934.316,234.316,0.04,24.0,0.03,89.3,0.05,15.0,0.06,46.1,0.95,15.0,0.94,46.1,0.96,24.0,0.97,89.3,0.01,0.01,614.701,1776197933000
1776197934.958,234.958,0.04,24.0,0.03,89.3,0.05,15.0,0.06,46.1,0.95,15.0,0.94,46.1,0.96,24.0,0.97,89.3,0.01,0.01,614.701,1776197934000
1776197936.631,236.631,0.04,24.0,0.03,89.3,0.05,15.0,0.06,46.1,0.95,15.0,0.94,46.1,0.96,24.0,0.97,89.3,0.01,0.01,614.696,1776197935000
1776197937.307,237.307,0.04,24.0,0.03,89.3,0.05,15.0,0.06,46.1,0.95,15.0,0.94,46.1,0.96,24.0,0.97,89.3,0.01,0.01,614.706,1776197936000
1776197938.521,238.521,0.02,141.66,0.01,590.6,0.03,10.0,0.04,67.7,0.95,15.0,0.94,46.1,0.96,24.0,0.97,89.3,0.01,0.01,614.706,1776197936000
1776197939.354,239.354,0.02,141.66,0.01,590.6,0.03,10.0,0.04,67.7,0.97,10.0,0.96,67.7,0.98,141.66,0.99,590.6,0.01,0.01,614.708,1776197938000
1776197940.055,240.055,0.02,141.66,0.01,590.6,0.03,10.0,0.04,67.7,0.97,10.0,0.96,67.7,0.98,141.66,0.99,590.6,0.01,0.01,614.709,1776197939000
1776197940.276,240.276,0.02,136.55,0.01,590.6,0.03,15.0,0.04,67.7,0.97,10.0,0.96,67.7,0.98,141.66,0.99,590.6,0.01,0.01,614.709,1776197939000
1776197941.818,241.818,0.02,136.55,0.01,590.6,0.03,15.0,0.04,67.7,0.97,15.0,0.96,67.7,0.98,136.55,0.99,590.6,0.01,0.01,614.709,1776197940000
1776197942.34,242.34,0.02,136.55,0.01,590.6,0.03,15.0,0.04,67.7,0.97,15.0,0.96,67.7,0.98,136.55,0.99,590.6,0.01,0.01,614.694,1776197941000
1776197942.965,242.965,0.02,136.55,0.01,590.6,0.03,15.0,0.04,67.7,0.97,15.0,0.96,67.7,0.98,136.55,0.99,590.6,0.01,0.01,614.694,1776197942000
1776197944.099,244.099,0.02,136.55,0.01,590.6,0.03,15.0,0.04,67.7,0.97,15.0,0.96,67.7,0.98,136.55,0.99,590.6,0.01,0.01,614.705,1776197943000
1776197945.0,245.0,0.02,3.86,0.01,590.6,0.03,15.0,0.04,67.7,0.97,15.0,0.96,67.7,0.98,136.55,0.99,590.6,0.01,0.01,614.705,1776197943000
1776197945.954,245.954,0.01,590.6,,,0.03,104.3,0.04,67.7,0.97,15.0,0.96,67.7,0.98,3.86,0.99,590.6,0.02,0.01,614.706,1776197944000
1776197946.963,246.963,0.01,590.6,,,0.03,104.3,0.04,67.7,0.97,104.3,0.96,67.7,0.99,590.6,,,0.02,0.02,614.708,1776197946000
1776197947.994,247.994,0.01,590.6,,,0.03,104.3,0.04,67.7,0.97,104.3,0.96,67.7,0.99,590.6,,,0.02,0.02,614.708,1776197947000
1776197948.991,248.991,0.01,590.6,,,0.03,104.3,0.04,67.7,0.97,104.3,0.96,67.7,0.99,590.6,,,0.02,0.02,614.709,1776197948000
1776197949.979,249.979,0.01,590.6,,,0.03,104.3,0.04,67.7,0.97,104.3,0.96,67.7,0.99,590.6,,,0.02,0.02,614.708,1776197949000
1776197950.999,250.999,0.01,590.6,,,0.03,104.3,0.04,67.7,0.97,104.3,0.96,67.7,0.99,590.6,,,0.02,0.02,614.735,1776197950000
1776197951.955,251.955,0.01,590.6,,,0.03,104.3,0.04,67.7,0.97,104.3,0.96,67.7,0.99,590.6,,,0.02,0.02,614.752,1776197951000
1776197952.842,252.842,0.01,590.6,,,0.03,104.3,0.04,67.7,0.97,104.3,0.96,67.7,0.99,590.6,,,0.02,0.02,614.796,1776197952000
1776197953.853,253.853,0.01,590.6,,,0.03,104.3,0.04,67.7,0.97,104.3,0.96,67.7,0.99,590.6,,,0.02,0.02,614.791,1776197953000
1776197955.444,255.444,0.01,590.6,,,0.03,104.3,0.04,67.7,0.97,104.3,0.96,67.7,0.99,590.6,,,0.02,0.02,614.799,1776197954000
1776197955.922,255.922,0.01,590.6,,,0.03,104.3,0.04,67.7,0.97,104.3,0.96,67.7,0.99,590.6,,,0.02,0.02,614.794,1776197955000
1776197956.975,256.975,0.01,590.6,,,0.03,104.3,0.04,67.7,0.97,104.3,0.96,67.7,0.99,590.6,,,0.02,0.02,614.789,1776197956000
1776197957.475,257.475,0.01,590.6,,,0.03,70.96,0.04,67.7,0.97,104.3,0.96,67.7,0.99,590.6,,,0.02,0.02,614.789,1776197956000
1776197958.288,258.288,0.01,590.6,,,0.03,70.96,0.04,67.7,0.97,70.96,0.96,67.7,0.99,590.6,,,0.02,0.02,614.793,1776197957000
1776197959.41,259.41,0.01,590.6,,,0.03,70.96,0.04,67.7,0.97,70.96,0.96,67.7,0.99,590.6,,,0.02,0.02,614.793,1776197958000
1776197960.391,260.391,0.01,590.6,,,0.03,70.96,0.04,67.7,0.97,70.96,0.96,67.7,0.99,590.6,,,0.02,0.02,614.788,1776197959000
1776197960.947,260.947,0.01,590.6,,,0.03,70.96,0.04,67.7,0.97,70.96,0.96,67.7,0.99,590.6,,,0.02,0.02,614.789,1776197960000
1776197962.064,262.064,0.01,590.6,,,0.03,70.96,0.04,67.7,0.97,70.96,0.96,67.7,0.99,590.6,,,0.02,0.02,614.791,1776197961000
1776197963.224,263.224,0.01,590.6,,,0.03,70.96,0.04,67.7,0.97,70.96,0.96,67.7,0.99,590.6,,,0.02,0.02,614.789,1776197962000
1776197964.48,264.48,0.01,590.6,,,0.03,70.96,0.04,67.7,0.97,70.96,0.96,67.7,0.99,590.6,,,0.02,0.02,614.784,1776197963000
1776197965.079,265.079,0.01,590.6,,,0.03,70.96,0.04,67.7,0.97,70.96,0.96,67.7,0.99,590.6,,,0.02,0.02,614.784,1776197964000
1776197965.939,265.939,0.01,589.58,,,0.03,89.3,0.04,72.7,0.97,70.96,0.96,67.7,0.99,590.6,,,0.02,0.02,614.784,1776197964000
1776197966.171,266.171,0.01,589.58,,,0.03,89.3,0.04,72.7,0.97,89.3,0.96,72.7,0.99,589.58,,,0.02,0.02,614.794,1776197965000
1776197967.399,267.399,0.01,589.58,,,0.03,89.3,0.04,72.7,0.97,89.3,0.96,72.7,0.99,589.58,,,0.02,0.02,614.804,1776197966000
1776197967.997,267.997,0.01,589.58,,,0.03,89.3,0.04,72.7,0.97,89.3,0.96,72.7,0.99,589.58,,,0.02,0.02,614.804,1776197967000
1776197969.121,269.121,0.01,589.58,,,0.03,89.3,0.04,72.7,0.97,89.3,0.96,72.7,0.99,589.58,,,0.02,0.02,614.806,1776197968000
1776197969.515,269.515,0.01,507.89,,,0.02,132.69,0.03,89.3,0.97,89.3,0.96,72.7,0.99,589.58,,,0.01,0.02,614.806,1776197968000
1776197970.275,270.275,0.01,507.89,,,0.02,132.69,0.03,89.3,0.98,132.69,0.97,89.3,0.99,507.89,,,0.01,0.01,614.805,1776197969000
1776197971.983,271.983,0.01,507.89,,,0.02,132.69,0.03,89.3,0.98,132.69,0.97,89.3,0.99,507.89,,,0.01,0.01,614.809,1776197970000
1776197972.786,272.786,0.01,507.89,,,0.02,132.69,0.03,89.3,0.98,132.69,0.97,89.3,0.99,507.89,,,0.01,0.01,614.791,1776197971000
1776197973.484,273.484,0.01,507.89,,,0.02,132.69,0.03,89.3,0.98,132.69,0.97,89.3,0.99,507.89,,,0.01,0.01,614.787,1776197972000
1776197974.183,274.183,0.01,507.89,,,0.02,132.69,0.03,89.3,0.98,132.69,0.97,89.3,0.99,507.89,,,0.01,0.01,614.787,1776197973000
1776197975.617,275.617,0.01,507.89,,,0.02,132.69,0.03,89.3,0.98,132.69,0.97,89.3,0.99,507.89,,,0.01,0.01,614.781,1776197974000
1776197976.4,276.4,0.01,507.89,,,0.02,132.69,0.03,89.3,0.98,132.69,0.97,89.3,0.99,507.89,,,0.01,0.01,614.786,1776197975000
1776197977.23,277.23,0.01,507.89,,,0.02,132.69,0.03,89.3,0.98,132.69,0.97,89.3,0.99,507.89,,,0.01,0.01,614.787,1776197976000
1776197978.564,278.564,0.01,507.89,,,0.02,132.69,0.03,89.3,0.98,132.69,0.97,89.3,0.99,507.89,,,0.01,0.01,614.785,1776197977000
1776197979.309,279.309,0.01,507.89,,,0.02,132.69,0.03,89.3,0.98,132.69,0.97,89.3,0.99,507.89,,,0.01,0.01,614.766,1776197978000
1776197979.978,279.978,0.01,507.89,,,0.02,132.69,0.03,89.3,0.98,132.69,0.97,89.3,0.99,507.89,,,0.01,0.01,614.766,1776197979000
1776197981.412,281.412,0.01,507.89,,,0.02,132.69,0.03,89.3,0.98,132.69,0.97,89.3,0.99,507.89,,,0.01,0.01,614.76,1776197980000
1776197982.549,282.549,0.01,507.89,,,0.02,132.69,0.03,89.3,0.98,132.69,0.97,89.3,0.99,507.89,,,0.01,0.01,614.76,1776197981000
1776197983.012,283.012,0.01,507.89,,,0.02,132.69,0.03,89.3,0.98,132.69,0.97,89.3,0.99,507.89,,,0.01,0.01,614.766,1776197982000
1776197984.489,284.489,0.01,507.89,,,0.02,132.69,0.03,89.3,0.98,132.69,0.97,89.3,0.99,507.89,,,0.01,0.01,614.735678,1776197983000
1776197985.041,285.041,0.01,507.89,,,0.02,132.69,0.03,89.3,0.98,132.69,0.97,89.3,0.99,507.89,,,0.01,0.01,614.766,1776197984000
1776197986.52,286.52,0.01,507.89,,,0.02,132.69,0.03,89.3,0.98,132.69,0.97,89.3,0.99,507.89,,,0.01,0.01,614.771,1776197985000
1776197987.341,287.341,0.01,507.89,,,0.02,132.69,0.03,89.3,0.98,132.69,0.97,89.3,0.99,507.89,,,0.01,0.01,614.768,1776197986000
1776197988.945,288.945,,,,,0.01,772.71,0.11,92.0,0.98,132.69,0.97,89.3,0.99,507.89,,,,0.01,614.768,1776197986000
1776197989.3,289.3,,,,,0.01,767.86,0.11,92.0,0.99,772.71,0.89,92.0,,,,,,,614.765,1776197987000
1776197989.509,289.509,,,,,0.01,767.86,0.11,92.0,0.99,767.86,0.89,92.0,,,,,,,614.769,1776197988000
1776197990.099,290.099,,,,,0.01,767.86,0.11,92.0,0.99,767.86,0.89,92.0,,,,,,,614.769,1776197989000
1776197991.327,291.327,,,,,0.01,767.86,0.11,92.0,0.99,767.86,0.89,92.0,,,,,,,614.768,1776197990000
1776197991.929,291.929,,,,,0.01,767.86,0.11,92.0,0.99,767.86,0.89,92.0,,,,,,,614.768,1776197991000
1776197993.063,293.063,,,,,0.01,767.86,0.11,92.0,0.99,767.86,0.89,92.0,,,,,,,614.767,1776197992000
1776197994.178,294.178,,,,,0.01,767.86,0.11,92.0,0.99,767.86,0.89,92.0,,,,,,,614.769,1776197993000
1776197995.264,295.264,,,,,0.01,767.86,0.11,92.0,0.99,767.86,0.89,92.0,,,,,,,614.768,1776197994000
1776197996.367,296.367,,,,,0.01,767.86,0.11,92.0,0.99,767.86,0.89,92.0,,,,,,,614.766,1776197995000
1776197996.97,296.97,,,,,0.01,767.86,0.11,92.0,0.99,767.86,0.89,92.0,,,,,,,614.766,1776197996000
1776197998.135,298.135,,,,,0.01,767.86,0.11,92.0,0.99,767.86,0.89,92.0,,,,,,,614.77213,1776197997000
1776197999.166,299.166,,,,,0.01,767.86,0.11,92.0,0.99,767.86,0.89,92.0,,,,,,,614.772,1776197998000
1776198000.338,300.338,,,,,0.01,767.86,0.11,92.0,0.99,767.86,0.89,92.0,,,,,,,614.775,1776197999000

# RESULT,winner=Down,slug=bnb-updown-5m-1776197700,ticks=317
