timestamp,elapsed_sec,up_bid_p1,up_bid_s1,up_bid_p2,up_bid_s2,up_ask_p1,up_ask_s1,up_ask_p2,up_ask_s2,down_bid_p1,down_bid_s1,down_bid_p2,down_bid_s2,down_ask_p1,down_ask_s1,down_ask_p2,down_ask_s2,up_spread,down_spread,bnb_price,bnb_oracle_ts
1776189601.31,1.31,,,,,,,,,,,,,,,,,,,617.291,1776189600000
1776189601.67,1.67,0.46,6.52,0.42,11.0,0.65,14.0,0.67,300.0,0.35,14.0,0.33,300.0,0.54,6.52,0.58,11.0,0.19,0.19,617.291,1776189600000
1776189602.154,2.154,0.48,10.0,0.46,6.52,0.67,300.0,0.69,375.0,0.35,14.0,0.33,300.0,0.54,6.52,0.58,11.0,0.19,0.19,617.291,1776189600000
1776189602.7,2.7,0.48,10.0,0.46,6.52,0.67,300.0,0.69,375.0,0.33,300.0,0.31,375.0,0.52,10.0,0.54,6.52,0.19,0.19,617.29,1776189601000
1776189603.381,3.381,0.48,10.0,0.46,6.52,0.67,300.0,0.69,375.0,0.33,300.0,0.31,375.0,0.52,10.0,0.54,6.52,0.19,0.19,617.301,1776189602000
1776189604.146,4.146,0.48,10.0,0.46,6.52,0.67,300.0,0.69,375.0,0.33,300.0,0.31,375.0,0.52,10.0,0.54,6.52,0.19,0.19,617.35378,1776189603000
1776189605.764,5.764,0.48,10.0,0.46,6.52,0.67,300.0,0.69,375.0,0.33,300.0,0.31,375.0,0.52,10.0,0.54,6.52,0.19,0.19,617.465,1776189604000
1776189606.474,6.474,0.48,10.0,0.46,6.52,0.67,300.0,0.69,375.0,0.33,300.0,0.31,375.0,0.52,10.0,0.54,6.52,0.19,0.19,617.45143,1776189605000
1776189607.193,7.193,0.48,10.0,0.46,6.52,0.67,300.0,0.69,375.0,0.33,300.0,0.31,375.0,0.52,10.0,0.54,6.52,0.19,0.19,617.453,1776189606000
1776189608.798,8.798,0.48,10.0,0.46,6.52,0.67,300.0,0.69,375.0,0.33,300.0,0.31,375.0,0.52,10.0,0.54,6.52,0.19,0.19,617.482,1776189607000
1776189609.421,9.421,0.48,10.0,0.46,6.52,0.67,300.0,0.69,375.0,0.33,300.0,0.31,375.0,0.52,10.0,0.54,6.52,0.19,0.19,617.465505,1776189608000
1776189610.243,10.243,0.48,10.0,0.46,6.52,0.67,300.0,0.69,375.0,0.33,300.0,0.31,375.0,0.52,10.0,0.54,6.52,0.19,0.19,617.466404,1776189609000
1776189612.076,12.076,0.48,10.0,0.46,6.52,0.67,300.0,0.69,375.0,0.33,300.0,0.31,375.0,0.52,10.0,0.54,6.52,0.19,0.19,617.466171,1776189610000
1776189612.698,12.698,0.48,10.0,0.46,6.52,0.67,300.0,0.69,375.0,0.33,300.0,0.31,375.0,0.52,10.0,0.54,6.52,0.19,0.19,617.465837,1776189611000
1776189613.267,13.267,0.48,10.0,0.46,6.52,0.67,300.0,0.69,375.0,0.33,300.0,0.31,375.0,0.52,10.0,0.54,6.52,0.19,0.19,617.465999,1776189612000
1776189614.371,14.371,0.48,10.0,0.46,6.52,0.67,300.0,0.69,375.0,0.33,300.0,0.31,375.0,0.52,10.0,0.54,6.52,0.19,0.19,617.448141,1776189613000
1776189615.006,15.006,0.48,10.0,0.46,6.52,0.67,300.0,0.69,375.0,0.33,300.0,0.31,375.0,0.52,10.0,0.54,6.52,0.19,0.19,617.445451,1776189614000
1776189616.134,16.134,0.48,10.0,0.46,6.52,0.67,300.0,0.69,375.0,0.33,300.0,0.31,375.0,0.52,10.0,0.54,6.52,0.19,0.19,617.450515,1776189615000
1776189617.208,17.208,0.48,10.0,0.46,6.52,0.67,300.0,0.69,375.0,0.33,300.0,0.31,375.0,0.52,10.0,0.54,6.52,0.19,0.19,617.478,1776189616000
1776189618.293,18.293,0.48,10.0,0.46,6.52,0.67,300.0,0.69,375.0,0.33,300.0,0.31,375.0,0.52,10.0,0.54,6.52,0.19,0.19,617.481,1776189617000
1776189619.376,19.376,0.48,10.0,0.46,6.52,0.67,300.0,0.69,375.0,0.33,300.0,0.31,375.0,0.52,10.0,0.54,6.52,0.19,0.19,617.475,1776189618000
1776189619.896,19.896,0.48,10.0,0.46,6.52,0.67,300.0,0.69,375.0,0.33,300.0,0.31,375.0,0.52,10.0,0.54,6.52,0.19,0.19,617.475,1776189619000
1776189621.166,21.166,0.48,10.0,0.46,6.52,0.67,300.0,0.69,375.0,0.33,300.0,0.31,375.0,0.52,10.0,0.54,6.52,0.19,0.19,617.472,1776189620000
1776189622.245,22.245,0.48,10.0,0.46,6.52,0.67,300.0,0.69,375.0,0.33,300.0,0.31,375.0,0.52,10.0,0.54,6.52,0.19,0.19,617.469,1776189621000
1776189623.382,23.382,0.48,10.0,0.46,6.52,0.67,300.0,0.69,375.0,0.33,300.0,0.31,375.0,0.52,10.0,0.54,6.52,0.19,0.19,617.479,1776189622000
1776189623.97,23.97,0.48,10.0,0.46,6.52,0.67,300.0,0.69,375.0,0.33,300.0,0.31,375.0,0.52,10.0,0.54,6.52,0.19,0.19,617.483,1776189623000
1776189625.2,25.2,0.48,10.0,0.46,6.52,0.67,300.0,0.69,375.0,0.33,300.0,0.31,375.0,0.52,10.0,0.54,6.52,0.19,0.19,617.483,1776189624000
1776189626.699,26.699,0.48,10.0,0.46,6.52,0.67,300.0,0.69,375.0,0.33,300.0,0.31,375.0,0.52,10.0,0.54,6.52,0.19,0.19,617.484,1776189625000
1776189627.241,27.241,0.48,10.0,0.46,6.52,0.67,300.0,0.69,375.0,0.33,300.0,0.31,375.0,0.52,10.0,0.54,6.52,0.19,0.19,617.476,1776189626000
1776189628.389,28.389,0.48,10.0,0.46,6.52,0.67,300.0,0.69,375.0,0.33,300.0,0.31,375.0,0.52,10.0,0.54,6.52,0.19,0.19,617.487,1776189627000
1776189629.081,29.081,0.48,10.0,0.46,6.52,0.67,300.0,0.69,375.0,0.33,300.0,0.31,375.0,0.52,10.0,0.54,6.52,0.19,0.19,617.487,1776189628000
1776189630.027,30.027,0.48,10.0,0.46,6.52,0.67,300.0,0.69,375.0,0.33,300.0,0.31,375.0,0.52,10.0,0.54,6.52,0.19,0.19,617.489,1776189629000
1776189631.116,31.116,0.48,10.0,0.46,6.52,0.67,300.0,0.69,375.0,0.33,300.0,0.31,375.0,0.52,10.0,0.54,6.52,0.19,0.19,617.494,1776189630000
1776189632.294,32.294,0.48,10.0,0.46,6.52,0.67,300.0,0.69,375.0,0.33,300.0,0.31,375.0,0.52,10.0,0.54,6.52,0.19,0.19,617.49,1776189631000
1776189633.349,33.349,0.48,10.0,0.46,6.52,0.67,300.0,0.69,375.0,0.33,300.0,0.31,375.0,0.52,10.0,0.54,6.52,0.19,0.19,617.536573,1776189632000
1776189634.333,34.333,0.48,10.0,0.46,6.52,0.67,300.0,0.69,375.0,0.33,300.0,0.31,375.0,0.52,10.0,0.54,6.52,0.19,0.19,617.545,1776189633000
1776189635.374,35.374,0.48,10.0,0.46,6.52,0.67,300.0,0.69,375.0,0.33,300.0,0.31,375.0,0.52,10.0,0.54,6.52,0.19,0.19,617.55,1776189634000
1776189635.646,35.646,0.55,5.0,0.53,5.0,0.64,5.0,0.65,5.0,0.33,300.0,0.31,375.0,0.52,10.0,0.54,6.52,0.09,0.19,617.55,1776189634000
1776189635.939,35.939,0.55,5.0,0.53,5.0,0.64,5.0,0.65,5.0,0.36,5.0,0.35,5.0,0.45,5.0,0.47,5.0,0.09,0.09,617.55,1776189635000
1776189637.053,37.053,0.55,5.0,0.53,5.0,0.64,5.0,0.65,5.0,0.36,5.0,0.35,5.0,0.45,5.0,0.47,5.0,0.09,0.09,617.553,1776189636000
1776189637.263,37.263,0.55,5.0,0.53,5.0,0.63,3.29,0.64,5.0,0.36,5.0,0.35,5.0,0.45,5.0,0.47,5.0,0.08,0.09,617.553,1776189636000
1776189638.132,38.132,0.55,5.0,0.53,5.0,0.63,3.29,0.64,5.0,0.37,3.29,0.36,5.0,0.45,5.0,0.47,5.0,0.08,0.08,617.551,1776189637000
1776189639.202,39.202,0.55,5.0,0.53,5.0,0.63,3.29,0.64,5.0,0.37,3.29,0.36,5.0,0.45,5.0,0.47,5.0,0.08,0.08,617.546,1776189638000
1776189640.731,40.731,0.55,5.0,0.53,5.0,0.63,3.29,0.64,5.0,0.37,3.29,0.36,5.0,0.45,5.0,0.47,5.0,0.08,0.08,617.545,1776189639000
1776189641.683,41.683,0.55,5.0,0.53,5.0,0.63,3.29,0.64,5.0,0.37,3.29,0.36,5.0,0.45,5.0,0.47,5.0,0.08,0.08,617.532,1776189640000
1776189642.299,42.299,0.55,5.0,0.53,5.0,0.63,3.29,0.64,5.0,0.37,3.29,0.36,5.0,0.45,5.0,0.47,5.0,0.08,0.08,617.53,1776189641000
1776189643.717,43.717,0.55,5.0,0.53,5.0,0.63,3.29,0.64,5.0,0.37,3.29,0.36,5.0,0.45,5.0,0.47,5.0,0.08,0.08,617.53,1776189642000
1776189644.326,44.326,0.55,5.0,0.53,5.0,0.63,3.29,0.64,5.0,0.37,3.29,0.36,5.0,0.45,5.0,0.47,5.0,0.08,0.08,617.529,1776189643000
1776189645.033,45.033,0.55,5.0,0.53,5.0,0.63,3.29,0.64,5.0,0.37,3.29,0.36,5.0,0.45,5.0,0.47,5.0,0.08,0.08,617.529,1776189644000
1776189646.34,46.34,0.55,5.0,0.53,5.0,0.63,3.29,0.64,5.0,0.37,3.29,0.36,5.0,0.45,5.0,0.47,5.0,0.08,0.08,617.535,1776189645000
1776189647.005,47.005,0.55,5.0,0.53,5.0,0.63,3.29,0.64,5.0,0.37,3.29,0.36,5.0,0.45,5.0,0.47,5.0,0.08,0.08,617.535,1776189646000
1776189648.185,48.185,0.55,5.0,0.53,5.0,0.63,3.29,0.64,5.0,0.37,3.29,0.36,5.0,0.45,5.0,0.47,5.0,0.08,0.08,617.538,1776189647000
1776189648.429,48.429,0.55,5.0,0.53,14.0,0.64,3.8,0.65,10.0,0.37,3.29,0.36,5.0,0.45,5.0,0.47,5.0,0.09,0.08,617.538,1776189647000
1776189648.921,48.921,0.55,5.0,0.53,14.0,0.65,10.0,0.74,10.0,0.36,3.8,0.35,10.0,0.45,5.0,0.47,14.0,0.1,0.09,617.538,1776189647000
1776189649.341,49.341,0.55,5.0,0.53,14.0,0.65,10.0,0.74,10.0,0.35,10.0,0.26,10.0,0.45,5.0,0.47,14.0,0.1,0.1,617.532,1776189648000
1776189650.98,50.98,0.55,5.0,0.53,14.0,0.65,10.0,0.74,10.0,0.35,10.0,0.26,10.0,0.45,5.0,0.47,14.0,0.1,0.1,617.539,1776189649000
1776189651.675,51.675,0.55,5.0,0.53,14.0,0.65,10.0,0.74,10.0,0.35,10.0,0.26,10.0,0.45,5.0,0.47,14.0,0.1,0.1,617.539,1776189650000
1776189652.423,52.423,0.55,5.0,0.53,14.0,0.65,10.0,0.74,10.0,0.35,10.0,0.26,10.0,0.45,5.0,0.47,14.0,0.1,0.1,617.539,1776189651000
1776189653.006,53.006,0.55,5.0,0.53,14.0,0.65,10.0,0.74,10.0,0.35,10.0,0.26,10.0,0.45,5.0,0.47,14.0,0.1,0.1,617.538,1776189652000
1776189654.475,54.475,0.55,5.0,0.53,14.0,0.65,10.0,0.74,10.0,0.35,10.0,0.26,10.0,0.45,5.0,0.47,14.0,0.1,0.1,617.531,1776189653000
1776189655.066,55.066,0.55,5.0,0.53,14.0,0.65,10.0,0.74,10.0,0.35,10.0,0.26,10.0,0.45,5.0,0.47,14.0,0.1,0.1,617.531,1776189654000
1776189656.615,56.615,0.55,5.0,0.53,14.0,0.65,10.0,0.74,10.0,0.35,10.0,0.26,10.0,0.45,5.0,0.47,14.0,0.1,0.1,617.531,1776189655000
1776189657.222,57.222,0.55,5.0,0.53,14.0,0.65,10.0,0.74,10.0,0.35,10.0,0.26,10.0,0.45,5.0,0.47,14.0,0.1,0.1,617.531,1776189656000
1776189658.218,58.218,0.55,5.0,0.53,14.0,0.65,10.0,0.74,10.0,0.35,10.0,0.26,10.0,0.45,5.0,0.47,14.0,0.1,0.1,617.529,1776189657000
1776189658.87,58.87,0.55,5.0,0.53,14.0,0.65,10.0,0.74,10.0,0.35,10.0,0.26,10.0,0.45,5.0,0.47,14.0,0.1,0.1,617.473,1776189658000
1776189660.182,60.182,0.55,5.0,0.53,14.0,0.65,10.0,0.74,10.0,0.35,10.0,0.26,10.0,0.45,5.0,0.47,14.0,0.1,0.1,617.488,1776189659000
1776189661.311,61.311,0.55,5.0,0.53,14.0,0.65,10.0,0.74,10.0,0.35,10.0,0.26,10.0,0.45,5.0,0.47,14.0,0.1,0.1,617.523,1776189660000
1776189661.926,61.926,0.55,5.0,0.53,14.0,0.65,10.0,0.74,10.0,0.35,10.0,0.26,10.0,0.45,5.0,0.47,14.0,0.1,0.1,617.523,1776189661000
1776189662.154,62.154,0.56,5.0,0.54,5.0,0.64,0.3,0.65,5.0,0.35,10.0,0.26,10.0,0.45,5.0,0.47,14.0,0.08,0.1,617.523,1776189661000
1776189662.992,62.992,0.56,5.0,0.54,5.0,0.64,0.3,0.65,5.0,0.36,0.3,0.35,5.0,0.44,5.0,0.46,5.0,0.08,0.08,617.51,1776189662000
1776189664.257,64.257,0.56,5.0,0.54,5.0,0.64,0.3,0.65,5.0,0.36,0.3,0.35,5.0,0.44,5.0,0.46,5.0,0.08,0.08,617.506,1776189663000
1776189665.584,65.584,0.62,3.0,0.57,10.0,0.66,5.0,0.68,5.0,0.34,5.0,0.32,5.0,0.38,3.0,0.43,10.0,0.04,0.04,617.513,1776189664000
1776189666.113,66.113,0.62,3.0,0.57,10.0,0.66,5.0,0.68,5.0,0.34,5.0,0.32,5.0,0.38,3.0,0.43,10.0,0.04,0.04,617.488,1776189665000
1776189667.195,67.195,0.62,3.0,0.57,10.0,0.66,5.0,0.68,5.0,0.34,5.0,0.32,5.0,0.38,3.0,0.43,10.0,0.04,0.04,617.465,1776189666000
1776189668.361,68.361,0.62,3.0,0.57,10.0,0.66,5.0,0.68,5.0,0.34,5.0,0.32,5.0,0.38,3.0,0.43,10.0,0.04,0.04,617.464529,1776189667000
1776189669.026,69.026,0.64,1.86,0.56,10.0,0.65,16.4,0.66,11.6,0.35,16.4,0.34,11.6,0.36,1.86,0.44,10.0,0.01,0.01,617.459,1776189668000
1776189670.118,70.118,0.64,1.86,0.56,10.0,0.65,16.4,0.66,11.6,0.35,16.4,0.34,11.6,0.36,1.86,0.44,10.0,0.01,0.01,617.459,1776189669000
1776189671.521,71.521,0.64,1.86,0.56,10.0,0.65,16.4,0.66,11.6,0.35,16.4,0.34,11.6,0.36,1.86,0.44,10.0,0.01,0.01,617.465,1776189670000
1776189671.936,71.936,0.64,1.86,0.56,10.0,0.65,16.4,0.66,11.6,0.35,16.4,0.34,11.6,0.36,1.86,0.44,10.0,0.01,0.01,617.465,1776189671000
1776189673.791,73.791,0.64,1.86,0.56,10.0,0.65,16.4,0.66,11.6,0.35,16.4,0.34,11.6,0.36,1.86,0.44,10.0,0.01,0.01,617.475,1776189672000
1776189674.273,74.273,0.64,1.86,0.56,10.0,0.65,16.4,0.66,11.6,0.35,16.4,0.34,11.6,0.36,1.86,0.44,10.0,0.01,0.01,617.486,1776189673000
1776189675.913,75.913,0.64,1.86,0.56,10.0,0.65,16.4,0.66,11.6,0.35,16.4,0.34,11.6,0.36,1.86,0.44,10.0,0.01,0.01,617.498,1776189674000
1776189676.326,76.326,0.64,1.86,0.56,10.0,0.65,16.4,0.66,11.6,0.35,16.4,0.34,11.6,0.36,1.86,0.44,10.0,0.01,0.01,617.496,1776189675000
1776189676.957,76.957,0.64,1.86,0.56,10.0,0.65,16.4,0.66,11.6,0.35,16.4,0.34,11.6,0.36,1.86,0.44,10.0,0.01,0.01,617.496,1776189676000
1776189678.155,78.155,0.64,1.86,0.56,10.0,0.67,16.8,0.68,11.9,0.35,16.4,0.34,11.6,0.36,1.86,0.44,10.0,0.03,0.01,617.496,1776189676000
1776189678.487,78.487,0.64,1.86,0.56,10.0,0.67,16.8,0.68,11.9,0.33,16.8,0.32,11.9,0.36,1.86,0.44,10.0,0.03,0.03,617.489,1776189677000
1776189679.069,79.069,0.66,5.0,0.64,1.86,0.67,11.8,0.68,11.9,0.33,16.8,0.32,11.9,0.36,1.86,0.44,10.0,0.01,0.03,617.489,1776189677000
1776189679.422,79.422,0.66,5.0,0.64,1.86,0.67,11.8,0.68,11.9,0.33,11.8,0.32,11.9,0.34,5.0,0.36,1.86,0.01,0.01,617.495,1776189678000
1776189679.906,79.906,0.66,5.0,0.64,1.86,0.67,11.8,0.68,11.9,0.33,11.8,0.32,11.9,0.34,5.0,0.36,1.86,0.01,0.01,617.495,1776189679000
1776189681.225,81.225,0.66,5.0,0.64,1.86,0.67,11.8,0.68,11.9,0.33,11.8,0.32,11.9,0.34,5.0,0.36,1.86,0.01,0.01,617.498,1776189680000
1776189684.063,84.063,0.64,1.86,0.56,10.0,0.68,11.9,0.69,12.2,0.32,11.9,0.31,12.2,0.36,1.86,0.44,10.0,0.04,0.04,617.512,1776189681000
1776189684.391,84.391,0.64,1.86,0.56,10.0,0.68,11.9,0.69,12.2,0.32,11.9,0.31,12.2,0.36,1.86,0.44,10.0,0.04,0.04,617.508,1776189683000
1776189685.362,85.362,0.64,1.86,0.56,10.0,0.67,3.82,0.68,11.9,0.33,3.82,0.32,11.9,0.36,1.86,0.44,10.0,0.03,0.03,617.499,1776189684000
1776189685.947,85.947,0.64,1.86,0.56,10.0,0.67,3.82,0.68,11.9,0.33,3.82,0.32,11.9,0.36,1.86,0.44,10.0,0.03,0.03,617.499,1776189685000
1776189687.245,87.245,0.64,1.86,0.56,10.0,0.67,3.82,0.68,11.9,0.33,3.82,0.32,11.9,0.36,1.86,0.44,10.0,0.03,0.03,617.504,1776189686000
1776189688.338,88.338,0.64,1.86,0.56,10.0,0.67,3.82,0.68,11.9,0.33,3.82,0.32,11.9,0.36,1.86,0.44,10.0,0.03,0.03,617.489,1776189687000
1776189689.399,89.399,0.64,1.86,0.56,10.0,0.67,3.82,0.68,11.9,0.33,3.82,0.32,11.9,0.36,1.86,0.44,10.0,0.03,0.03,617.489,1776189688000
1776189689.997,89.997,0.66,7.0,0.56,10.0,0.68,0.72,0.69,12.2,0.33,3.82,0.32,11.9,0.36,1.86,0.44,10.0,0.02,0.03,617.489,1776189688000
1776189691.221,91.221,0.66,7.0,0.56,10.0,0.68,0.72,0.69,12.2,0.32,0.72,0.31,12.2,0.34,7.0,0.44,10.0,0.02,0.02,617.481,1776189690000
1776189692.378,92.378,0.66,7.0,0.56,10.0,0.68,0.72,0.69,12.2,0.32,0.72,0.31,12.2,0.34,7.0,0.44,10.0,0.02,0.02,617.483,1776189691000
1776189692.914,92.914,0.66,7.0,0.56,10.0,0.68,0.72,0.69,12.2,0.32,0.72,0.31,12.2,0.34,7.0,0.44,10.0,0.02,0.02,617.483,1776189692000
1776189694.029,94.029,0.66,7.0,0.56,20.0,0.69,7.83,0.7,12.4,0.32,0.72,0.31,12.2,0.34,7.0,0.44,10.0,0.03,0.02,617.483,1776189692000
1776189694.373,94.373,0.66,7.0,0.56,20.0,0.69,2.83,0.7,12.4,0.31,7.83,0.3,12.4,0.34,7.0,0.44,20.0,0.03,0.03,617.478,1776189693000
1776189694.893,94.893,0.66,7.0,0.56,20.0,0.7,12.4,0.71,12.6,0.31,2.83,0.3,12.4,0.34,7.0,0.44,20.0,0.04,0.03,617.478,1776189693000
1776189695.109,95.109,0.66,7.0,0.56,20.0,0.7,12.4,0.71,12.6,0.3,12.4,0.29,12.6,0.34,7.0,0.44,20.0,0.04,0.04,617.481,1776189694000
1776189696.206,96.206,0.66,7.0,0.56,20.0,0.7,7.4,0.71,12.6,0.3,7.4,0.29,12.6,0.34,7.0,0.44,20.0,0.04,0.04,617.478,1776189695000
1776189697.316,97.316,0.66,7.0,0.56,20.0,0.7,7.4,0.71,12.6,0.3,7.4,0.29,12.6,0.34,7.0,0.44,20.0,0.04,0.04,617.468,1776189696000
1776189698.44,98.44,0.66,7.0,0.56,20.0,0.7,7.4,0.71,12.6,0.3,7.4,0.29,12.6,0.34,7.0,0.44,20.0,0.04,0.04,617.473,1776189697000
1776189698.895,98.895,0.66,7.0,0.56,20.0,0.7,7.4,0.71,12.6,0.3,7.4,0.29,12.6,0.34,7.0,0.44,20.0,0.04,0.04,617.473,1776189698000
1776189699.913,99.913,0.66,7.0,0.56,20.0,0.7,7.4,0.71,12.6,0.3,7.4,0.29,12.6,0.34,7.0,0.44,20.0,0.04,0.04,617.478,1776189699000
1776189700.969,100.969,0.66,7.0,0.56,20.0,0.7,7.4,0.71,12.6,0.3,7.4,0.29,12.6,0.34,7.0,0.44,20.0,0.04,0.04,617.493,1776189700000
1776189701.963,101.963,0.66,7.0,0.56,20.0,0.7,7.4,0.71,12.6,0.3,7.4,0.29,12.6,0.34,7.0,0.44,20.0,0.04,0.04,617.492,1776189701000
1776189703.73,103.73,0.66,7.0,0.56,20.0,0.7,7.4,0.71,12.6,0.3,7.4,0.29,12.6,0.34,7.0,0.44,20.0,0.04,0.04,617.472801,1776189702000
1776189704.469,104.469,0.66,7.0,0.56,20.0,0.7,7.4,0.71,12.6,0.3,7.4,0.29,12.6,0.34,7.0,0.44,20.0,0.04,0.04,617.492,1776189703000
1776189705.275,105.275,0.66,7.0,0.56,20.0,0.7,7.4,0.71,12.6,0.3,7.4,0.29,12.6,0.34,7.0,0.44,20.0,0.04,0.04,617.493,1776189704000
1776189706.676,106.676,0.66,7.0,0.56,20.0,0.7,7.4,0.71,12.6,0.3,7.4,0.29,12.6,0.34,7.0,0.44,20.0,0.04,0.04,617.497,1776189705000
1776189707.446,107.446,0.66,7.0,0.56,20.0,0.7,7.4,0.71,12.6,0.3,7.4,0.29,12.6,0.34,7.0,0.44,20.0,0.04,0.04,617.487,1776189706000
1776189708.203,108.203,0.66,7.0,0.56,20.0,0.7,7.4,0.71,12.6,0.3,7.4,0.29,12.6,0.34,7.0,0.44,20.0,0.04,0.04,617.487,1776189707000
1776189709.469,109.469,0.66,7.0,0.56,20.0,0.7,7.4,0.71,12.6,0.3,7.4,0.29,12.6,0.34,7.0,0.44,20.0,0.04,0.04,617.496,1776189708000
1776189710.041,110.041,0.66,7.0,0.56,20.0,0.7,7.4,0.71,12.6,0.3,7.4,0.29,12.6,0.34,7.0,0.44,20.0,0.04,0.04,617.496,1776189709000
1776189711.459,111.459,0.66,7.0,0.56,20.0,0.7,7.4,0.71,12.6,0.3,7.4,0.29,12.6,0.34,7.0,0.44,20.0,0.04,0.04,617.516,1776189710000
1776189712.023,112.023,0.66,7.0,0.56,20.0,0.7,7.4,0.71,12.6,0.3,7.4,0.29,12.6,0.34,7.0,0.44,20.0,0.04,0.04,617.516,1776189711000
1776189713.115,113.115,0.73,6.0,0.72,5.32,0.79,5.0,0.8,21.2,0.3,7.4,0.29,12.6,0.34,7.0,0.44,20.0,0.06,0.04,617.516,1776189711000
1776189713.351,113.351,0.73,6.0,0.72,5.32,0.79,5.0,0.8,21.2,0.21,5.0,0.2,21.2,0.27,6.0,0.28,5.32,0.06,0.06,617.541,1776189712000
1776189713.96,113.96,0.73,6.0,0.72,5.32,0.79,5.0,0.8,21.2,0.21,5.0,0.2,21.2,0.27,6.0,0.28,5.32,0.06,0.06,617.541,1776189713000
1776189715.401,115.401,0.73,6.0,0.72,5.32,0.79,5.0,0.8,21.2,0.21,5.0,0.2,21.2,0.27,6.0,0.28,5.32,0.06,0.06,617.557,1776189714000
1776189716.037,116.037,0.73,6.0,0.72,5.32,0.79,5.0,0.8,21.2,0.21,5.0,0.2,21.2,0.27,6.0,0.28,5.32,0.06,0.06,617.557,1776189715000
1776189717.313,117.313,0.73,6.0,0.72,5.32,0.79,5.0,0.8,21.2,0.21,5.0,0.2,21.2,0.27,6.0,0.28,5.32,0.06,0.06,617.553229,1776189716000
1776189718.121,118.121,0.73,6.0,0.72,5.32,0.79,5.0,0.8,21.2,0.21,5.0,0.2,21.2,0.27,6.0,0.28,5.32,0.06,0.06,617.569614,1776189717000
1776189719.396,119.396,0.73,6.0,0.72,5.32,0.79,5.0,0.8,21.2,0.21,5.0,0.2,21.2,0.27,6.0,0.28,5.32,0.06,0.06,617.597846,1776189718000
1776189719.915,119.915,0.74,6.0,0.69,22.2,0.84,14.74,0.85,20.39,0.21,5.0,0.2,21.2,0.27,6.0,0.28,5.32,0.1,0.06,617.597846,1776189718000
1776189720.192,120.192,0.74,6.0,0.69,22.2,0.84,14.74,0.85,20.39,0.16,14.74,0.15,20.39,0.26,6.0,0.31,22.2,0.1,0.1,617.59832,1776189719000
1776189721.402,121.402,0.74,6.0,0.69,22.2,0.84,14.74,0.85,20.39,0.16,14.74,0.15,20.39,0.26,6.0,0.31,22.2,0.1,0.1,617.598205,1776189720000
1776189722.132,122.132,0.74,6.0,0.69,22.2,0.84,14.74,0.85,20.39,0.16,14.74,0.15,20.39,0.26,6.0,0.31,22.2,0.1,0.1,617.593908,1776189721000
1776189723.206,123.206,0.74,6.0,0.69,22.2,0.84,14.74,0.85,20.39,0.16,14.74,0.15,20.39,0.26,6.0,0.31,22.2,0.1,0.1,617.593908,1776189722000
1776189723.585,123.585,0.75,6.0,0.67,10.0,0.81,10.89,0.82,17.6,0.16,14.74,0.15,20.39,0.26,6.0,0.31,22.2,0.06,0.1,617.593908,1776189722000
1776189724.245,124.245,0.75,6.0,0.67,10.0,0.81,10.89,0.82,17.6,0.19,10.89,0.18,17.6,0.25,6.0,0.33,10.0,0.06,0.06,617.59381,1776189723000
1776189725.432,125.432,0.75,6.0,0.67,10.0,0.81,4.89,0.82,17.6,0.19,4.89,0.18,17.6,0.25,6.0,0.33,10.0,0.06,0.06,617.593737,1776189724000
1776189726.464,126.464,0.75,6.0,0.67,10.0,0.81,4.89,0.82,17.6,0.19,4.89,0.18,17.6,0.25,6.0,0.33,10.0,0.06,0.06,617.577155,1776189725000
1776189727.174,127.174,0.75,6.0,0.67,10.0,0.81,4.89,0.82,17.6,0.19,4.89,0.18,17.6,0.25,6.0,0.33,10.0,0.06,0.06,617.577109,1776189726000
1776189728.114,128.114,0.76,1.0,0.75,5.32,0.8,16.2,0.81,4.89,0.19,4.89,0.18,17.6,0.25,6.0,0.33,10.0,0.04,0.06,617.577109,1776189726000
1776189729.204,129.204,0.76,1.0,0.75,5.32,0.8,16.2,0.81,4.89,0.2,16.2,0.19,4.89,0.24,1.0,0.25,5.32,0.04,0.04,617.576729,1776189728000
1776189730.388,130.388,0.76,1.0,0.75,5.32,0.8,16.2,0.81,4.89,0.2,16.2,0.19,4.89,0.24,1.0,0.25,5.32,0.04,0.04,617.576233,1776189729000
1776189731.317,131.317,0.76,1.0,0.75,5.32,0.8,16.2,0.81,4.89,0.2,16.2,0.19,4.89,0.24,1.0,0.25,5.32,0.04,0.04,617.576271,1776189730000
1776189732.401,132.401,0.76,1.0,0.75,5.32,0.8,16.2,0.81,4.89,0.2,16.2,0.19,4.89,0.24,1.0,0.25,5.32,0.04,0.04,617.576116,1776189731000
1776189732.895,132.895,0.76,1.0,0.75,5.32,0.8,16.2,0.81,4.89,0.2,16.2,0.19,4.89,0.24,1.0,0.25,5.32,0.04,0.04,617.57638,1776189732000
1776189733.405,133.405,0.77,6.0,0.75,5.32,0.79,10.21,0.8,21.25,0.2,16.2,0.19,4.89,0.24,1.0,0.25,5.32,0.02,0.04,617.57638,1776189732000
1776189733.969,133.969,0.77,6.0,0.75,5.32,0.79,10.21,0.8,21.25,0.21,10.21,0.2,21.25,0.23,6.0,0.25,5.32,0.02,0.02,617.567849,1776189733000
1776189735.116,135.116,0.78,1.4,0.75,5.32,0.79,10.21,0.8,16.2,0.21,10.21,0.2,21.25,0.23,6.0,0.25,5.32,0.01,0.02,617.567849,1776189733000
1776189735.665,135.665,0.78,1.4,0.75,5.32,0.79,10.21,0.8,16.2,0.21,10.21,0.2,16.2,0.22,1.4,0.25,5.32,0.01,0.01,617.567849,1776189734000
1776189736.215,136.215,0.78,1.4,0.75,5.32,0.79,10.21,0.8,16.2,0.21,10.21,0.2,16.2,0.22,1.4,0.25,5.32,0.01,0.01,617.575176,1776189735000
1776189736.517,136.517,0.77,1.0,0.75,5.32,0.79,5.49,0.8,16.2,0.21,5.49,0.2,16.2,0.23,6.0,0.25,5.32,0.02,0.02,617.575176,1776189735000
1776189737.273,137.273,0.77,1.0,0.75,5.32,0.79,5.49,0.8,16.2,0.21,5.49,0.2,16.2,0.23,1.0,0.25,5.32,0.02,0.02,617.575065,1776189736000
1776189738.315,138.315,0.77,1.0,0.75,5.32,0.79,5.49,0.8,16.2,0.21,5.49,0.2,16.2,0.23,1.0,0.25,5.32,0.02,0.02,617.575146,1776189737000
1776189739.319,139.319,0.77,1.0,0.75,5.32,0.79,5.49,0.8,16.2,0.21,5.49,0.2,16.2,0.23,1.0,0.25,5.32,0.02,0.02,617.556658,1776189738000
1776189740.418,140.418,0.77,1.0,0.75,5.32,0.79,5.49,0.8,16.2,0.21,5.49,0.2,16.2,0.23,1.0,0.25,5.32,0.02,0.02,617.556958,1776189739000
1776189740.994,140.994,0.77,1.0,0.75,5.32,0.79,5.49,0.8,16.2,0.21,5.49,0.2,16.2,0.23,1.0,0.25,5.32,0.02,0.02,617.556958,1776189740000
1776189742.066,142.066,0.77,1.0,0.75,5.32,0.79,5.49,0.8,16.2,0.21,5.49,0.2,16.2,0.23,1.0,0.25,5.32,0.02,0.02,617.538223,1776189741000
1776189743.197,143.197,0.77,1.0,0.75,5.32,0.79,5.49,0.8,16.2,0.21,5.49,0.2,16.2,0.23,1.0,0.25,5.32,0.02,0.02,617.539858,1776189742000
1776189744.241,144.241,0.77,1.0,0.75,5.32,0.79,5.49,0.8,16.2,0.21,5.49,0.2,16.2,0.23,1.0,0.25,5.32,0.02,0.02,617.539858,1776189743000
1776189745.32,145.32,0.77,1.0,0.75,5.32,0.79,5.49,0.8,16.2,0.21,5.49,0.2,16.2,0.23,1.0,0.25,5.32,0.02,0.02,617.539653,1776189744000
1776189746.365,146.365,0.77,1.0,0.75,5.32,0.79,5.49,0.8,16.2,0.21,5.49,0.2,16.2,0.23,1.0,0.25,5.32,0.02,0.02,617.551955,1776189745000
1776189746.913,146.913,0.77,1.0,0.75,5.32,0.79,5.49,0.8,16.2,0.21,5.49,0.2,16.2,0.23,1.0,0.25,5.32,0.02,0.02,617.551955,1776189746000
1776189748.084,148.084,0.77,1.0,0.75,5.32,0.79,5.49,0.8,16.2,0.21,5.49,0.2,16.2,0.23,1.0,0.25,5.32,0.02,0.02,617.547873,1776189747000
1776189749.847,149.847,0.77,1.0,0.75,5.32,0.79,5.49,0.8,16.2,0.21,5.49,0.2,16.2,0.23,1.0,0.25,5.32,0.02,0.02,617.540866,1776189748000
1776189750.414,150.414,0.77,1.0,0.75,5.32,0.79,5.49,0.8,16.2,0.21,5.49,0.2,16.2,0.23,1.0,0.25,5.32,0.02,0.02,617.547438,1776189749000
1776189750.963,150.963,0.77,1.0,0.75,5.32,0.79,5.49,0.8,16.2,0.21,5.49,0.2,16.2,0.23,1.0,0.25,5.32,0.02,0.02,617.547438,1776189750000
1776189752.1,152.1,0.77,1.0,0.75,5.32,0.79,5.49,0.8,16.2,0.21,5.49,0.2,16.2,0.23,1.0,0.25,5.32,0.02,0.02,617.529512,1776189751000
1776189753.319,153.319,0.77,1.0,0.75,5.32,0.79,5.49,0.8,16.2,0.21,5.49,0.2,16.2,0.23,1.0,0.25,5.32,0.02,0.02,617.532875,1776189752000
1776189754.153,154.153,0.77,1.0,0.75,5.32,0.79,5.49,0.8,16.2,0.21,5.49,0.2,16.2,0.23,1.0,0.25,5.32,0.02,0.02,617.533118,1776189753000
1776189755.009,155.009,0.77,1.0,0.75,5.32,0.79,5.49,0.8,16.2,0.21,5.49,0.2,16.2,0.23,1.0,0.25,5.32,0.02,0.02,617.537304,1776189754000
1776189756.068,156.068,0.77,1.0,0.75,5.32,0.79,5.49,0.8,16.2,0.21,5.49,0.2,16.2,0.23,1.0,0.25,5.32,0.02,0.02,617.539074,1776189755000
1776189757.192,157.192,0.77,1.0,0.75,5.32,0.79,5.49,0.8,16.2,0.21,5.49,0.2,16.2,0.23,1.0,0.25,5.32,0.02,0.02,617.539,1776189756000
1776189758.35,158.35,0.77,1.0,0.75,5.32,0.79,5.49,0.8,16.2,0.21,5.49,0.2,16.2,0.23,1.0,0.25,5.32,0.02,0.02,617.526692,1776189757000
1776189759.183,159.183,0.74,23.0,0.72,6.0,0.75,2.04,0.87,5.0,0.21,5.49,0.2,16.2,0.23,1.0,0.25,5.32,0.01,0.02,617.526692,1776189757000
1776189759.392,159.392,0.74,15.0,0.72,6.0,0.87,1.88,0.89,26.6,0.13,1.88,0.11,26.6,0.26,15.0,0.28,6.0,0.13,0.13,617.513672,1776189758000
1776189759.939,159.939,0.74,15.0,0.72,6.0,0.87,1.88,0.89,26.6,0.13,1.88,0.11,26.6,0.26,15.0,0.28,6.0,0.13,0.13,617.513625,1776189759000
1776189760.859,160.859,0.74,15.0,0.73,10.0,0.88,1.88,0.89,26.6,0.13,1.88,0.11,26.6,0.26,15.0,0.28,6.0,0.14,0.13,617.513625,1776189759000
1776189761.09,161.09,0.74,15.0,0.73,10.0,0.88,1.88,0.89,26.6,0.12,1.88,0.11,26.6,0.26,15.0,0.27,10.0,0.14,0.14,617.650824,1776189760000
1776189762.157,162.157,0.74,15.0,0.73,10.0,0.88,1.88,0.89,26.6,0.12,1.88,0.11,26.6,0.26,15.0,0.27,10.0,0.14,0.14,617.686474,1776189761000
1776189763.21,163.21,0.74,15.0,0.73,10.0,0.88,1.88,0.89,26.6,0.12,1.88,0.11,26.6,0.26,15.0,0.27,10.0,0.14,0.14,617.697061,1776189762000
1776189764.495,164.495,0.74,15.0,0.73,10.0,0.88,1.88,0.89,26.6,0.12,1.88,0.11,26.6,0.26,15.0,0.27,10.0,0.14,0.14,617.698068,1776189763000
1776189765.052,165.052,0.74,15.0,0.73,10.0,0.88,1.88,0.89,26.6,0.12,1.88,0.11,26.6,0.26,15.0,0.27,10.0,0.14,0.14,617.677664,1776189764000
1776189766.241,166.241,0.74,15.0,0.73,10.0,0.88,1.88,0.89,26.6,0.12,1.88,0.11,26.6,0.26,15.0,0.27,10.0,0.14,0.14,617.67818,1776189765000
1776189768.041,168.041,0.74,15.0,0.73,10.0,0.88,1.88,0.89,26.6,0.12,1.88,0.11,26.6,0.26,15.0,0.27,10.0,0.14,0.14,617.661207,1776189767000
1776189769.697,169.697,0.74,15.0,0.73,10.0,0.88,1.88,0.89,26.6,0.12,1.88,0.11,26.6,0.26,15.0,0.27,10.0,0.14,0.14,617.661073,1776189768000
1776189770.33,170.33,0.74,15.0,0.73,10.0,0.88,1.88,0.89,26.6,0.12,1.88,0.11,26.6,0.26,15.0,0.27,10.0,0.14,0.14,617.661029,1776189769000
1776189771.192,171.192,0.74,15.0,0.73,10.0,0.88,1.88,0.89,26.6,0.12,1.88,0.11,26.6,0.26,15.0,0.27,10.0,0.14,0.14,617.635317,1776189770000
1776189772.485,172.485,0.74,15.0,0.73,10.0,0.88,1.88,0.89,26.6,0.12,1.88,0.11,26.6,0.26,15.0,0.27,10.0,0.14,0.14,617.63528,1776189771000
1776189773.368,173.368,0.74,15.0,0.73,10.0,0.88,1.88,0.89,26.6,0.12,1.88,0.11,26.6,0.26,15.0,0.27,10.0,0.14,0.14,617.63528,1776189772000
1776189774.584,174.584,0.74,15.0,0.73,10.0,0.88,1.88,0.89,26.6,0.12,1.88,0.11,26.6,0.26,15.0,0.27,10.0,0.14,0.14,617.635313,1776189773000
1776189775.271,175.271,0.74,15.0,0.73,10.0,0.88,1.88,0.89,26.6,0.12,1.88,0.11,26.6,0.26,15.0,0.27,10.0,0.14,0.14,617.635313,1776189774000
1776189776.715,176.715,0.74,15.0,0.73,10.0,0.88,1.88,0.89,26.6,0.12,1.88,0.11,26.6,0.26,15.0,0.27,10.0,0.14,0.14,617.635314,1776189775000
1776189777.51,177.51,0.74,15.0,0.73,10.0,0.88,1.88,0.89,26.6,0.12,1.88,0.11,26.6,0.26,15.0,0.27,10.0,0.14,0.14,617.635442,1776189776000
1776189778.358,178.358,0.74,15.0,0.73,10.0,0.88,1.88,0.89,26.6,0.12,1.88,0.11,26.6,0.26,15.0,0.27,10.0,0.14,0.14,617.641452,1776189777000
1776189779.665,179.665,0.74,15.0,0.73,10.0,0.88,1.88,0.89,26.6,0.12,1.88,0.11,26.6,0.26,15.0,0.27,10.0,0.14,0.14,617.641455,1776189778000
1776189780.401,180.401,0.74,15.0,0.73,10.0,0.88,1.88,0.89,26.6,0.12,1.88,0.11,26.6,0.26,15.0,0.27,10.0,0.14,0.14,617.646287,1776189779000
1776189781.181,181.181,0.74,15.0,0.73,10.0,0.88,1.88,0.89,26.6,0.12,1.88,0.11,26.6,0.26,15.0,0.27,10.0,0.14,0.14,617.683,1776189780000
1776189782.868,182.868,0.74,15.0,0.73,10.0,0.88,1.88,0.89,26.6,0.12,1.88,0.11,26.6,0.26,15.0,0.27,10.0,0.14,0.14,617.696,1776189781000
1776189783.531,183.531,0.74,15.0,0.73,10.0,0.88,1.88,0.89,26.6,0.12,1.88,0.11,26.6,0.26,15.0,0.27,10.0,0.14,0.14,617.696,1776189782000
1776189784.206,184.206,0.74,15.0,0.73,10.0,0.88,1.88,0.89,26.6,0.12,1.88,0.11,26.6,0.26,15.0,0.27,10.0,0.14,0.14,617.698,1776189783000
1776189785.379,185.379,0.74,15.0,0.73,10.0,0.88,1.88,0.89,26.6,0.12,1.88,0.11,26.6,0.26,15.0,0.27,10.0,0.14,0.14,617.698,1776189784000
1776189786.079,186.079,0.74,15.0,0.73,10.0,0.88,1.88,0.89,26.6,0.12,1.88,0.11,26.6,0.26,15.0,0.27,10.0,0.14,0.14,617.689,1776189785000
1776189787.204,187.204,0.74,15.0,0.73,10.0,0.88,1.88,0.89,26.6,0.12,1.88,0.11,26.6,0.26,15.0,0.27,10.0,0.14,0.14,617.689,1776189786000
1776189788.504,188.504,0.74,15.0,0.73,10.0,0.88,1.88,0.89,26.6,0.12,1.88,0.11,26.6,0.26,15.0,0.27,10.0,0.14,0.14,617.698,1776189787000
1776189789.109,189.109,0.74,15.0,0.73,10.0,0.88,1.88,0.89,26.6,0.12,1.88,0.11,26.6,0.26,15.0,0.27,10.0,0.14,0.14,617.698,1776189788000
1776189790.101,190.101,0.74,15.0,0.73,10.0,0.88,1.88,0.89,26.6,0.12,1.88,0.11,26.6,0.26,15.0,0.27,10.0,0.14,0.14,617.697,1776189789000
1776189791.218,191.218,0.74,15.0,0.73,10.0,0.88,1.88,0.89,26.6,0.12,1.88,0.11,26.6,0.26,15.0,0.27,10.0,0.14,0.14,617.713936,1776189790000
1776189792.362,192.362,0.85,20.39,0.84,19.3,0.9,3.88,0.93,39.9,0.1,3.88,0.07,39.9,0.15,20.39,0.16,19.3,0.05,0.05,617.722,1776189791000
1776189792.972,192.972,0.85,20.39,0.84,19.3,0.9,3.88,0.93,39.9,0.1,3.88,0.07,39.9,0.15,20.39,0.16,19.3,0.05,0.05,617.722,1776189792000
1776189794.148,194.148,0.85,20.39,0.84,19.3,0.9,3.88,0.93,39.9,0.1,3.88,0.07,39.9,0.15,20.39,0.16,19.3,0.05,0.05,617.719304,1776189793000
1776189795.315,195.315,0.85,20.39,0.84,19.3,0.9,3.88,0.93,39.9,0.1,3.88,0.07,39.9,0.15,20.39,0.16,19.3,0.05,0.05,617.715151,1776189794000
1776189796.376,196.376,0.85,20.39,0.84,19.3,0.9,3.88,0.93,39.9,0.1,3.88,0.07,39.9,0.15,20.39,0.16,19.3,0.05,0.05,617.715151,1776189795000
1776189796.993,196.993,0.85,20.39,0.84,19.3,0.9,3.88,0.93,39.9,0.1,3.88,0.07,39.9,0.15,20.39,0.16,19.3,0.05,0.05,617.715151,1776189796000
1776189797.338,197.338,0.84,19.3,0.83,24.39,0.9,2.76,0.93,39.9,0.1,3.88,0.07,39.9,0.15,20.39,0.16,19.3,0.06,0.05,617.715151,1776189796000
1776189798.447,198.447,0.84,19.3,0.83,24.39,0.9,2.76,0.93,39.9,0.1,2.76,0.07,39.9,0.16,19.3,0.17,24.39,0.06,0.06,617.715086,1776189797000
1776189799.011,199.011,0.84,19.3,0.83,24.39,0.9,2.76,0.93,39.9,0.1,2.76,0.07,39.9,0.16,19.3,0.17,24.39,0.06,0.06,617.715819,1776189798000
1776189799.942,199.942,0.84,19.3,0.83,24.39,0.9,2.76,0.93,39.9,0.1,2.76,0.07,39.9,0.16,19.3,0.17,24.39,0.06,0.06,617.715856,1776189799000
1776189801.022,201.022,0.84,19.3,0.83,24.39,0.9,2.76,0.93,39.9,0.1,2.76,0.07,39.9,0.16,19.3,0.17,24.39,0.06,0.06,617.707122,1776189800000
1776189801.952,201.952,0.84,19.3,0.83,24.39,0.9,2.76,0.93,39.9,0.1,2.76,0.07,39.9,0.16,19.3,0.17,24.39,0.06,0.06,617.707131,1776189801000
1776189803.055,203.055,0.84,19.3,0.83,24.39,0.9,2.76,0.93,39.9,0.1,2.76,0.07,39.9,0.16,19.3,0.17,24.39,0.06,0.06,617.707163,1776189802000
1776189804.006,204.006,0.84,19.3,0.83,24.39,0.9,2.76,0.93,39.9,0.1,2.76,0.07,39.9,0.16,19.3,0.17,24.39,0.06,0.06,617.707219,1776189803000
1776189805.049,205.049,0.84,19.3,0.83,24.39,0.9,2.76,0.93,39.9,0.1,2.76,0.07,39.9,0.16,19.3,0.17,24.39,0.06,0.06,617.707091,1776189804000
1776189806.039,206.039,0.84,19.3,0.83,24.39,0.9,2.76,0.93,39.9,0.1,2.76,0.07,39.9,0.16,19.3,0.17,24.39,0.06,0.06,617.707147,1776189805000
1776189806.992,206.992,0.84,19.3,0.83,24.39,0.9,2.76,0.93,39.9,0.1,2.76,0.07,39.9,0.16,19.3,0.17,24.39,0.06,0.06,617.707507,1776189806000
1776189807.978,207.978,0.86,21.6,0.85,20.39,0.95,52.46,0.96,67.7,0.05,52.46,0.04,67.7,0.14,21.6,0.15,20.39,0.09,0.09,617.707563,1776189807000
1776189808.936,208.936,0.86,21.6,0.85,20.39,0.95,52.46,0.96,67.7,0.05,52.46,0.04,67.7,0.14,21.6,0.15,20.39,0.09,0.09,617.713988,1776189808000
1776189809.339,209.339,0.88,24.6,0.87,23.0,0.95,50.35,0.96,67.7,0.05,52.46,0.04,67.7,0.14,21.6,0.15,20.39,0.07,0.09,617.713988,1776189808000
1776189809.927,209.927,0.88,24.6,0.87,23.0,0.95,50.35,0.96,67.7,0.05,50.35,0.04,67.7,0.12,24.6,0.13,23.0,0.07,0.07,617.716,1776189809000
1776189810.299,210.299,0.88,24.6,0.87,23.0,0.95,48.24,0.96,67.7,0.05,50.35,0.04,67.7,0.12,24.6,0.13,23.0,0.07,0.07,617.716,1776189809000
1776189811.011,211.011,0.88,24.6,0.87,23.0,0.95,48.24,0.96,67.7,0.05,48.24,0.04,67.7,0.12,24.6,0.13,23.0,0.07,0.07,617.714724,1776189810000
1776189812.267,212.267,0.88,24.6,0.87,23.0,0.95,48.24,0.96,67.7,0.05,48.24,0.04,67.7,0.12,24.6,0.13,23.0,0.07,0.07,617.72,1776189811000
1776189813.347,213.347,0.88,24.6,0.87,23.0,0.95,48.24,0.96,67.7,0.05,48.24,0.04,67.7,0.12,24.6,0.13,23.0,0.07,0.07,617.717633,1776189812000
1776189814.031,214.031,0.88,24.6,0.87,23.0,0.95,48.24,0.96,67.7,0.05,48.24,0.04,67.7,0.12,24.6,0.13,23.0,0.07,0.07,617.718234,1776189813000
1776189815.201,215.201,0.88,24.6,0.87,23.0,0.95,48.24,0.96,67.7,0.05,48.24,0.04,67.7,0.12,24.6,0.13,23.0,0.07,0.07,617.71824,1776189814000
1776189816.36,216.36,0.88,24.6,0.87,23.0,0.95,48.24,0.96,67.7,0.05,48.24,0.04,67.7,0.12,24.6,0.13,23.0,0.07,0.07,617.718395,1776189815000
1776189817.678,217.678,0.88,24.6,0.87,23.0,0.95,48.24,0.96,67.7,0.05,48.24,0.04,67.7,0.12,24.6,0.13,23.0,0.07,0.07,617.718321,1776189816000
1776189818.137,218.137,0.88,24.6,0.87,23.0,0.95,48.24,0.96,67.7,0.05,48.24,0.04,67.7,0.12,24.6,0.13,23.0,0.07,0.07,617.718239,1776189817000
1776189819.451,219.451,0.88,24.6,0.87,23.0,0.95,48.24,0.96,67.7,0.05,48.24,0.04,67.7,0.12,24.6,0.13,23.0,0.07,0.07,617.714006,1776189818000
1776189820.044,220.044,0.88,24.6,0.87,23.0,0.95,48.24,0.96,67.7,0.05,48.24,0.04,67.7,0.12,24.6,0.13,23.0,0.07,0.07,617.715072,1776189819000
1776189821.071,221.071,0.88,24.6,0.87,23.0,0.95,48.24,0.96,67.7,0.05,48.24,0.04,67.7,0.12,24.6,0.13,23.0,0.07,0.07,617.715072,1776189820000
1776189821.599,221.599,0.89,26.6,0.88,24.6,0.95,46.24,0.96,67.7,0.05,48.24,0.04,67.7,0.12,24.6,0.13,23.0,0.06,0.07,617.715072,1776189820000
1776189822.303,222.303,0.89,26.6,0.88,24.6,0.95,46.24,0.96,67.7,0.05,46.24,0.04,67.7,0.11,26.6,0.12,24.6,0.06,0.06,617.715072,1776189821000
1776189823.507,223.507,0.89,26.6,0.88,24.6,0.95,46.24,0.96,67.7,0.05,46.24,0.04,67.7,0.11,26.6,0.12,24.6,0.06,0.06,617.714962,1776189822000
1776189824.063,224.063,0.89,26.6,0.88,24.6,0.95,46.24,0.96,67.7,0.05,46.24,0.04,67.7,0.11,26.6,0.12,24.6,0.06,0.06,617.714896,1776189823000
1776189825.4,225.4,0.88,24.6,0.87,23.0,0.95,31.08,0.96,67.7,0.05,31.08,0.04,67.7,0.12,24.6,0.13,23.0,0.07,0.07,617.714002,1776189824000
1776189826.366,226.366,0.88,24.6,0.87,23.0,0.95,31.08,0.96,67.7,0.05,31.08,0.04,67.7,0.12,24.6,0.13,23.0,0.07,0.07,617.714002,1776189825000
1776189826.931,226.931,0.88,24.6,0.87,23.0,0.95,31.08,0.96,67.7,0.05,31.08,0.04,67.7,0.12,24.6,0.13,23.0,0.07,0.07,617.714002,1776189826000
1776189828.137,228.137,0.88,24.6,0.87,23.0,0.95,31.08,0.96,67.7,0.05,31.08,0.04,67.7,0.12,24.6,0.13,23.0,0.07,0.07,617.761,1776189827000
1776189829.297,229.297,0.88,24.6,0.87,23.0,0.95,31.08,0.96,67.7,0.05,31.08,0.04,67.7,0.12,24.6,0.13,23.0,0.07,0.07,617.77238,1776189828000
1776189830.394,230.394,0.88,24.6,0.87,23.0,0.95,31.08,0.96,67.7,0.05,31.08,0.04,67.7,0.12,24.6,0.13,23.0,0.07,0.07,617.775,1776189829000
1776189830.961,230.961,0.88,24.6,0.87,23.0,0.95,31.08,0.96,67.7,0.05,31.08,0.04,67.7,0.12,24.6,0.13,23.0,0.07,0.07,617.775,1776189830000
1776189832.094,232.094,0.88,24.6,0.87,23.0,0.95,31.08,0.96,67.7,0.05,31.08,0.04,67.7,0.12,24.6,0.13,23.0,0.07,0.07,617.78,1776189831000
1776189833.454,233.454,0.88,24.6,0.87,23.0,0.95,31.08,0.96,67.7,0.05,31.08,0.04,67.7,0.12,24.6,0.13,23.0,0.07,0.07,617.774,1776189832000
1776189833.989,233.989,0.88,24.6,0.87,23.0,0.95,31.08,0.96,67.7,0.05,31.08,0.04,67.7,0.12,24.6,0.13,23.0,0.07,0.07,617.774,1776189833000
1776189835.031,235.031,0.88,24.6,0.87,23.0,0.95,31.08,0.96,67.7,0.05,31.08,0.04,67.7,0.12,24.6,0.13,23.0,0.07,0.07,617.775,1776189834000
1776189836.135,236.135,0.88,24.6,0.87,23.0,0.95,31.08,0.96,67.7,0.05,31.08,0.04,67.7,0.12,24.6,0.13,23.0,0.07,0.07,617.776,1776189835000
1776189836.86,236.86,0.96,10.0,0.91,31.7,0.99,199.8,,,0.05,31.08,0.04,67.7,0.12,24.6,0.13,23.0,0.03,0.07,617.776,1776189835000
1776189837.32,237.32,0.96,10.0,0.91,31.7,0.99,143.75,,,0.01,143.75,,,0.04,10.0,0.09,31.7,0.03,0.03,617.769,1776189836000
1776189837.937,237.937,0.96,10.0,0.91,31.7,0.99,143.75,,,0.01,143.75,,,0.04,10.0,0.09,31.7,0.03,0.03,617.769,1776189837000
1776189838.137,238.137,0.94,10.0,0.93,39.9,0.99,138.75,,,0.01,143.75,,,0.04,10.0,0.09,31.7,0.05,0.03,617.769,1776189837000
1776189839.078,239.078,0.94,10.0,0.93,39.9,0.99,138.75,,,0.01,138.75,,,0.06,10.0,0.07,39.9,0.05,0.05,618.116468,1776189838000
1776189839.538,239.538,0.96,67.7,0.95,54.7,0.99,57.98,,,0.01,138.75,,,0.06,10.0,0.07,39.9,0.03,0.05,618.116468,1776189838000
1776189840.186,240.186,0.96,67.7,0.95,54.7,0.99,57.98,,,0.01,57.98,,,0.04,67.7,0.05,54.7,0.03,0.03,618.138892,1776189839000
1776189840.467,240.467,0.98,132.69,0.97,89.3,0.99,52.92,,,0.01,57.98,,,0.04,67.7,0.05,54.7,0.01,0.03,618.138892,1776189839000
1776189840.983,240.983,0.98,132.69,0.97,89.3,0.99,46.92,,,0.01,52.92,,,0.02,132.69,0.03,89.3,0.01,0.01,618.138892,1776189839000
1776189841.782,241.782,0.98,132.69,0.97,89.3,0.99,46.92,,,0.01,46.92,,,0.02,132.69,0.03,89.3,0.01,0.01,618.140583,1776189840000
1776189842.991,242.991,0.99,953.08,0.98,132.69,,,,,,,,,0.01,953.08,0.02,132.69,,,618.141444,1776189841000
1776189844.301,244.301,0.99,953.08,0.98,132.69,,,,,,,,,0.01,953.08,0.02,132.69,,,618.28519,1776189842000
1776189845.217,245.217,0.99,953.08,0.98,132.69,,,,,,,,,0.01,953.08,0.02,132.69,,,618.435995,1776189843000
1776189846.182,246.182,0.99,953.08,0.98,132.69,,,,,,,,,0.01,953.08,0.02,132.69,,,618.478615,1776189844000
1776189847.062,247.062,0.99,953.08,0.98,132.69,,,,,,,,,0.01,953.08,0.02,132.69,,,618.51,1776189845000
1776189847.984,247.984,0.99,953.08,0.98,132.69,,,,,,,,,0.01,953.08,0.02,132.69,,,618.518114,1776189846000
1776189849.074,249.074,0.99,953.08,0.98,132.69,,,,,,,,,0.01,953.08,0.02,132.69,,,618.511003,1776189847000
1776189849.93,249.93,0.99,953.08,0.98,132.69,,,,,,,,,0.01,953.08,0.02,132.69,,,618.532835,1776189848000
1776189850.91,250.91,0.99,953.08,0.98,132.69,,,,,,,,,0.01,953.08,0.02,132.69,,,618.55,1776189849000
1776189851.866,251.866,0.99,953.08,0.98,132.69,,,,,,,,,0.01,953.08,0.02,132.69,,,618.553,1776189850000
1776189852.504,252.504,0.99,953.08,0.98,132.69,,,,,,,,,0.01,953.08,0.02,132.69,,,618.522,1776189851000
1776189853.15,253.15,0.99,953.08,0.98,132.69,,,,,,,,,0.01,953.08,0.02,132.69,,,618.533,1776189852000
1776189853.421,253.421,0.99,2510.93,0.98,132.69,,,,,,,,,0.01,953.08,0.02,132.69,,,618.533,1776189852000
1776189854.739,254.739,0.99,2510.93,0.98,132.69,,,,,,,,,0.01,2510.93,0.02,132.69,,,618.528,1776189853000
1776189855.414,255.414,0.99,2510.93,0.98,132.69,,,,,,,,,0.01,2510.93,0.02,132.69,,,618.533,1776189854000
1776189856.317,256.317,0.99,2510.93,0.98,132.69,,,,,,,,,0.01,2510.93,0.02,132.69,,,618.536,1776189855000
1776189857.012,257.012,0.99,2510.93,0.98,132.69,,,,,,,,,0.01,2510.93,0.02,132.69,,,618.562872,1776189856000
1776189858.748,258.748,0.99,2510.93,0.98,132.69,,,,,,,,,0.01,2510.93,0.02,132.69,,,618.560521,1776189857000
1776189859.427,259.427,0.99,2510.93,0.98,132.69,,,,,,,,,0.01,2510.93,0.02,132.69,,,618.555,1776189858000
1776189860.267,260.267,0.99,2510.93,0.98,132.69,,,,,,,,,0.01,2510.93,0.02,132.69,,,618.555,1776189859000
1776189861.714,261.714,0.99,2510.93,0.98,132.69,,,,,,,,,0.01,2510.93,0.02,132.69,,,618.553,1776189860000
1776189862.299,262.299,0.99,2510.93,0.98,132.69,,,,,,,,,0.01,2510.93,0.02,132.69,,,618.60593,1776189861000
1776189863.712,263.712,0.99,2510.93,0.98,132.69,,,,,,,,,0.01,2510.93,0.02,132.69,,,618.643,1776189862000
1776189864.2,264.2,0.99,2510.93,0.98,132.69,,,,,,,,,0.01,2510.93,0.02,132.69,,,618.64268,1776189863000
1776189865.195,265.195,0.99,2510.93,0.98,132.69,,,,,,,,,0.01,2510.93,0.02,132.69,,,618.685,1776189864000
1776189866.3,266.3,0.99,2510.93,0.98,132.69,,,,,,,,,0.01,2510.93,0.02,132.69,,,618.681,1776189865000
1776189867.319,267.319,0.99,2510.93,0.98,132.69,,,,,,,,,0.01,2510.93,0.02,132.69,,,618.67823,1776189866000
1776189868.285,268.285,0.99,2510.93,0.98,132.69,,,,,,,,,0.01,2510.93,0.02,132.69,,,618.678472,1776189867000
1776189869.283,269.283,0.99,2510.93,0.98,132.69,,,,,,,,,0.01,2510.93,0.02,132.69,,,618.678552,1776189868000
1776189870.359,270.359,0.99,2510.93,0.98,132.69,,,,,,,,,0.01,2510.93,0.02,132.69,,,618.678548,1776189869000
1776189870.926,270.926,0.99,2510.93,0.98,132.69,,,,,,,,,0.01,2510.93,0.02,132.69,,,618.679099,1776189870000
1776189871.887,271.887,0.99,2510.93,0.98,132.69,,,,,,,,,0.01,2510.93,0.02,132.69,,,618.531368,1776189871000
1776189872.965,272.965,0.99,2510.93,0.98,132.69,,,,,,,,,0.01,2510.93,0.02,132.69,,,618.527833,1776189872000
1776189873.935,273.935,0.99,2510.93,0.98,132.69,,,,,,,,,0.01,2510.93,0.02,132.69,,,618.525082,1776189873000
1776189875.011,275.011,0.99,2510.93,0.98,132.69,,,,,,,,,0.01,2510.93,0.02,132.69,,,618.489935,1776189874000
1776189876.013,276.013,0.99,2510.93,0.98,132.69,,,,,,,,,0.01,2510.93,0.02,132.69,,,618.481243,1776189875000
1776189877.249,277.249,0.99,2510.93,0.98,132.69,,,,,,,,,0.01,2510.93,0.02,132.69,,,618.47264,1776189876000
1776189878.381,278.381,0.99,2510.93,0.98,132.69,,,,,,,,,0.01,2510.93,0.02,132.69,,,618.472599,1776189877000
1776189879.102,279.102,0.99,2510.93,0.98,132.69,,,,,,,,,0.01,2510.93,0.02,132.69,,,618.472599,1776189878000
1776189880.298,280.298,0.99,2510.93,0.98,132.69,,,,,,,,,0.01,2510.93,0.02,132.69,,,618.462227,1776189879000
1776189881.424,281.424,0.99,2510.93,0.98,132.69,,,,,,,,,0.01,2510.93,0.02,132.69,,,618.456805,1776189880000
1776189882.019,282.019,0.99,2510.93,0.98,132.69,,,,,,,,,0.01,2510.93,0.02,132.69,,,618.411026,1776189881000
1776189883.248,283.248,0.99,2510.93,0.98,132.69,,,,,,,,,0.01,2510.93,0.02,132.69,,,618.388683,1776189882000
1776189884.43,284.43,0.99,2510.93,0.98,132.69,,,,,,,,,0.01,2510.93,0.02,132.69,,,618.353696,1776189883000
1776189884.94,284.94,0.99,2510.93,0.98,132.69,,,,,,,,,0.01,2510.93,0.02,132.69,,,618.353696,1776189884000
1776189886.137,286.137,0.99,2510.93,0.98,132.69,,,,,,,,,0.01,2510.93,0.02,132.69,,,618.353358,1776189885000
1776189887.263,287.263,0.99,2510.93,0.98,132.69,,,,,,,,,0.01,2510.93,0.02,132.69,,,618.353358,1776189886000
1776189888.409,288.409,0.99,2510.93,0.98,132.69,,,,,,,,,0.01,2510.93,0.02,132.69,,,618.349391,1776189887000
1776189888.977,288.977,0.99,2510.93,0.98,132.69,,,,,,,,,0.01,2510.93,0.02,132.69,,,618.349392,1776189888000
1776189890.182,290.182,0.99,2510.93,0.98,132.69,,,,,,,,,0.01,2510.93,0.02,132.69,,,618.349364,1776189889000
1776189891.427,291.427,0.99,2510.93,0.98,132.69,,,,,,,,,0.01,2510.93,0.02,132.69,,,618.344437,1776189890000
1776189892.437,292.437,0.99,2510.93,0.98,132.69,,,,,,,,,0.01,2510.93,0.02,132.69,,,618.344449,1776189891000
1776189892.909,292.909,0.99,2510.93,0.98,132.69,,,,,,,,,0.01,2510.93,0.02,132.69,,,618.34503,1776189892000
1776189893.98,293.98,0.99,2510.93,0.98,132.69,,,,,,,,,0.01,2510.93,0.02,132.69,,,618.345952,1776189893000
1776189894.981,294.981,0.99,2510.93,0.98,132.69,,,,,,,,,0.01,2510.93,0.02,132.69,,,618.35,1776189894000
1776189896.035,296.035,0.99,2510.93,0.98,132.69,,,,,,,,,0.01,2510.93,0.02,132.69,,,618.34519,1776189895000
1776189896.942,296.942,0.99,2510.93,0.98,132.69,,,,,,,,,0.01,2510.93,0.02,132.69,,,618.344948,1776189896000
1776189897.959,297.959,0.99,2510.93,0.98,132.69,,,,,,,,,0.01,2510.93,0.02,132.69,,,618.344719,1776189897000
1776189899.058,299.058,0.99,2510.93,0.98,132.69,,,,,,,,,0.01,2510.93,0.02,132.69,,,618.344509,1776189898000
1776189899.953,299.953,0.99,2510.93,0.98,132.69,,,,,,,,,0.01,2510.93,0.02,132.69,,,618.34344,1776189899000
1776189901.071,301.071,0.99,2510.93,0.98,132.69,,,,,,,,,0.01,2510.93,0.02,132.69,,,618.348682,1776189900000
1776189901.937,301.937,0.99,2510.93,0.98,132.69,,,,,,,,,0.01,2510.93,0.02,132.69,,,618.396579,1776189901000

# RESULT,winner=Up,slug=bnb-updown-5m-1776189600,ticks=329
