timestamp,elapsed_sec,up_bid_p1,up_bid_s1,up_bid_p2,up_bid_s2,up_bid_p3,up_bid_s3,up_bid_p4,up_bid_s4,up_bid_p5,up_bid_s5,up_ask_p1,up_ask_s1,up_ask_p2,up_ask_s2,up_ask_p3,up_ask_s3,up_ask_p4,up_ask_s4,up_ask_p5,up_ask_s5,down_bid_p1,down_bid_s1,down_bid_p2,down_bid_s2,down_bid_p3,down_bid_s3,down_bid_p4,down_bid_s4,down_bid_p5,down_bid_s5,down_ask_p1,down_ask_s1,down_ask_p2,down_ask_s2,down_ask_p3,down_ask_s3,down_ask_p4,down_ask_s4,down_ask_p5,down_ask_s5,up_spread,down_spread,bnb_price,bnb_oracle_ts
1776164701.492,1.492,0.33,300.0,0.31,375.0,0.27,450.0,0.25,600.0,0.21,750.0,0.67,300.0,0.69,375.0,0.73,450.0,0.75,600.0,0.79,750.0,0.33,300.0,0.31,375.0,0.27,450.0,0.25,600.0,0.21,750.0,0.67,300.0,0.69,375.0,0.73,450.0,0.75,600.0,0.79,750.0,0.34,0.34,618.04152,1776164699000
1776164701.798,1.798,0.33,300.0,0.31,375.0,0.27,450.0,0.25,600.0,0.21,750.0,0.67,300.0,0.69,375.0,0.73,450.0,0.75,600.0,0.79,750.0,0.44,11.0,0.33,300.0,0.31,375.0,0.27,450.0,0.25,600.0,0.65,14.0,0.67,300.0,0.69,375.0,0.73,450.0,0.75,600.0,0.34,0.21,618.04154,1776164700000
1776164702.323,2.323,0.35,14.0,0.33,300.0,0.31,375.0,0.27,450.0,0.25,600.0,0.56,11.0,0.67,300.0,0.69,375.0,0.73,450.0,0.75,600.0,0.44,11.0,0.33,300.0,0.31,375.0,0.27,450.0,0.25,600.0,0.65,14.0,0.67,300.0,0.69,375.0,0.73,450.0,0.75,600.0,0.21,0.21,618.092733,1776164701000
1776164703.087,3.087,0.35,14.0,0.33,300.0,0.31,375.0,0.27,450.0,0.25,600.0,0.56,11.0,0.67,300.0,0.69,375.0,0.73,450.0,0.75,600.0,0.44,11.0,0.33,300.0,0.31,375.0,0.27,450.0,0.25,600.0,0.65,14.0,0.67,300.0,0.69,375.0,0.73,450.0,0.75,600.0,0.21,0.21,618.089872,1776164702000
1776164704.389,4.389,0.35,14.0,0.33,300.0,0.31,375.0,0.27,450.0,0.25,600.0,0.56,11.0,0.67,300.0,0.69,375.0,0.73,450.0,0.75,600.0,0.44,11.0,0.33,300.0,0.31,375.0,0.27,450.0,0.25,600.0,0.65,14.0,0.67,300.0,0.69,375.0,0.73,450.0,0.75,600.0,0.21,0.21,618.085,1776164703000
1776164704.859,4.859,0.35,14.0,0.33,300.0,0.31,375.0,0.27,450.0,0.25,600.0,0.56,11.0,0.67,300.0,0.69,375.0,0.73,450.0,0.75,600.0,0.44,11.0,0.33,300.0,0.31,375.0,0.27,450.0,0.25,600.0,0.65,14.0,0.67,300.0,0.69,375.0,0.73,450.0,0.75,600.0,0.21,0.21,618.019215,1776164704000
1776164706.059,6.059,0.35,14.0,0.33,300.0,0.31,375.0,0.27,450.0,0.25,600.0,0.56,11.0,0.67,300.0,0.69,375.0,0.73,450.0,0.75,600.0,0.44,11.0,0.33,300.0,0.31,375.0,0.27,450.0,0.25,600.0,0.65,14.0,0.67,300.0,0.69,375.0,0.73,450.0,0.75,600.0,0.21,0.21,617.94634,1776164705000
1776164706.368,6.368,0.36,15.0,0.32,15.0,0.31,50.0,0.27,450.0,0.26,5.0,0.37,7.29,0.46,5.0,0.47,5.0,0.48,5.0,0.49,5.0,0.44,11.0,0.33,300.0,0.31,375.0,0.27,450.0,0.25,600.0,0.65,14.0,0.67,300.0,0.69,375.0,0.73,450.0,0.75,600.0,0.01,0.21,617.94634,1776164705000
1776164706.984,6.984,0.36,15.0,0.32,15.0,0.31,50.0,0.27,450.0,0.26,5.0,0.37,7.29,0.46,5.0,0.47,5.0,0.48,5.0,0.49,5.0,0.63,7.29,0.54,5.0,0.53,5.0,0.52,5.0,0.51,5.0,0.64,15.0,0.68,15.0,0.69,50.0,0.73,450.0,0.74,5.0,0.01,0.01,617.873548,1776164706000
1776164708.053,8.053,0.36,15.0,0.32,15.0,0.31,50.0,0.27,450.0,0.26,5.0,0.37,7.29,0.46,5.0,0.47,5.0,0.48,5.0,0.49,5.0,0.63,7.29,0.54,5.0,0.53,5.0,0.52,5.0,0.51,5.0,0.64,15.0,0.68,15.0,0.69,50.0,0.73,450.0,0.74,5.0,0.01,0.01,617.89889,1776164707000
1776164709.122,9.122,0.36,15.0,0.32,15.0,0.31,50.0,0.27,450.0,0.26,5.0,0.37,7.29,0.46,5.0,0.47,5.0,0.48,5.0,0.49,5.0,0.63,7.29,0.54,5.0,0.53,5.0,0.52,5.0,0.51,5.0,0.64,15.0,0.68,15.0,0.69,50.0,0.73,450.0,0.74,5.0,0.01,0.01,617.89897,1776164708000
1776164710.255,10.255,0.36,15.0,0.32,15.0,0.31,50.0,0.27,450.0,0.26,5.0,0.37,7.29,0.46,5.0,0.47,5.0,0.48,5.0,0.49,5.0,0.63,7.29,0.54,5.0,0.53,5.0,0.52,5.0,0.51,5.0,0.64,15.0,0.68,15.0,0.69,50.0,0.73,450.0,0.74,5.0,0.01,0.01,617.86572,1776164709000
1776164711.187,11.187,0.36,15.0,0.32,15.0,0.31,50.0,0.27,450.0,0.26,5.0,0.37,7.29,0.46,5.0,0.47,5.0,0.48,5.0,0.49,5.0,0.63,7.29,0.54,5.0,0.53,5.0,0.52,5.0,0.51,5.0,0.64,15.0,0.68,15.0,0.69,50.0,0.73,450.0,0.74,5.0,0.01,0.01,617.878455,1776164710000
1776164712.208,12.208,0.36,15.0,0.32,15.0,0.31,50.0,0.27,450.0,0.26,5.0,0.37,7.29,0.46,5.0,0.47,5.0,0.48,5.0,0.49,5.0,0.63,7.29,0.54,5.0,0.53,5.0,0.52,5.0,0.51,5.0,0.64,15.0,0.68,15.0,0.69,50.0,0.73,450.0,0.74,5.0,0.01,0.01,617.877265,1776164711000
1776164713.21,13.21,0.36,15.0,0.32,15.0,0.31,50.0,0.27,450.0,0.26,5.0,0.37,7.29,0.46,5.0,0.47,5.0,0.48,5.0,0.49,5.0,0.63,7.29,0.54,5.0,0.53,5.0,0.52,5.0,0.51,5.0,0.64,15.0,0.68,15.0,0.69,50.0,0.73,450.0,0.74,5.0,0.01,0.01,617.876889,1776164712000
1776164714.276,14.276,0.36,15.0,0.32,15.0,0.31,50.0,0.27,450.0,0.26,5.0,0.37,7.29,0.46,5.0,0.47,5.0,0.48,5.0,0.49,5.0,0.63,7.29,0.54,5.0,0.53,5.0,0.52,5.0,0.51,5.0,0.64,15.0,0.68,15.0,0.69,50.0,0.73,450.0,0.74,5.0,0.01,0.01,617.869175,1776164713000
1776164715.202,15.202,0.36,7.18,0.27,18.0,0.25,15.0,0.23,5.0,0.21,55.0,0.37,10.0,0.45,5.0,0.46,5.0,0.47,15.0,0.48,14.0,0.63,10.0,0.55,5.0,0.54,5.0,0.53,15.0,0.52,14.0,0.64,7.18,0.73,18.0,0.75,15.0,0.77,5.0,0.79,55.0,0.01,0.01,617.884272,1776164714000
1776164716.258,16.258,0.36,7.18,0.27,18.0,0.25,15.0,0.23,5.0,0.21,55.0,0.37,10.0,0.45,5.0,0.46,5.0,0.47,15.0,0.48,14.0,0.63,10.0,0.55,5.0,0.54,5.0,0.53,15.0,0.52,14.0,0.64,7.18,0.73,18.0,0.75,15.0,0.77,5.0,0.79,55.0,0.01,0.01,617.87294,1776164715000
1776164718.037,18.037,0.27,18.0,0.25,15.0,0.23,5.0,0.21,55.0,0.2,5.0,0.32,8.82,0.37,15.1,0.45,5.0,0.46,5.0,0.47,15.0,0.68,8.82,0.63,15.1,0.55,5.0,0.54,5.0,0.53,15.0,0.73,18.0,0.75,15.0,0.77,5.0,0.79,55.0,0.8,5.0,0.05,0.05,617.871098,1776164717000
1776164719.027,19.027,0.27,18.0,0.25,15.0,0.23,5.0,0.21,55.0,0.2,5.0,0.32,8.82,0.37,15.1,0.45,5.0,0.46,5.0,0.47,15.0,0.68,8.82,0.63,15.1,0.55,5.0,0.54,5.0,0.53,15.0,0.73,18.0,0.75,15.0,0.77,5.0,0.79,55.0,0.8,5.0,0.05,0.05,617.871575,1776164718000
1776164720.123,20.123,0.27,18.0,0.25,15.0,0.23,5.0,0.21,55.0,0.2,5.0,0.32,8.82,0.37,15.1,0.45,5.0,0.46,5.0,0.47,15.0,0.68,8.82,0.63,15.1,0.55,5.0,0.54,5.0,0.53,15.0,0.73,18.0,0.75,15.0,0.77,5.0,0.79,55.0,0.8,5.0,0.05,0.05,617.877462,1776164719000
1776164721.076,21.076,0.27,18.0,0.25,15.0,0.23,5.0,0.21,55.0,0.2,5.0,0.32,8.82,0.37,15.1,0.45,5.0,0.46,5.0,0.47,15.0,0.68,8.82,0.63,15.1,0.55,5.0,0.54,5.0,0.53,15.0,0.73,18.0,0.75,15.0,0.77,5.0,0.79,55.0,0.8,5.0,0.05,0.05,617.942,1776164720000
1776164722.102,22.102,0.27,18.0,0.25,15.0,0.23,5.0,0.21,55.0,0.2,5.0,0.32,8.82,0.37,15.1,0.45,5.0,0.46,5.0,0.47,15.0,0.68,8.82,0.63,15.1,0.55,5.0,0.54,5.0,0.53,15.0,0.73,18.0,0.75,15.0,0.77,5.0,0.79,55.0,0.8,5.0,0.05,0.05,617.931869,1776164721000
1776164723.147,23.147,0.27,18.0,0.25,15.0,0.23,5.0,0.21,55.0,0.2,5.0,0.32,8.82,0.37,15.1,0.45,5.0,0.46,5.0,0.47,15.0,0.68,8.82,0.63,15.1,0.55,5.0,0.54,5.0,0.53,15.0,0.73,18.0,0.75,15.0,0.77,5.0,0.79,55.0,0.8,5.0,0.05,0.05,617.937605,1776164722000
1776164724.121,24.121,0.27,18.0,0.25,15.0,0.23,5.0,0.21,55.0,0.2,5.0,0.32,8.82,0.37,15.1,0.45,5.0,0.46,5.0,0.47,15.0,0.68,8.82,0.63,15.1,0.55,5.0,0.54,5.0,0.53,15.0,0.73,18.0,0.75,15.0,0.77,5.0,0.79,55.0,0.8,5.0,0.05,0.05,617.935834,1776164723000
1776164725.1,25.1,0.27,18.0,0.25,15.0,0.23,5.0,0.21,55.0,0.2,5.0,0.32,8.82,0.37,15.1,0.45,5.0,0.46,5.0,0.47,15.0,0.68,8.82,0.63,15.1,0.55,5.0,0.54,5.0,0.53,15.0,0.73,18.0,0.75,15.0,0.77,5.0,0.79,55.0,0.8,5.0,0.05,0.05,617.932124,1776164724000
1776164726.094,26.094,0.27,18.0,0.25,15.0,0.23,5.0,0.21,55.0,0.2,5.0,0.32,8.82,0.37,15.1,0.45,5.0,0.46,5.0,0.47,15.0,0.68,8.82,0.63,15.1,0.55,5.0,0.54,5.0,0.53,15.0,0.73,18.0,0.75,15.0,0.77,5.0,0.79,55.0,0.8,5.0,0.05,0.05,617.918155,1776164725000
1776164727.194,27.194,0.27,18.0,0.25,15.0,0.23,5.0,0.21,55.0,0.2,5.0,0.32,8.82,0.37,15.1,0.45,5.0,0.46,5.0,0.47,15.0,0.68,8.82,0.63,15.1,0.55,5.0,0.54,5.0,0.53,15.0,0.73,18.0,0.75,15.0,0.77,5.0,0.79,55.0,0.8,5.0,0.05,0.05,617.913086,1776164726000
1776164728.134,28.134,0.27,18.0,0.25,15.0,0.23,5.0,0.21,55.0,0.2,5.0,0.32,8.82,0.37,15.1,0.45,5.0,0.46,5.0,0.47,15.0,0.68,8.82,0.63,15.1,0.55,5.0,0.54,5.0,0.53,15.0,0.73,18.0,0.75,15.0,0.77,5.0,0.79,55.0,0.8,5.0,0.05,0.05,617.927617,1776164727000
1776164729.082,29.082,0.27,18.0,0.25,15.0,0.23,5.0,0.21,55.0,0.2,5.0,0.32,8.82,0.37,15.1,0.45,5.0,0.46,5.0,0.47,15.0,0.68,8.82,0.63,15.1,0.55,5.0,0.54,5.0,0.53,15.0,0.73,18.0,0.75,15.0,0.77,5.0,0.79,55.0,0.8,5.0,0.05,0.05,617.9282,1776164728000
1776164730.113,30.113,0.27,18.0,0.25,15.0,0.23,5.0,0.21,55.0,0.2,5.0,0.32,8.82,0.37,15.1,0.45,5.0,0.46,5.0,0.47,15.0,0.68,8.82,0.63,15.1,0.55,5.0,0.54,5.0,0.53,15.0,0.73,18.0,0.75,15.0,0.77,5.0,0.79,55.0,0.8,5.0,0.05,0.05,617.916808,1776164729000
1776164731.283,31.283,0.27,18.0,0.25,15.0,0.23,5.0,0.21,55.0,0.2,5.0,0.32,8.82,0.37,15.1,0.45,5.0,0.46,5.0,0.47,15.0,0.68,8.82,0.63,15.1,0.55,5.0,0.54,5.0,0.53,15.0,0.73,18.0,0.75,15.0,0.77,5.0,0.79,55.0,0.8,5.0,0.05,0.05,617.918805,1776164730000
1776164732.289,32.289,0.27,18.0,0.25,15.0,0.23,5.0,0.21,55.0,0.2,5.0,0.32,8.82,0.37,15.1,0.45,5.0,0.46,5.0,0.47,15.0,0.68,8.82,0.63,15.1,0.55,5.0,0.54,5.0,0.53,15.0,0.73,18.0,0.75,15.0,0.77,5.0,0.79,55.0,0.8,5.0,0.05,0.05,617.91143,1776164731000
1776164733.732,33.732,0.27,18.0,0.25,15.0,0.23,5.0,0.21,55.0,0.2,5.0,0.32,8.82,0.37,15.1,0.45,5.0,0.46,5.0,0.47,15.0,0.68,8.82,0.63,15.1,0.55,5.0,0.54,5.0,0.53,15.0,0.73,18.0,0.75,15.0,0.77,5.0,0.79,55.0,0.8,5.0,0.05,0.05,617.911647,1776164732000
1776164734.25,34.25,0.27,18.0,0.25,15.0,0.23,5.0,0.21,55.0,0.2,5.0,0.32,8.82,0.37,15.1,0.45,5.0,0.46,5.0,0.47,15.0,0.68,8.82,0.63,15.1,0.55,5.0,0.54,5.0,0.53,15.0,0.73,18.0,0.75,15.0,0.77,5.0,0.79,55.0,0.8,5.0,0.05,0.05,617.909584,1776164733000
1776164742.559,42.559,0.27,18.0,0.25,15.0,0.23,5.0,0.21,55.0,0.2,5.0,0.32,8.82,0.37,15.1,0.45,5.0,0.46,5.0,0.47,15.0,0.68,8.82,0.63,15.1,0.55,5.0,0.54,5.0,0.53,15.0,0.73,18.0,0.75,15.0,0.77,5.0,0.79,55.0,0.8,5.0,0.05,0.05,617.91312,1776164741000
1776164743.146,43.146,0.27,18.0,0.25,15.0,0.23,5.0,0.21,55.0,0.2,5.0,0.32,8.82,0.37,15.1,0.45,5.0,0.46,5.0,0.47,15.0,0.68,8.82,0.63,15.1,0.55,5.0,0.54,5.0,0.53,15.0,0.73,18.0,0.75,15.0,0.77,5.0,0.79,55.0,0.8,5.0,0.05,0.05,617.91446,1776164742000
1776164744.209,44.209,0.27,18.0,0.25,15.0,0.23,5.0,0.21,55.0,0.2,5.0,0.32,8.82,0.37,15.1,0.45,5.0,0.46,5.0,0.47,15.0,0.68,8.82,0.63,15.1,0.55,5.0,0.54,5.0,0.53,15.0,0.73,18.0,0.75,15.0,0.77,5.0,0.79,55.0,0.8,5.0,0.05,0.05,617.9083,1776164743000
1776164745.309,45.309,0.27,18.0,0.25,15.0,0.23,5.0,0.21,55.0,0.2,5.0,0.32,8.82,0.37,15.1,0.45,5.0,0.46,5.0,0.47,15.0,0.68,8.82,0.63,15.1,0.55,5.0,0.54,5.0,0.53,15.0,0.73,18.0,0.75,15.0,0.77,5.0,0.79,55.0,0.8,5.0,0.05,0.05,617.896692,1776164744000
1776164746.411,46.411,0.27,18.0,0.25,15.0,0.23,5.0,0.21,55.0,0.2,5.0,0.32,8.82,0.37,15.1,0.45,5.0,0.46,5.0,0.47,15.0,0.68,8.82,0.63,15.1,0.55,5.0,0.54,5.0,0.53,15.0,0.73,18.0,0.75,15.0,0.77,5.0,0.79,55.0,0.8,5.0,0.05,0.05,617.892298,1776164745000
1776164746.893,46.893,0.27,18.0,0.25,15.0,0.23,5.0,0.21,55.0,0.2,5.0,0.32,8.82,0.37,15.1,0.45,5.0,0.46,5.0,0.47,15.0,0.68,8.82,0.63,15.1,0.55,5.0,0.54,5.0,0.53,15.0,0.73,18.0,0.75,15.0,0.77,5.0,0.79,55.0,0.8,5.0,0.05,0.05,617.88439,1776164746000
1776164747.859,47.859,0.27,18.0,0.25,15.0,0.23,5.0,0.21,55.0,0.2,5.0,0.32,8.82,0.37,15.1,0.45,5.0,0.46,5.0,0.47,15.0,0.68,8.82,0.63,15.1,0.55,5.0,0.54,5.0,0.53,15.0,0.73,18.0,0.75,15.0,0.77,5.0,0.79,55.0,0.8,5.0,0.05,0.05,617.887372,1776164747000
1776164749.269,49.269,0.27,18.0,0.25,15.0,0.23,5.0,0.21,55.0,0.2,5.0,0.32,8.82,0.37,15.1,0.45,5.0,0.46,5.0,0.47,15.0,0.68,8.82,0.63,15.1,0.55,5.0,0.54,5.0,0.53,15.0,0.73,18.0,0.75,15.0,0.77,5.0,0.79,55.0,0.8,5.0,0.05,0.05,617.887283,1776164748000
1776164750.082,50.082,0.27,18.0,0.25,15.0,0.23,5.0,0.21,55.0,0.2,5.0,0.32,8.82,0.37,15.1,0.45,5.0,0.46,5.0,0.47,15.0,0.68,8.82,0.63,15.1,0.55,5.0,0.54,5.0,0.53,15.0,0.73,18.0,0.75,15.0,0.77,5.0,0.79,55.0,0.8,5.0,0.05,0.05,617.890505,1776164749000
1776164751.117,51.117,0.27,18.0,0.25,15.0,0.23,5.0,0.21,55.0,0.2,5.0,0.32,8.82,0.37,15.1,0.45,5.0,0.46,5.0,0.47,15.0,0.68,8.82,0.63,15.1,0.55,5.0,0.54,5.0,0.53,15.0,0.73,18.0,0.75,15.0,0.77,5.0,0.79,55.0,0.8,5.0,0.05,0.05,617.878643,1776164750000
1776164752.11,52.11,0.27,18.0,0.25,15.0,0.23,5.0,0.21,55.0,0.2,5.0,0.32,8.82,0.37,15.1,0.45,5.0,0.46,5.0,0.47,15.0,0.68,8.82,0.63,15.1,0.55,5.0,0.54,5.0,0.53,15.0,0.73,18.0,0.75,15.0,0.77,5.0,0.79,55.0,0.8,5.0,0.05,0.05,617.880248,1776164751000
1776164752.71,52.71,0.28,12.9,0.27,31.2,0.26,18.5,0.25,13.9,0.24,19.3,0.32,3.82,0.35,5.0,0.39,5.0,0.45,10.0,0.46,5.0,0.68,8.82,0.63,15.1,0.55,5.0,0.54,5.0,0.53,15.0,0.73,18.0,0.75,15.0,0.77,5.0,0.79,55.0,0.8,5.0,0.04,0.05,617.880248,1776164751000
1776164752.988,52.988,0.28,12.9,0.27,31.2,0.26,18.5,0.25,13.9,0.24,19.3,0.32,3.82,0.35,5.0,0.39,5.0,0.45,10.0,0.46,5.0,0.68,3.82,0.65,5.0,0.61,5.0,0.55,10.0,0.54,5.0,0.72,12.9,0.73,31.2,0.74,18.5,0.75,13.9,0.76,19.3,0.04,0.04,617.895654,1776164752000
1776164753.58,53.58,0.3,12.4,0.29,12.6,0.28,12.9,0.27,31.2,0.26,18.5,0.35,5.0,0.39,5.0,0.45,10.0,0.46,5.0,0.47,5.0,0.68,3.82,0.65,5.0,0.61,5.0,0.55,10.0,0.54,5.0,0.72,12.9,0.73,31.2,0.74,18.5,0.75,13.9,0.76,19.3,0.05,0.04,617.895654,1776164752000
1776164754.015,54.015,0.3,12.4,0.29,12.6,0.28,12.9,0.27,31.2,0.26,18.5,0.35,5.0,0.39,5.0,0.45,10.0,0.46,5.0,0.47,5.0,0.65,5.0,0.61,5.0,0.55,10.0,0.54,5.0,0.53,5.0,0.7,12.4,0.71,12.6,0.72,12.9,0.73,31.2,0.74,18.5,0.05,0.05,617.90152,1776164753000
1776164754.84,54.84,0.31,4.2,0.3,12.4,0.29,12.6,0.28,12.9,0.27,31.2,0.35,5.0,0.39,5.0,0.45,10.0,0.46,5.0,0.47,5.0,0.65,5.0,0.61,5.0,0.55,10.0,0.54,5.0,0.53,5.0,0.69,4.2,0.7,12.4,0.71,12.6,0.72,12.9,0.73,31.2,0.04,0.04,617.912208,1776164754000
1776164755.864,55.864,0.31,4.2,0.3,12.4,0.29,12.6,0.28,12.9,0.27,31.2,0.35,5.0,0.39,5.0,0.45,10.0,0.46,5.0,0.47,5.0,0.65,5.0,0.61,5.0,0.55,10.0,0.54,5.0,0.53,5.0,0.69,4.2,0.7,12.4,0.71,12.6,0.72,12.9,0.73,31.2,0.04,0.04,617.914893,1776164755000
1776164756.878,56.878,0.31,4.2,0.3,12.4,0.29,12.6,0.28,12.9,0.27,31.2,0.35,5.0,0.39,5.0,0.45,10.0,0.46,5.0,0.47,5.0,0.65,5.0,0.61,5.0,0.55,10.0,0.54,5.0,0.53,5.0,0.69,4.2,0.7,12.4,0.71,12.6,0.72,12.9,0.73,31.2,0.04,0.04,617.962943,1776164756000
1776164757.304,57.304,0.33,11.8,0.32,11.9,0.31,4.2,0.3,28.4,0.29,12.6,0.39,5.0,0.46,5.0,0.47,5.0,0.48,15.0,0.49,5.0,0.65,5.0,0.61,5.0,0.55,10.0,0.54,5.0,0.53,5.0,0.69,4.2,0.7,12.4,0.71,12.6,0.72,12.9,0.73,31.2,0.06,0.04,617.962943,1776164756000
1776164758.639,58.639,0.33,11.8,0.32,11.9,0.31,4.2,0.3,28.4,0.29,12.6,0.39,5.0,0.46,5.0,0.47,5.0,0.48,15.0,0.49,5.0,0.61,5.0,0.54,5.0,0.53,5.0,0.52,15.0,0.51,5.0,0.67,11.8,0.68,11.9,0.69,4.2,0.7,28.4,0.71,12.6,0.06,0.06,617.965563,1776164757000
1776164759.097,59.097,0.33,11.8,0.32,11.9,0.31,4.2,0.3,28.4,0.29,12.6,0.39,5.0,0.46,5.0,0.47,5.0,0.48,15.0,0.49,5.0,0.61,5.0,0.54,5.0,0.53,5.0,0.52,15.0,0.51,5.0,0.67,11.8,0.68,11.9,0.69,4.2,0.7,28.4,0.71,12.6,0.06,0.06,617.961279,1776164758000
1776164759.622,59.622,0.33,10.29,0.32,11.9,0.31,4.2,0.3,12.4,0.29,12.6,0.37,5.0,0.38,5.1,0.39,5.0,0.46,5.0,0.47,5.0,0.61,5.0,0.54,5.0,0.53,5.0,0.52,15.0,0.51,5.0,0.67,11.8,0.68,11.9,0.69,4.2,0.7,28.4,0.71,12.6,0.04,0.06,617.961279,1776164758000
1776164760.015,60.015,0.33,10.29,0.32,11.9,0.31,4.2,0.3,12.4,0.29,12.6,0.37,5.0,0.38,5.1,0.39,5.0,0.46,5.0,0.47,5.0,0.63,5.0,0.62,5.1,0.61,5.0,0.54,5.0,0.53,5.0,0.67,10.29,0.68,11.9,0.69,4.2,0.7,12.4,0.71,12.6,0.04,0.04,617.955462,1776164759000
1776164761.076,61.076,0.33,10.29,0.32,11.9,0.31,4.2,0.3,12.4,0.29,12.6,0.37,5.0,0.38,5.1,0.39,5.0,0.46,5.0,0.47,5.0,0.63,5.0,0.62,5.1,0.61,5.0,0.54,5.0,0.53,5.0,0.67,10.29,0.68,11.9,0.69,4.2,0.7,12.4,0.71,12.6,0.04,0.04,617.95568,1776164760000
1776164761.981,61.981,0.33,10.29,0.32,11.9,0.31,4.2,0.3,12.4,0.29,12.6,0.37,5.0,0.38,5.1,0.39,5.0,0.46,5.0,0.47,5.0,0.63,5.0,0.62,5.1,0.61,5.0,0.54,5.0,0.53,5.0,0.67,10.29,0.68,11.9,0.69,4.2,0.7,12.4,0.71,12.6,0.04,0.04,617.957887,1776164761000
1776164762.961,62.961,0.33,10.29,0.32,11.9,0.31,4.2,0.3,12.4,0.29,12.6,0.37,5.0,0.38,5.1,0.39,5.0,0.46,5.0,0.47,5.0,0.63,5.0,0.62,5.1,0.61,5.0,0.54,5.0,0.53,5.0,0.67,10.29,0.68,11.9,0.69,4.2,0.7,12.4,0.71,12.6,0.04,0.04,617.95261,1776164762000
1776164763.542,63.542,0.33,8.78,0.32,11.9,0.31,4.2,0.3,12.4,0.29,12.6,0.37,5.0,0.38,10.1,0.45,5.0,0.46,14.0,0.47,5.0,0.63,5.0,0.62,5.1,0.61,5.0,0.54,5.0,0.53,5.0,0.67,10.29,0.68,11.9,0.69,4.2,0.7,12.4,0.71,12.6,0.04,0.04,617.95261,1776164762000
1776164763.914,63.914,0.33,8.78,0.32,11.9,0.31,4.2,0.3,12.4,0.29,12.6,0.37,5.0,0.38,10.1,0.45,5.0,0.46,14.0,0.47,5.0,0.63,5.0,0.62,10.1,0.55,5.0,0.54,14.0,0.53,5.0,0.67,8.78,0.68,11.9,0.69,4.2,0.7,12.4,0.71,12.6,0.04,0.04,617.94574,1776164763000
1776164764.834,64.834,0.33,8.78,0.32,11.9,0.31,4.2,0.3,12.4,0.29,12.6,0.37,5.0,0.38,10.1,0.45,5.0,0.46,14.0,0.47,5.0,0.63,5.0,0.62,10.1,0.55,5.0,0.54,14.0,0.53,5.0,0.67,8.78,0.68,11.9,0.69,4.2,0.7,12.4,0.71,12.6,0.04,0.04,617.91803,1776164764000
1776164766.157,66.157,0.33,8.78,0.32,11.9,0.31,4.2,0.3,12.4,0.29,12.6,0.37,5.0,0.38,10.1,0.45,5.0,0.46,14.0,0.47,5.0,0.63,5.0,0.62,10.1,0.55,5.0,0.54,14.0,0.53,5.0,0.67,8.78,0.68,11.9,0.69,4.2,0.7,12.4,0.71,12.6,0.04,0.04,617.907362,1776164765000
1776164767.219,67.219,0.33,8.78,0.32,11.9,0.31,4.2,0.3,12.4,0.29,12.6,0.37,5.0,0.38,10.1,0.45,5.0,0.46,14.0,0.47,5.0,0.63,5.0,0.62,10.1,0.55,5.0,0.54,14.0,0.53,5.0,0.67,8.78,0.68,11.9,0.69,4.2,0.7,12.4,0.71,12.6,0.04,0.04,617.88611,1776164766000
1776164768.143,68.143,0.33,8.78,0.32,11.9,0.31,4.2,0.3,12.4,0.29,12.6,0.37,5.0,0.38,10.1,0.45,5.0,0.46,14.0,0.47,5.0,0.63,5.0,0.62,10.1,0.55,5.0,0.54,14.0,0.53,5.0,0.67,8.78,0.68,11.9,0.69,4.2,0.7,12.4,0.71,12.6,0.04,0.04,617.89073,1776164767000
1776164769.047,69.047,0.33,8.78,0.32,11.9,0.31,4.2,0.3,12.4,0.29,12.6,0.37,5.0,0.38,10.1,0.45,5.0,0.46,14.0,0.47,5.0,0.63,5.0,0.62,10.1,0.55,5.0,0.54,14.0,0.53,5.0,0.67,8.78,0.68,11.9,0.69,4.2,0.7,12.4,0.71,12.6,0.04,0.04,617.88908,1776164768000
1776164770.026,70.026,0.33,8.78,0.32,11.9,0.31,4.2,0.3,12.4,0.29,12.6,0.37,5.0,0.38,10.1,0.45,5.0,0.46,14.0,0.47,5.0,0.63,5.0,0.62,10.1,0.55,5.0,0.54,14.0,0.53,5.0,0.67,8.78,0.68,11.9,0.69,4.2,0.7,12.4,0.71,12.6,0.04,0.04,617.890531,1776164769000
1776164771.278,71.278,0.33,8.78,0.32,11.9,0.31,4.2,0.3,12.4,0.29,12.6,0.37,5.0,0.38,10.1,0.45,5.0,0.46,14.0,0.47,5.0,0.63,5.0,0.62,10.1,0.55,5.0,0.54,14.0,0.53,5.0,0.67,8.78,0.68,11.9,0.69,4.2,0.7,12.4,0.71,12.6,0.04,0.04,617.80566,1776164770000
1776164771.958,71.958,0.33,8.78,0.32,11.9,0.31,4.2,0.3,12.4,0.29,12.6,0.37,5.0,0.38,10.1,0.45,5.0,0.46,14.0,0.47,5.0,0.63,5.0,0.62,10.1,0.55,5.0,0.54,14.0,0.53,5.0,0.67,8.78,0.68,11.9,0.69,4.2,0.7,12.4,0.71,12.6,0.04,0.04,617.781743,1776164771000
1776164773.18,73.18,0.33,8.78,0.32,11.9,0.31,4.2,0.3,12.4,0.29,12.6,0.37,5.0,0.38,10.1,0.45,5.0,0.46,14.0,0.47,5.0,0.63,5.0,0.62,10.1,0.55,5.0,0.54,14.0,0.53,5.0,0.67,8.78,0.68,11.9,0.69,4.2,0.7,12.4,0.71,12.6,0.04,0.04,617.790372,1776164772000
1776164774.241,74.241,0.33,8.78,0.32,11.9,0.31,4.2,0.3,12.4,0.29,12.6,0.37,5.0,0.38,10.1,0.45,5.0,0.46,14.0,0.47,5.0,0.63,5.0,0.62,10.1,0.55,5.0,0.54,14.0,0.53,5.0,0.67,8.78,0.68,11.9,0.69,4.2,0.7,12.4,0.71,12.6,0.04,0.04,617.7825,1776164773000
1776164775.368,75.368,0.33,8.78,0.32,11.9,0.31,4.2,0.3,12.4,0.29,12.6,0.37,5.0,0.38,10.1,0.45,5.0,0.46,14.0,0.47,5.0,0.63,5.0,0.62,10.1,0.55,5.0,0.54,14.0,0.53,5.0,0.67,8.78,0.68,11.9,0.69,4.2,0.7,12.4,0.71,12.6,0.04,0.04,617.77937,1776164774000
1776164775.85,75.85,0.15,15.89,0.14,21.6,0.13,23.0,0.12,29.6,0.11,76.6,0.22,5.0,0.23,5.1,0.24,5.0,0.29,10.0,0.31,7.0,0.63,5.0,0.62,10.1,0.55,5.0,0.54,14.0,0.53,5.0,0.67,8.78,0.68,11.9,0.69,4.2,0.7,12.4,0.71,12.6,0.07,0.04,617.77937,1776164774000
1776164776.67,76.67,0.15,15.89,0.14,21.6,0.13,23.0,0.12,29.6,0.11,76.6,0.23,3.1,0.24,5.0,0.29,10.0,0.31,7.0,0.32,5.0,0.78,5.0,0.77,5.1,0.76,5.0,0.71,10.0,0.69,7.0,0.85,15.89,0.86,21.6,0.87,23.0,0.88,29.6,0.89,76.6,0.08,0.07,617.771329,1776164775000
1776164777.083,77.083,0.15,15.89,0.14,21.6,0.13,23.0,0.12,29.6,0.11,76.6,0.23,3.1,0.24,5.0,0.29,10.0,0.31,7.0,0.32,5.0,0.77,3.1,0.76,5.0,0.71,10.0,0.69,7.0,0.68,5.0,0.85,15.89,0.86,21.6,0.87,23.0,0.88,29.6,0.89,76.6,0.08,0.08,617.779962,1776164776000
1776164778.181,78.181,0.15,15.89,0.14,21.6,0.13,23.0,0.12,29.6,0.11,76.6,0.23,3.1,0.24,5.0,0.29,10.0,0.31,7.0,0.32,5.0,0.77,3.1,0.76,5.0,0.71,10.0,0.69,7.0,0.68,5.0,0.85,15.89,0.86,21.6,0.87,23.0,0.88,29.6,0.89,76.6,0.08,0.08,617.784266,1776164777000
1776164779.3,79.3,0.15,14.6,0.14,21.6,0.13,23.0,0.12,29.6,0.11,76.6,0.23,3.1,0.24,5.0,0.28,10.0,0.31,7.0,0.32,16.9,0.77,3.1,0.76,5.0,0.72,10.0,0.69,7.0,0.68,16.9,0.85,14.6,0.86,21.6,0.87,23.0,0.88,29.6,0.89,76.6,0.08,0.08,617.791909,1776164778000
1776164779.863,79.863,0.15,14.6,0.14,21.6,0.13,23.0,0.12,29.6,0.11,76.6,0.23,3.1,0.24,5.0,0.28,10.0,0.31,7.0,0.32,16.9,0.77,3.1,0.76,5.0,0.72,10.0,0.69,7.0,0.68,16.9,0.85,14.6,0.86,21.6,0.87,23.0,0.88,29.6,0.89,76.6,0.08,0.08,617.808379,1776164779000
1776164781.199,81.199,0.15,14.6,0.14,21.6,0.13,23.0,0.12,29.6,0.11,76.6,0.23,3.1,0.24,5.0,0.28,10.0,0.31,7.0,0.32,16.9,0.77,3.1,0.76,5.0,0.72,10.0,0.69,7.0,0.68,16.9,0.85,14.6,0.86,21.6,0.87,23.0,0.88,29.6,0.89,76.6,0.08,0.08,617.809511,1776164780000
1776164782.316,82.316,0.15,14.6,0.14,21.6,0.13,23.0,0.12,29.6,0.11,76.6,0.23,3.1,0.24,5.0,0.28,10.0,0.31,7.0,0.32,16.9,0.77,3.1,0.76,5.0,0.72,10.0,0.69,7.0,0.68,16.9,0.85,14.6,0.86,21.6,0.87,23.0,0.88,29.6,0.89,76.6,0.08,0.08,617.805995,1776164781000
1776164782.916,82.916,0.15,14.6,0.14,21.6,0.13,23.0,0.12,29.6,0.11,76.6,0.23,3.1,0.24,5.0,0.28,10.0,0.31,7.0,0.32,16.9,0.77,3.1,0.76,5.0,0.72,10.0,0.69,7.0,0.68,16.9,0.85,14.6,0.86,21.6,0.87,23.0,0.88,29.6,0.89,76.6,0.08,0.08,617.806092,1776164782000
1776164784.159,84.159,0.15,14.6,0.14,21.6,0.13,23.0,0.12,29.6,0.11,76.6,0.23,3.1,0.24,5.0,0.28,10.0,0.31,7.0,0.32,16.9,0.77,3.1,0.76,5.0,0.72,10.0,0.69,7.0,0.68,16.9,0.85,14.6,0.86,21.6,0.87,23.0,0.88,29.6,0.89,76.6,0.08,0.08,617.841724,1776164783000
1776164785.26,85.26,0.15,14.6,0.14,21.6,0.13,23.0,0.12,29.6,0.11,76.6,0.23,3.1,0.24,5.0,0.28,10.0,0.31,7.0,0.32,16.9,0.77,3.1,0.76,5.0,0.72,10.0,0.69,7.0,0.68,16.9,0.85,14.6,0.86,21.6,0.87,23.0,0.88,29.6,0.89,76.6,0.08,0.08,617.8816,1776164784000
1776164786.559,86.559,0.15,14.6,0.14,21.6,0.13,23.0,0.12,29.6,0.11,76.6,0.23,3.1,0.24,5.0,0.28,10.0,0.31,7.0,0.32,16.9,0.77,3.1,0.76,5.0,0.72,10.0,0.69,7.0,0.68,16.9,0.85,14.6,0.86,21.6,0.87,23.0,0.88,29.6,0.89,76.6,0.08,0.08,617.853904,1776164785000
1776164786.921,86.921,0.15,14.6,0.14,21.6,0.13,23.0,0.12,29.6,0.11,76.6,0.23,3.1,0.24,5.0,0.28,10.0,0.31,7.0,0.32,16.9,0.77,3.1,0.76,5.0,0.72,10.0,0.69,7.0,0.68,16.9,0.85,14.6,0.86,21.6,0.87,23.0,0.88,29.6,0.89,76.6,0.08,0.08,617.844368,1776164786000
1776164787.913,87.913,0.15,14.6,0.14,21.6,0.13,23.0,0.12,29.6,0.11,76.6,0.23,3.1,0.24,5.0,0.28,10.0,0.31,7.0,0.32,16.9,0.77,3.1,0.76,5.0,0.72,10.0,0.69,7.0,0.68,16.9,0.85,14.6,0.86,21.6,0.87,23.0,0.88,29.6,0.89,76.6,0.08,0.08,617.865994,1776164787000
1776164789.027,89.027,0.15,14.6,0.14,21.6,0.13,23.0,0.12,29.6,0.11,76.6,0.23,3.1,0.24,5.0,0.28,10.0,0.31,7.0,0.32,16.9,0.77,3.1,0.76,5.0,0.72,10.0,0.69,7.0,0.68,16.9,0.85,14.6,0.86,21.6,0.87,23.0,0.88,29.6,0.89,76.6,0.08,0.08,617.876296,1776164788000
1776164789.892,89.892,0.15,14.6,0.14,21.6,0.13,23.0,0.12,29.6,0.11,76.6,0.23,3.1,0.24,5.0,0.28,10.0,0.31,7.0,0.32,16.9,0.77,3.1,0.76,5.0,0.72,10.0,0.69,7.0,0.68,16.9,0.85,14.6,0.86,21.6,0.87,23.0,0.88,29.6,0.89,76.6,0.08,0.08,617.87004,1776164789000
1776164790.117,90.117,0.25,16.0,0.23,14.7,0.22,15.2,0.21,65.7,0.2,16.2,0.31,1.77,0.36,7.0,0.38,15.0,0.39,5.0,0.4,5.0,0.77,3.1,0.76,5.0,0.72,10.0,0.69,7.0,0.68,16.9,0.85,14.6,0.86,21.6,0.87,23.0,0.88,29.6,0.89,76.6,0.06,0.08,617.87004,1776164789000
1776164790.873,90.873,0.25,16.0,0.23,14.7,0.22,15.2,0.21,65.7,0.2,16.2,0.31,1.77,0.36,7.0,0.38,15.0,0.39,5.0,0.4,5.0,0.69,1.77,0.64,7.0,0.62,15.0,0.61,5.0,0.6,5.0,0.75,16.0,0.77,14.7,0.78,15.2,0.79,65.7,0.8,16.2,0.06,0.06,617.87462,1776164790000
1776164791.86,91.86,0.25,16.0,0.23,14.7,0.22,15.2,0.21,65.7,0.2,16.2,0.31,1.77,0.36,7.0,0.38,15.0,0.39,5.0,0.4,5.0,0.69,1.77,0.64,7.0,0.62,15.0,0.61,5.0,0.6,5.0,0.75,16.0,0.77,14.7,0.78,15.2,0.79,65.7,0.8,16.2,0.06,0.06,617.881,1776164791000
1776164792.913,92.913,0.25,16.0,0.23,14.7,0.22,15.2,0.21,65.7,0.2,16.2,0.31,1.77,0.36,7.0,0.38,15.0,0.39,5.0,0.4,5.0,0.69,1.77,0.64,7.0,0.62,15.0,0.61,5.0,0.6,5.0,0.75,16.0,0.77,14.7,0.78,15.2,0.79,65.7,0.8,16.2,0.06,0.06,617.884212,1776164792000
1776164793.958,93.958,0.25,16.0,0.23,14.7,0.22,15.2,0.21,65.7,0.2,16.2,0.31,1.77,0.36,7.0,0.38,15.0,0.39,5.0,0.4,5.0,0.69,1.77,0.64,7.0,0.62,15.0,0.61,5.0,0.6,5.0,0.75,16.0,0.77,14.7,0.78,15.2,0.79,65.7,0.8,16.2,0.06,0.06,617.88266,1776164793000
1776164794.953,94.953,0.25,16.0,0.23,14.7,0.22,15.2,0.21,65.7,0.2,16.2,0.31,1.77,0.36,7.0,0.38,15.0,0.39,5.0,0.4,5.0,0.69,1.77,0.64,7.0,0.62,15.0,0.61,5.0,0.6,5.0,0.75,16.0,0.77,14.7,0.78,15.2,0.79,65.7,0.8,16.2,0.06,0.06,617.866644,1776164794000
1776164795.93,95.93,0.25,16.0,0.23,14.7,0.22,15.2,0.21,65.7,0.2,16.2,0.31,1.77,0.36,7.0,0.38,15.0,0.39,5.0,0.4,5.0,0.69,1.77,0.64,7.0,0.62,15.0,0.61,5.0,0.6,5.0,0.75,16.0,0.77,14.7,0.78,15.2,0.79,65.7,0.8,16.2,0.06,0.06,617.85139,1776164795000
1776164796.974,96.974,0.25,16.0,0.23,14.7,0.22,15.2,0.21,65.7,0.2,16.2,0.31,1.77,0.36,7.0,0.38,15.0,0.39,5.0,0.4,5.0,0.69,1.77,0.64,7.0,0.62,15.0,0.61,5.0,0.6,5.0,0.75,16.0,0.77,14.7,0.78,15.2,0.79,65.7,0.8,16.2,0.06,0.06,617.85285,1776164796000
1776164798.004,98.004,0.25,16.0,0.23,14.7,0.22,15.2,0.21,65.7,0.2,16.2,0.31,1.77,0.36,7.0,0.38,15.0,0.39,5.0,0.4,5.0,0.69,1.77,0.64,7.0,0.62,15.0,0.61,5.0,0.6,5.0,0.75,16.0,0.77,14.7,0.78,15.2,0.79,65.7,0.8,16.2,0.06,0.06,617.85302,1776164797000
1776164799.603,99.603,0.25,16.0,0.23,14.7,0.22,15.2,0.21,65.7,0.2,16.2,0.31,1.77,0.36,7.0,0.38,15.0,0.39,5.0,0.4,5.0,0.69,1.77,0.64,7.0,0.62,15.0,0.61,5.0,0.6,5.0,0.75,16.0,0.77,14.7,0.78,15.2,0.79,65.7,0.8,16.2,0.06,0.06,617.854816,1776164798000
1776164800.435,100.435,0.25,16.0,0.23,14.7,0.22,15.2,0.21,65.7,0.2,16.2,0.31,1.77,0.36,7.0,0.38,15.0,0.39,5.0,0.4,5.0,0.69,1.77,0.64,7.0,0.62,15.0,0.61,5.0,0.6,5.0,0.75,16.0,0.77,14.7,0.78,15.2,0.79,65.7,0.8,16.2,0.06,0.06,617.869215,1776164799000
1776164800.963,100.963,0.25,16.0,0.23,14.7,0.22,15.2,0.21,65.7,0.2,16.2,0.31,1.77,0.36,7.0,0.38,15.0,0.39,5.0,0.4,5.0,0.69,1.77,0.64,7.0,0.62,15.0,0.61,5.0,0.6,5.0,0.75,16.0,0.77,14.7,0.78,15.2,0.79,65.7,0.8,16.2,0.06,0.06,617.83988,1776164800000
1776164802.69,102.69,0.25,16.0,0.23,14.7,0.22,15.2,0.21,65.7,0.2,16.2,0.31,1.77,0.36,7.0,0.38,15.0,0.39,5.0,0.4,5.0,0.69,1.77,0.64,7.0,0.62,15.0,0.61,5.0,0.6,5.0,0.75,16.0,0.77,14.7,0.78,15.2,0.79,65.7,0.8,16.2,0.06,0.06,617.83894,1776164801000
1776164803.437,103.437,0.25,16.0,0.23,14.7,0.22,15.2,0.21,65.7,0.2,16.2,0.31,1.77,0.36,7.0,0.38,15.0,0.39,5.0,0.4,5.0,0.69,1.77,0.64,7.0,0.62,15.0,0.61,5.0,0.6,5.0,0.75,16.0,0.77,14.7,0.78,15.2,0.79,65.7,0.8,16.2,0.06,0.06,617.838181,1776164802000
1776164804.169,104.169,0.25,16.0,0.23,14.7,0.22,15.2,0.21,65.7,0.2,16.2,0.31,1.77,0.36,7.0,0.38,15.0,0.39,5.0,0.4,5.0,0.69,1.77,0.64,7.0,0.62,15.0,0.61,5.0,0.6,5.0,0.75,16.0,0.77,14.7,0.78,15.2,0.79,65.7,0.8,16.2,0.06,0.06,617.829325,1776164803000
1776164804.382,104.382,0.25,7.0,0.13,23.0,0.12,24.6,0.11,76.6,0.1,83.9,0.27,13.2,0.28,22.9,0.29,12.6,0.3,17.4,0.31,24.2,0.69,1.77,0.64,7.0,0.62,15.0,0.61,5.0,0.6,5.0,0.75,16.0,0.77,14.7,0.78,15.2,0.79,65.7,0.8,16.2,0.02,0.06,617.829325,1776164803000
1776164804.918,104.918,0.25,1.93,0.13,23.0,0.12,24.6,0.11,76.6,0.1,83.9,0.26,39.5,0.27,13.2,0.28,22.9,0.29,12.6,0.3,17.4,0.73,13.2,0.72,22.9,0.71,12.6,0.7,17.4,0.69,24.2,0.75,7.0,0.87,23.0,0.88,24.6,0.89,76.6,0.9,83.9,0.01,0.02,617.829325,1776164803000
1776164805.277,105.277,0.25,1.93,0.13,23.0,0.12,24.6,0.11,76.6,0.1,83.9,0.26,39.5,0.27,13.2,0.28,22.9,0.29,12.6,0.3,17.4,0.74,39.5,0.73,13.2,0.72,22.9,0.71,12.6,0.7,17.4,0.75,1.93,0.87,23.0,0.88,24.6,0.89,76.6,0.9,83.9,0.01,0.01,617.820098,1776164804000
1776164806.757,106.757,0.25,1.93,0.13,23.0,0.12,24.6,0.11,76.6,0.1,83.9,0.26,39.5,0.27,13.2,0.28,22.9,0.29,12.6,0.3,17.4,0.74,39.5,0.73,13.2,0.72,22.9,0.71,12.6,0.7,17.4,0.75,1.93,0.87,23.0,0.88,24.6,0.89,76.6,0.9,83.9,0.01,0.01,617.743,1776164805000
1776164807.287,107.287,0.25,1.93,0.13,23.0,0.12,24.6,0.11,76.6,0.1,83.9,0.26,39.5,0.27,13.2,0.28,22.9,0.29,12.6,0.3,17.4,0.74,39.5,0.73,13.2,0.72,22.9,0.71,12.6,0.7,17.4,0.75,1.93,0.87,23.0,0.88,24.6,0.89,76.6,0.9,83.9,0.01,0.01,617.733,1776164806000
1776164808.794,108.794,0.25,1.93,0.13,23.0,0.12,24.6,0.11,76.6,0.1,83.9,0.26,39.5,0.27,13.2,0.28,22.9,0.29,12.6,0.3,17.4,0.74,39.5,0.73,13.2,0.72,22.9,0.71,12.6,0.7,17.4,0.75,1.93,0.87,23.0,0.88,24.6,0.89,76.6,0.9,83.9,0.01,0.01,617.736,1776164807000
1776164809.116,109.116,0.11,50.0,0.1,28.9,0.09,31.7,0.08,97.29,0.07,44.9,0.24,8.07,0.26,49.5,0.27,18.2,0.28,17.9,0.29,17.6,0.74,39.5,0.73,13.2,0.72,22.9,0.71,12.6,0.7,17.4,0.75,1.93,0.87,23.0,0.88,24.6,0.89,76.6,0.9,83.9,0.13,0.01,617.736,1776164807000
1776164809.383,109.383,0.11,50.0,0.1,28.9,0.09,31.7,0.08,97.29,0.07,44.9,0.24,8.07,0.26,49.5,0.27,18.2,0.28,17.9,0.29,17.6,0.76,8.07,0.74,49.5,0.73,18.2,0.72,17.9,0.71,17.6,0.89,50.0,0.9,28.9,0.91,31.7,0.92,97.29,0.93,44.9,0.13,0.13,617.704,1776164808000
1776164810.049,110.049,0.11,50.0,0.1,28.9,0.09,31.7,0.08,97.29,0.07,44.9,0.24,8.07,0.26,49.5,0.27,18.2,0.28,17.9,0.29,17.6,0.76,8.07,0.74,49.5,0.73,18.2,0.72,17.9,0.71,17.6,0.89,50.0,0.9,28.9,0.91,31.7,0.92,97.29,0.93,44.9,0.13,0.13,617.704,1776164809000
1776164811.426,111.426,0.11,50.0,0.1,28.9,0.09,31.7,0.08,97.29,0.07,44.9,0.24,8.07,0.26,49.5,0.27,18.2,0.28,17.9,0.29,17.6,0.76,8.07,0.74,49.5,0.73,18.2,0.72,17.9,0.71,17.6,0.89,50.0,0.9,28.9,0.91,31.7,0.92,97.29,0.93,44.9,0.13,0.13,617.705,1776164810000
1776164812.014,112.014,0.11,50.0,0.1,28.9,0.09,31.7,0.08,97.29,0.07,44.9,0.24,8.07,0.26,49.5,0.27,18.2,0.28,17.9,0.29,17.6,0.76,8.07,0.74,49.5,0.73,18.2,0.72,17.9,0.71,17.6,0.89,50.0,0.9,28.9,0.91,31.7,0.92,97.29,0.93,44.9,0.13,0.13,617.67879,1776164811000
1776164813.531,113.531,0.11,50.0,0.1,28.9,0.09,31.7,0.08,97.29,0.07,44.9,0.24,8.07,0.26,49.5,0.27,18.2,0.28,17.9,0.29,17.6,0.76,8.07,0.74,49.5,0.73,18.2,0.72,17.9,0.71,17.6,0.89,50.0,0.9,28.9,0.91,31.7,0.92,97.29,0.93,44.9,0.13,0.13,617.700469,1776164812000
1776164814.165,114.165,0.11,50.0,0.1,28.9,0.09,31.7,0.08,97.29,0.07,44.9,0.24,8.07,0.26,49.5,0.27,18.2,0.28,17.9,0.29,17.6,0.76,8.07,0.74,49.5,0.73,18.2,0.72,17.9,0.71,17.6,0.89,50.0,0.9,28.9,0.91,31.7,0.92,97.29,0.93,44.9,0.13,0.13,617.7032,1776164813000
1776164815.414,115.414,0.11,50.0,0.1,28.9,0.09,31.7,0.08,97.29,0.07,44.9,0.24,8.07,0.26,49.5,0.27,18.2,0.28,17.9,0.29,17.6,0.76,8.07,0.74,49.5,0.73,18.2,0.72,17.9,0.71,17.6,0.89,50.0,0.9,28.9,0.91,31.7,0.92,97.29,0.93,44.9,0.13,0.13,617.708276,1776164814000
1776164816.025,116.025,0.11,50.0,0.1,28.9,0.09,31.7,0.08,97.29,0.07,44.9,0.24,8.07,0.26,49.5,0.27,18.2,0.28,17.9,0.29,17.6,0.76,8.07,0.74,49.5,0.73,18.2,0.72,17.9,0.71,17.6,0.89,50.0,0.9,28.9,0.91,31.7,0.92,97.29,0.93,44.9,0.13,0.13,617.70307,1776164815000
1776164816.962,116.962,0.11,50.0,0.1,28.9,0.09,31.7,0.08,97.29,0.07,44.9,0.24,8.07,0.26,49.5,0.27,18.2,0.28,17.9,0.29,17.6,0.76,8.07,0.74,49.5,0.73,18.2,0.72,17.9,0.71,17.6,0.89,50.0,0.9,28.9,0.91,31.7,0.92,97.29,0.93,44.9,0.13,0.13,617.69205,1776164816000
1776164818.0,118.0,0.11,50.0,0.1,28.9,0.09,31.7,0.08,97.29,0.07,44.9,0.24,8.07,0.26,49.5,0.27,18.2,0.28,17.9,0.29,17.6,0.76,8.07,0.74,49.5,0.73,18.2,0.72,17.9,0.71,17.6,0.89,50.0,0.9,28.9,0.91,31.7,0.92,97.29,0.93,44.9,0.13,0.13,617.70632,1776164817000
1776164819.016,119.016,0.08,62.0,0.07,39.9,0.06,46.1,0.05,54.7,0.04,77.7,0.15,2.39,0.16,19.3,0.17,18.39,0.18,17.6,0.19,16.89,0.76,8.07,0.74,49.5,0.73,18.2,0.72,17.9,0.71,17.6,0.89,50.0,0.9,28.9,0.91,31.7,0.92,97.29,0.93,44.9,0.07,0.13,617.70632,1776164817000
1776164820.04,120.04,0.08,62.0,0.07,39.9,0.06,46.1,0.05,54.7,0.04,77.7,0.15,2.39,0.16,19.3,0.17,18.39,0.18,17.6,0.19,16.89,0.85,2.39,0.84,19.3,0.83,18.39,0.82,17.6,0.81,16.89,0.92,62.0,0.93,39.9,0.94,46.1,0.95,54.7,0.96,77.7,0.07,0.07,617.70154,1776164819000
1776164821.068,121.068,0.08,62.0,0.07,39.9,0.06,46.1,0.05,54.7,0.04,77.7,0.15,2.39,0.16,19.3,0.17,18.39,0.18,17.6,0.19,16.89,0.85,2.39,0.84,19.3,0.83,18.39,0.82,17.6,0.81,16.89,0.92,62.0,0.93,39.9,0.94,46.1,0.95,54.7,0.96,77.7,0.07,0.07,617.7017,1776164820000
1776164822.036,122.036,0.08,62.0,0.07,39.9,0.06,46.1,0.05,54.7,0.04,77.7,0.15,2.39,0.16,19.3,0.17,18.39,0.18,17.6,0.19,16.89,0.85,2.39,0.84,19.3,0.83,18.39,0.82,17.6,0.81,16.89,0.92,62.0,0.93,39.9,0.94,46.1,0.95,54.7,0.96,77.7,0.07,0.07,617.70277,1776164821000
1776164823.073,123.073,0.08,62.0,0.07,39.9,0.06,46.1,0.05,54.7,0.04,77.7,0.15,2.39,0.16,19.3,0.17,18.39,0.18,17.6,0.19,16.89,0.85,2.39,0.84,19.3,0.83,18.39,0.82,17.6,0.81,16.89,0.92,62.0,0.93,39.9,0.94,46.1,0.95,54.7,0.96,77.7,0.07,0.07,617.759,1776164822000
1776164824.056,124.056,0.08,62.0,0.07,39.9,0.06,46.1,0.05,54.7,0.04,77.7,0.15,2.39,0.16,19.3,0.17,18.39,0.18,17.6,0.19,16.89,0.85,2.39,0.84,19.3,0.83,18.39,0.82,17.6,0.81,16.89,0.92,62.0,0.93,39.9,0.94,46.1,0.95,54.7,0.96,77.7,0.07,0.07,617.82854,1776164823000
1776164824.946,124.946,0.08,62.0,0.07,39.9,0.06,46.1,0.05,54.7,0.04,77.7,0.15,2.39,0.16,19.3,0.17,18.39,0.18,17.6,0.19,16.89,0.85,2.39,0.84,19.3,0.83,18.39,0.82,17.6,0.81,16.89,0.92,62.0,0.93,39.9,0.94,46.1,0.95,54.7,0.96,77.7,0.07,0.07,617.814359,1776164824000
1776164826.03,126.03,0.08,62.0,0.07,39.9,0.06,46.1,0.05,54.7,0.04,77.7,0.15,2.39,0.16,19.3,0.17,18.39,0.18,17.6,0.19,16.89,0.85,2.39,0.84,19.3,0.83,18.39,0.82,17.6,0.81,16.89,0.92,62.0,0.93,39.9,0.94,46.1,0.95,54.7,0.96,77.7,0.07,0.07,617.821732,1776164825000
1776164826.967,126.967,0.08,62.0,0.07,39.9,0.06,46.1,0.05,54.7,0.04,77.7,0.15,2.39,0.16,19.3,0.17,18.39,0.18,17.6,0.19,16.89,0.85,2.39,0.84,19.3,0.83,18.39,0.82,17.6,0.81,16.89,0.92,62.0,0.93,39.9,0.94,46.1,0.95,54.7,0.96,77.7,0.07,0.07,617.820147,1776164826000
1776164827.973,127.973,0.08,62.0,0.07,39.9,0.06,46.1,0.05,54.7,0.04,77.7,0.15,2.39,0.16,19.3,0.17,18.39,0.18,17.6,0.19,16.89,0.85,2.39,0.84,19.3,0.83,18.39,0.82,17.6,0.81,16.89,0.92,62.0,0.93,39.9,0.94,46.1,0.95,54.7,0.96,77.7,0.07,0.07,617.813824,1776164827000
1776164828.821,128.821,0.08,62.0,0.07,39.9,0.06,46.1,0.05,54.7,0.04,77.7,0.15,2.39,0.16,19.3,0.17,18.39,0.18,17.6,0.19,16.89,0.85,2.39,0.84,19.3,0.83,18.39,0.82,17.6,0.81,16.89,0.92,62.0,0.93,39.9,0.94,46.1,0.95,54.7,0.96,77.7,0.07,0.07,617.812638,1776164828000
1776164830.405,130.405,0.08,62.0,0.07,39.9,0.06,46.1,0.05,54.7,0.04,77.7,0.15,2.39,0.16,19.3,0.17,18.39,0.18,17.6,0.19,16.89,0.85,2.39,0.84,19.3,0.83,18.39,0.82,17.6,0.81,16.89,0.92,62.0,0.93,39.9,0.94,46.1,0.95,54.7,0.96,77.7,0.07,0.07,617.801903,1776164829000
1776164831.126,131.126,0.08,62.0,0.07,39.9,0.06,46.1,0.05,54.7,0.04,77.7,0.15,2.39,0.16,19.3,0.17,18.39,0.18,17.6,0.19,16.89,0.85,2.39,0.84,19.3,0.83,18.39,0.82,17.6,0.81,16.89,0.92,62.0,0.93,39.9,0.94,46.1,0.95,54.7,0.96,77.7,0.07,0.07,617.802044,1776164830000
1776164832.219,132.219,0.08,62.0,0.07,39.9,0.06,46.1,0.05,54.7,0.04,77.7,0.15,2.39,0.16,19.3,0.17,18.39,0.18,17.6,0.19,16.89,0.85,2.39,0.84,19.3,0.83,18.39,0.82,17.6,0.81,16.89,0.92,62.0,0.93,39.9,0.94,46.1,0.95,54.7,0.96,77.7,0.07,0.07,617.831062,1776164831000
1776164833.19,133.19,0.08,62.0,0.07,39.9,0.06,46.1,0.05,54.7,0.04,77.7,0.15,2.39,0.16,19.3,0.17,18.39,0.18,17.6,0.19,16.89,0.85,2.39,0.84,19.3,0.83,18.39,0.82,17.6,0.81,16.89,0.92,62.0,0.93,39.9,0.94,46.1,0.95,54.7,0.96,77.7,0.07,0.07,617.81327,1776164832000
1776164835.007,135.007,0.08,62.0,0.07,39.9,0.06,46.1,0.05,54.7,0.04,77.7,0.15,2.39,0.16,19.3,0.17,18.39,0.18,17.6,0.19,16.89,0.85,2.39,0.84,19.3,0.83,18.39,0.82,17.6,0.81,16.89,0.92,62.0,0.93,39.9,0.94,46.1,0.95,54.7,0.96,77.7,0.07,0.07,617.8153,1776164834000
1776164836.469,136.469,0.08,62.0,0.07,39.9,0.06,46.1,0.05,54.7,0.04,77.7,0.15,2.39,0.16,19.3,0.17,18.39,0.18,17.6,0.19,16.89,0.85,2.39,0.84,19.3,0.83,18.39,0.82,17.6,0.81,16.89,0.92,62.0,0.93,39.9,0.94,46.1,0.95,54.7,0.96,77.7,0.07,0.07,617.79619,1776164835000
1776164837.451,137.451,0.08,62.0,0.07,39.9,0.06,46.1,0.05,54.7,0.04,77.7,0.15,2.39,0.16,19.3,0.17,18.39,0.18,17.6,0.19,16.89,0.85,2.39,0.84,19.3,0.83,18.39,0.82,17.6,0.81,16.89,0.92,62.0,0.93,39.9,0.94,46.1,0.95,54.7,0.96,77.7,0.07,0.07,617.7949,1776164836000
1776164838.249,138.249,0.08,62.0,0.07,39.9,0.06,46.1,0.05,54.7,0.04,77.7,0.15,2.39,0.16,19.3,0.17,18.39,0.18,17.6,0.19,16.89,0.85,2.39,0.84,19.3,0.83,18.39,0.82,17.6,0.81,16.89,0.92,62.0,0.93,39.9,0.94,46.1,0.95,54.7,0.96,77.7,0.07,0.07,617.79518,1776164837000
1776164839.385,139.385,0.08,62.0,0.07,39.9,0.06,46.1,0.05,54.7,0.04,77.7,0.15,2.39,0.16,19.3,0.17,18.39,0.18,17.6,0.19,16.89,0.85,2.39,0.84,19.3,0.83,18.39,0.82,17.6,0.81,16.89,0.92,62.0,0.93,39.9,0.94,46.1,0.95,54.7,0.96,77.7,0.07,0.07,617.79822,1776164838000
1776164840.169,140.169,0.08,62.0,0.07,39.9,0.06,46.1,0.05,54.7,0.04,77.7,0.15,2.39,0.16,19.3,0.17,18.39,0.18,17.6,0.19,16.89,0.85,2.39,0.84,19.3,0.83,18.39,0.82,17.6,0.81,16.89,0.92,62.0,0.93,39.9,0.94,46.1,0.95,54.7,0.96,77.7,0.07,0.07,617.7983,1776164839000
1776164841.34,141.34,0.08,62.0,0.07,39.9,0.06,46.1,0.05,54.7,0.04,77.7,0.15,2.39,0.16,19.3,0.17,18.39,0.18,17.6,0.19,16.89,0.85,2.39,0.84,19.3,0.83,18.39,0.82,17.6,0.81,16.89,0.92,62.0,0.93,39.9,0.94,46.1,0.95,54.7,0.96,77.7,0.07,0.07,617.79624,1776164840000
1776164842.677,142.677,0.08,62.0,0.07,39.9,0.06,46.1,0.05,54.7,0.04,77.7,0.15,2.39,0.16,19.3,0.17,18.39,0.18,17.6,0.19,16.89,0.85,2.39,0.84,19.3,0.83,18.39,0.82,17.6,0.81,16.89,0.92,62.0,0.93,39.9,0.94,46.1,0.95,54.7,0.96,77.7,0.07,0.07,617.78973,1776164841000
1776164843.319,143.319,0.08,62.0,0.07,39.9,0.06,46.1,0.05,54.7,0.04,77.7,0.15,2.39,0.16,19.3,0.17,18.39,0.18,17.6,0.19,16.89,0.85,2.39,0.84,19.3,0.83,18.39,0.82,17.6,0.81,16.89,0.92,62.0,0.93,39.9,0.94,46.1,0.95,54.7,0.96,77.7,0.07,0.07,617.78973,1776164842000
1776164844.7,144.7,0.08,62.0,0.07,39.9,0.06,46.1,0.05,54.7,0.04,77.7,0.15,2.39,0.16,19.3,0.17,18.39,0.18,17.6,0.19,16.89,0.85,2.39,0.84,19.3,0.83,18.39,0.82,17.6,0.81,16.89,0.92,62.0,0.93,39.9,0.94,46.1,0.95,54.7,0.96,77.7,0.07,0.07,617.79501,1776164843000
1776164845.292,145.292,0.08,62.0,0.07,39.9,0.06,46.1,0.05,54.7,0.04,77.7,0.15,2.39,0.16,19.3,0.17,18.39,0.18,17.6,0.19,16.89,0.85,2.39,0.84,19.3,0.83,18.39,0.82,17.6,0.81,16.89,0.92,62.0,0.93,39.9,0.94,46.1,0.95,54.7,0.96,77.7,0.07,0.07,617.80451,1776164844000
1776164846.164,146.164,0.08,62.0,0.07,39.9,0.06,46.1,0.05,54.7,0.04,77.7,0.15,2.39,0.16,19.3,0.17,18.39,0.18,17.6,0.19,16.89,0.85,2.39,0.84,19.3,0.83,18.39,0.82,17.6,0.81,16.89,0.92,62.0,0.93,39.9,0.94,46.1,0.95,54.7,0.96,77.7,0.07,0.07,617.799854,1776164845000
1776164847.219,147.219,0.08,62.0,0.07,39.9,0.06,46.1,0.05,54.7,0.04,77.7,0.15,2.39,0.16,19.3,0.17,18.39,0.18,17.6,0.19,16.89,0.85,2.39,0.84,19.3,0.83,18.39,0.82,17.6,0.81,16.89,0.92,62.0,0.93,39.9,0.94,46.1,0.95,54.7,0.96,77.7,0.07,0.07,617.800432,1776164846000
1776164848.41,148.41,0.08,62.0,0.07,39.9,0.06,46.1,0.05,54.7,0.04,77.7,0.15,2.39,0.16,19.3,0.17,18.39,0.18,17.6,0.19,16.89,0.85,2.39,0.84,19.3,0.83,18.39,0.82,17.6,0.81,16.89,0.92,62.0,0.93,39.9,0.94,46.1,0.95,54.7,0.96,77.7,0.07,0.07,617.816,1776164847000
1776164849.432,149.432,0.08,62.0,0.07,39.9,0.06,46.1,0.05,54.7,0.04,77.7,0.15,2.39,0.16,19.3,0.17,18.39,0.18,17.6,0.19,16.89,0.85,2.39,0.84,19.3,0.83,18.39,0.82,17.6,0.81,16.89,0.92,62.0,0.93,39.9,0.94,46.1,0.95,54.7,0.96,77.7,0.07,0.07,617.815577,1776164848000
1776164850.033,150.033,0.08,62.0,0.07,39.9,0.06,46.1,0.05,54.7,0.04,77.7,0.15,2.39,0.16,19.3,0.17,18.39,0.18,17.6,0.19,16.89,0.85,2.39,0.84,19.3,0.83,18.39,0.82,17.6,0.81,16.89,0.92,62.0,0.93,39.9,0.94,46.1,0.95,54.7,0.96,77.7,0.07,0.07,617.815577,1776164849000
1776164851.089,151.089,0.08,62.0,0.07,39.9,0.06,46.1,0.05,54.7,0.04,77.7,0.15,2.39,0.16,19.3,0.17,18.39,0.18,17.6,0.19,16.89,0.85,2.39,0.84,19.3,0.83,18.39,0.82,17.6,0.81,16.89,0.92,62.0,0.93,39.9,0.94,46.1,0.95,54.7,0.96,77.7,0.07,0.07,617.80267,1776164850000
1776164852.141,152.141,0.08,62.0,0.07,39.9,0.06,46.1,0.05,54.7,0.04,77.7,0.15,2.39,0.16,19.3,0.17,18.39,0.18,17.6,0.19,16.89,0.85,2.39,0.84,19.3,0.83,18.39,0.82,17.6,0.81,16.89,0.92,62.0,0.93,39.9,0.94,46.1,0.95,54.7,0.96,77.7,0.07,0.07,617.77069,1776164851000
1776164853.186,153.186,0.08,62.0,0.07,39.9,0.06,46.1,0.05,54.7,0.04,77.7,0.15,2.39,0.16,19.3,0.17,18.39,0.18,17.6,0.19,16.89,0.85,2.39,0.84,19.3,0.83,18.39,0.82,17.6,0.81,16.89,0.92,62.0,0.93,39.9,0.94,46.1,0.95,54.7,0.96,77.7,0.07,0.07,617.77102,1776164852000
1776164854.242,154.242,0.08,62.0,0.07,39.9,0.06,46.1,0.05,54.7,0.04,77.7,0.15,2.39,0.16,19.3,0.17,18.39,0.18,17.6,0.19,16.89,0.85,2.39,0.84,19.3,0.83,18.39,0.82,17.6,0.81,16.89,0.92,62.0,0.93,39.9,0.94,46.1,0.95,54.7,0.96,77.7,0.07,0.07,617.77203,1776164853000
1776164855.299,155.299,0.08,62.0,0.07,39.9,0.06,46.1,0.05,54.7,0.04,77.7,0.15,2.39,0.16,19.3,0.17,18.39,0.18,17.6,0.19,16.89,0.85,2.39,0.84,19.3,0.83,18.39,0.82,17.6,0.81,16.89,0.92,62.0,0.93,39.9,0.94,46.1,0.95,54.7,0.96,77.7,0.07,0.07,617.76296,1776164854000
1776164855.919,155.919,0.08,62.0,0.07,39.9,0.06,46.1,0.05,54.7,0.04,77.7,0.15,2.39,0.16,19.3,0.17,18.39,0.18,17.6,0.19,16.89,0.85,2.39,0.84,19.3,0.83,18.39,0.82,17.6,0.81,16.89,0.92,62.0,0.93,39.9,0.94,46.1,0.95,54.7,0.96,77.7,0.07,0.07,617.74457,1776164855000
1776164856.902,156.902,0.08,62.0,0.07,39.9,0.06,46.1,0.05,54.7,0.04,77.7,0.15,2.39,0.16,19.3,0.17,18.39,0.18,17.6,0.19,16.89,0.85,2.39,0.84,19.3,0.83,18.39,0.82,17.6,0.81,16.89,0.92,62.0,0.93,39.9,0.94,46.1,0.95,54.7,0.96,77.7,0.07,0.07,617.76548,1776164856000
1776164858.081,158.081,0.08,62.0,0.07,39.9,0.06,46.1,0.05,54.7,0.04,77.7,0.15,2.39,0.16,19.3,0.17,18.39,0.18,17.6,0.19,16.89,0.85,2.39,0.84,19.3,0.83,18.39,0.82,17.6,0.81,16.89,0.92,62.0,0.93,39.9,0.94,46.1,0.95,54.7,0.96,77.7,0.07,0.07,617.758296,1776164857000
1776164859.167,159.167,0.08,62.0,0.07,39.9,0.06,46.1,0.05,54.7,0.04,77.7,0.15,2.39,0.16,19.3,0.17,18.39,0.18,17.6,0.19,16.89,0.85,2.39,0.84,19.3,0.83,18.39,0.82,17.6,0.81,16.89,0.92,62.0,0.93,39.9,0.94,46.1,0.95,54.7,0.96,77.7,0.07,0.07,617.75891,1776164858000
1776164859.899,159.899,0.11,34.66,0.09,31.7,0.08,35.29,0.07,39.9,0.06,46.1,0.17,18.39,0.18,17.6,0.19,16.89,0.2,16.3,0.21,21.7,0.85,2.39,0.84,19.3,0.83,18.39,0.82,17.6,0.81,16.89,0.92,62.0,0.93,39.9,0.94,46.1,0.95,54.7,0.96,77.7,0.06,0.07,617.75891,1776164858000
1776164860.185,160.185,0.11,34.66,0.09,31.7,0.08,35.29,0.07,39.9,0.06,46.1,0.17,18.39,0.18,17.6,0.19,16.89,0.2,16.3,0.21,21.7,0.83,18.39,0.82,17.6,0.81,16.89,0.8,16.3,0.79,21.7,0.89,34.66,0.91,31.7,0.92,35.29,0.93,39.9,0.94,46.1,0.06,0.06,617.759248,1776164859000
1776164862.138,162.138,0.11,34.66,0.09,31.7,0.08,35.29,0.07,39.9,0.06,46.1,0.17,18.39,0.18,17.6,0.19,16.89,0.2,16.3,0.21,21.7,0.83,18.39,0.82,17.6,0.81,16.89,0.8,16.3,0.79,21.7,0.89,34.66,0.91,31.7,0.92,35.29,0.93,39.9,0.94,46.1,0.06,0.06,617.72813,1776164861000
1776164863.246,163.246,0.11,34.66,0.09,31.7,0.08,35.29,0.07,39.9,0.06,46.1,0.17,18.39,0.18,17.6,0.19,16.89,0.2,16.3,0.21,21.7,0.83,18.39,0.82,17.6,0.81,16.89,0.8,16.3,0.79,21.7,0.89,34.66,0.91,31.7,0.92,35.29,0.93,39.9,0.94,46.1,0.06,0.06,617.73594,1776164862000
1776164864.369,164.369,0.11,34.66,0.09,31.7,0.08,35.29,0.07,39.9,0.06,46.1,0.17,18.39,0.18,17.6,0.19,16.89,0.2,16.3,0.21,21.7,0.83,18.39,0.82,17.6,0.81,16.89,0.8,16.3,0.79,21.7,0.89,34.66,0.91,31.7,0.92,35.29,0.93,39.9,0.94,46.1,0.06,0.06,617.689218,1776164863000
1776164864.926,164.926,0.11,34.66,0.09,31.7,0.08,35.29,0.07,39.9,0.06,46.1,0.17,18.39,0.18,17.6,0.19,16.89,0.2,16.3,0.21,21.7,0.83,18.39,0.82,17.6,0.81,16.89,0.8,16.3,0.79,21.7,0.89,34.66,0.91,31.7,0.92,35.29,0.93,39.9,0.94,46.1,0.06,0.06,617.616161,1776164864000
1776164866.104,166.104,0.11,34.66,0.09,31.7,0.08,35.29,0.07,39.9,0.06,46.1,0.17,18.39,0.18,17.6,0.19,16.89,0.2,16.3,0.21,21.7,0.83,18.39,0.82,17.6,0.81,16.89,0.8,16.3,0.79,21.7,0.89,34.66,0.91,31.7,0.92,35.29,0.93,39.9,0.94,46.1,0.06,0.06,617.628533,1776164865000
1776164867.753,167.753,0.11,34.66,0.09,31.7,0.08,35.29,0.07,39.9,0.06,46.1,0.17,18.39,0.18,17.6,0.19,16.89,0.2,16.3,0.21,21.7,0.83,18.39,0.82,17.6,0.81,16.89,0.8,16.3,0.79,21.7,0.89,34.66,0.91,31.7,0.92,35.29,0.93,39.9,0.94,46.1,0.06,0.06,617.608339,1776164866000
1776164868.363,168.363,0.11,34.66,0.09,31.7,0.08,35.29,0.07,39.9,0.06,46.1,0.17,18.39,0.18,17.6,0.19,16.89,0.2,16.3,0.21,21.7,0.83,18.39,0.82,17.6,0.81,16.89,0.8,16.3,0.79,21.7,0.89,34.66,0.91,31.7,0.92,35.29,0.93,39.9,0.94,46.1,0.06,0.06,617.59382,1776164867000
1776164869.011,169.011,0.11,34.66,0.09,31.7,0.08,35.29,0.07,39.9,0.06,46.1,0.17,18.39,0.18,17.6,0.19,16.89,0.2,16.3,0.21,21.7,0.83,18.39,0.82,17.6,0.81,16.89,0.8,16.3,0.79,21.7,0.89,34.66,0.91,31.7,0.92,35.29,0.93,39.9,0.94,46.1,0.06,0.06,617.58516,1776164868000
1776164870.151,170.151,0.11,34.66,0.09,31.7,0.08,35.29,0.07,39.9,0.06,46.1,0.17,18.39,0.18,17.6,0.19,16.89,0.2,16.3,0.21,21.7,0.83,18.39,0.82,17.6,0.81,16.89,0.8,16.3,0.79,21.7,0.89,34.66,0.91,31.7,0.92,35.29,0.93,39.9,0.94,46.1,0.06,0.06,617.54287,1776164869000
1776164870.406,170.406,0.04,10.0,0.02,150.69,0.01,3703.69,,,,,0.05,50.7,0.06,65.1,0.07,39.9,0.08,35.29,0.09,31.7,0.83,18.39,0.82,17.6,0.81,16.89,0.8,16.3,0.79,21.7,0.89,34.66,0.91,31.7,0.92,35.29,0.93,39.9,0.94,46.1,0.01,0.06,617.54287,1776164869000
1776164871.324,171.324,0.04,10.0,0.02,150.69,0.01,3703.69,,,,,0.05,50.7,0.06,65.1,0.07,39.9,0.08,35.29,0.09,31.7,0.95,50.7,0.94,65.1,0.93,39.9,0.92,35.29,0.91,31.7,0.96,10.0,0.98,150.69,0.99,3703.69,,,,,0.01,0.01,617.53491,1776164870000
1776164872.439,172.439,0.04,10.0,0.02,150.69,0.01,3703.69,,,,,0.05,50.7,0.06,65.1,0.07,39.9,0.08,35.29,0.09,31.7,0.95,50.7,0.94,65.1,0.93,39.9,0.92,35.29,0.91,31.7,0.96,10.0,0.98,150.69,0.99,3703.69,,,,,0.01,0.01,617.480709,1776164871000
1776164873.095,173.095,0.04,10.0,0.02,150.69,0.01,3703.69,,,,,0.05,50.7,0.06,65.1,0.07,39.9,0.08,35.29,0.09,31.7,0.95,50.7,0.94,65.1,0.93,39.9,0.92,35.29,0.91,31.7,0.96,10.0,0.98,150.69,0.99,3703.69,,,,,0.01,0.01,617.499567,1776164872000
1776164874.263,174.263,0.04,10.0,0.02,150.69,0.01,3703.69,,,,,0.05,50.7,0.06,65.1,0.07,39.9,0.08,35.29,0.09,31.7,0.95,50.7,0.94,65.1,0.93,39.9,0.92,35.29,0.91,31.7,0.96,10.0,0.98,150.69,0.99,3703.69,,,,,0.01,0.01,617.476292,1776164873000
1776164875.363,175.363,0.04,10.0,0.02,150.69,0.01,3703.69,,,,,0.05,50.7,0.06,65.1,0.07,39.9,0.08,35.29,0.09,31.7,0.95,50.7,0.94,65.1,0.93,39.9,0.92,35.29,0.91,31.7,0.96,10.0,0.98,150.69,0.99,3703.69,,,,,0.01,0.01,617.46789,1776164874000
1776164876.316,176.316,0.04,10.0,0.02,150.69,0.01,3703.69,,,,,0.05,50.7,0.06,65.1,0.07,39.9,0.08,35.29,0.09,31.7,0.95,50.7,0.94,65.1,0.93,39.9,0.92,35.29,0.91,31.7,0.96,10.0,0.98,150.69,0.99,3703.69,,,,,0.01,0.01,617.478484,1776164875000
1776164876.839,176.839,0.04,10.0,0.02,150.69,0.01,3703.69,,,,,0.05,50.7,0.06,65.1,0.07,39.9,0.08,35.29,0.09,31.7,0.95,50.7,0.94,65.1,0.93,39.9,0.92,35.29,0.91,31.7,0.96,10.0,0.98,150.69,0.99,3703.69,,,,,0.01,0.01,617.478789,1776164876000
1776164877.872,177.872,0.04,10.0,0.02,150.69,0.01,3703.69,,,,,0.05,50.7,0.06,65.1,0.07,39.9,0.08,35.29,0.09,31.7,0.95,50.7,0.94,65.1,0.93,39.9,0.92,35.29,0.91,31.7,0.96,10.0,0.98,150.69,0.99,3703.69,,,,,0.01,0.01,617.478652,1776164877000
1776164878.85,178.85,0.04,10.0,0.02,150.69,0.01,3703.69,,,,,0.05,50.7,0.06,65.1,0.07,39.9,0.08,35.29,0.09,31.7,0.95,50.7,0.94,65.1,0.93,39.9,0.92,35.29,0.91,31.7,0.96,10.0,0.98,150.69,0.99,3703.69,,,,,0.01,0.01,617.495215,1776164878000
1776164879.83,179.83,0.04,10.0,0.02,150.69,0.01,3703.69,,,,,0.05,50.7,0.06,65.1,0.07,39.9,0.08,35.29,0.09,31.7,0.95,50.7,0.94,65.1,0.93,39.9,0.92,35.29,0.91,31.7,0.96,10.0,0.98,150.69,0.99,3703.69,,,,,0.01,0.01,617.51815,1776164879000
1776164880.875,180.875,0.04,10.0,0.02,150.69,0.01,3703.69,,,,,0.05,50.7,0.06,65.1,0.07,39.9,0.08,35.29,0.09,31.7,0.95,50.7,0.94,65.1,0.93,39.9,0.92,35.29,0.91,31.7,0.96,10.0,0.98,150.69,0.99,3703.69,,,,,0.01,0.01,617.51785,1776164880000
1776164881.947,181.947,0.04,10.0,0.02,150.69,0.01,3703.69,,,,,0.05,50.7,0.06,65.1,0.07,39.9,0.08,35.29,0.09,31.7,0.95,50.7,0.94,65.1,0.93,39.9,0.92,35.29,0.91,31.7,0.96,10.0,0.98,150.69,0.99,3703.69,,,,,0.01,0.01,617.488239,1776164881000
1776164882.826,182.826,0.04,7.91,0.02,18.0,0.01,3703.69,,,,,0.05,50.7,0.06,65.1,0.07,39.9,0.08,35.29,0.09,31.7,0.95,50.7,0.94,65.1,0.93,39.9,0.92,35.29,0.91,31.7,0.96,10.0,0.98,150.69,0.99,3703.69,,,,,0.01,0.01,617.488239,1776164881000
1776164883.949,183.949,0.04,7.91,0.02,18.0,0.01,3703.69,,,,,0.05,50.7,0.06,65.1,0.07,39.9,0.08,35.29,0.09,31.7,0.95,50.7,0.94,65.1,0.93,39.9,0.92,35.29,0.91,31.7,0.96,7.91,0.98,18.0,0.99,3703.69,,,,,0.01,0.01,617.52007,1776164883000
1776164884.933,184.933,0.04,7.91,0.02,18.0,0.01,3703.69,,,,,0.05,50.7,0.06,65.1,0.07,39.9,0.08,35.29,0.09,31.7,0.95,50.7,0.94,65.1,0.93,39.9,0.92,35.29,0.91,31.7,0.96,7.91,0.98,18.0,0.99,3703.69,,,,,0.01,0.01,617.52031,1776164884000
1776164885.878,185.878,0.04,7.91,0.02,18.0,0.01,3703.69,,,,,0.05,50.7,0.06,65.1,0.07,39.9,0.08,35.29,0.09,31.7,0.95,50.7,0.94,65.1,0.93,39.9,0.92,35.29,0.91,31.7,0.96,7.91,0.98,18.0,0.99,3703.69,,,,,0.01,0.01,617.52013,1776164885000
1776164886.771,186.771,0.04,7.91,0.02,18.0,0.01,3703.69,,,,,0.05,50.7,0.06,65.1,0.07,39.9,0.08,35.29,0.09,31.7,0.95,50.7,0.94,65.1,0.93,39.9,0.92,35.29,0.91,31.7,0.96,7.91,0.98,18.0,0.99,3703.69,,,,,0.01,0.01,617.52155,1776164886000
1776164887.592,187.592,0.04,6.86,0.02,18.0,0.01,3703.69,,,,,0.05,50.7,0.06,65.1,0.07,39.9,0.08,35.29,0.09,31.7,0.95,50.7,0.94,65.1,0.93,39.9,0.92,35.29,0.91,31.7,0.96,7.91,0.98,18.0,0.99,3703.69,,,,,0.01,0.01,617.52155,1776164886000
1776164888.337,188.337,0.04,6.86,0.02,18.0,0.01,3703.69,,,,,0.05,50.7,0.06,65.1,0.07,39.9,0.08,35.29,0.09,31.7,0.95,50.7,0.94,65.1,0.93,39.9,0.92,35.29,0.91,31.7,0.96,6.86,0.98,18.0,0.99,3703.69,,,,,0.01,0.01,617.52497,1776164887000
1776164889.147,189.147,0.04,6.86,0.02,18.0,0.01,3703.69,,,,,0.05,50.7,0.06,65.1,0.07,39.9,0.08,35.29,0.09,31.7,0.95,50.7,0.94,65.1,0.93,39.9,0.92,35.29,0.91,31.7,0.96,6.86,0.98,18.0,0.99,3703.69,,,,,0.01,0.01,617.52674,1776164888000
1776164890.144,190.144,0.04,6.86,0.02,18.0,0.01,3703.69,,,,,0.05,50.7,0.06,65.1,0.07,39.9,0.08,35.29,0.09,31.7,0.95,50.7,0.94,65.1,0.93,39.9,0.92,35.29,0.91,31.7,0.96,6.86,0.98,18.0,0.99,3703.69,,,,,0.01,0.01,617.500506,1776164889000
1776164891.404,191.404,0.04,6.86,0.02,18.0,0.01,3703.69,,,,,0.05,50.7,0.06,65.1,0.07,39.9,0.08,35.29,0.09,31.7,0.95,50.7,0.94,65.1,0.93,39.9,0.92,35.29,0.91,31.7,0.96,6.86,0.98,18.0,0.99,3703.69,,,,,0.01,0.01,617.502079,1776164890000
1776164892.241,192.241,0.04,6.86,0.02,18.0,0.01,3703.69,,,,,0.05,50.7,0.06,65.1,0.07,39.9,0.08,35.29,0.09,31.7,0.95,50.7,0.94,65.1,0.93,39.9,0.92,35.29,0.91,31.7,0.96,6.86,0.98,18.0,0.99,3703.69,,,,,0.01,0.01,617.503931,1776164891000
1776164892.996,192.996,0.04,6.86,0.02,18.0,0.01,3703.69,,,,,0.05,50.7,0.06,65.1,0.07,39.9,0.08,35.29,0.09,31.7,0.95,50.7,0.94,65.1,0.93,39.9,0.92,35.29,0.91,31.7,0.96,6.86,0.98,18.0,0.99,3703.69,,,,,0.01,0.01,617.504203,1776164892000
1776164893.874,193.874,0.04,6.86,0.02,18.0,0.01,3703.69,,,,,0.05,50.7,0.06,65.1,0.07,39.9,0.08,35.29,0.09,31.7,0.95,50.7,0.94,65.1,0.93,39.9,0.92,35.29,0.91,31.7,0.96,6.86,0.98,18.0,0.99,3703.69,,,,,0.01,0.01,617.482966,1776164893000
1776164896.049,196.049,0.04,6.86,0.02,18.0,0.01,3703.69,,,,,0.05,50.7,0.06,65.1,0.07,39.9,0.08,35.29,0.09,31.7,0.95,50.7,0.94,65.1,0.93,39.9,0.92,35.29,0.91,31.7,0.96,6.86,0.98,18.0,0.99,3703.69,,,,,0.01,0.01,617.518968,1776164895000
1776164897.148,197.148,0.04,6.86,0.02,18.0,0.01,3703.69,,,,,0.05,50.7,0.06,65.1,0.07,39.9,0.08,35.29,0.09,31.7,0.95,50.7,0.94,65.1,0.93,39.9,0.92,35.29,0.91,31.7,0.96,6.86,0.98,18.0,0.99,3703.69,,,,,0.01,0.01,617.539975,1776164896000
1776164898.179,198.179,0.04,6.86,0.02,18.0,0.01,3703.69,,,,,0.05,50.7,0.06,65.1,0.07,39.9,0.08,35.29,0.09,31.7,0.95,50.7,0.94,65.1,0.93,39.9,0.92,35.29,0.91,31.7,0.96,6.86,0.98,18.0,0.99,3703.69,,,,,0.01,0.01,617.534734,1776164897000
1776164899.727,199.727,0.04,6.86,0.02,18.0,0.01,3703.69,,,,,0.05,50.7,0.06,65.1,0.07,39.9,0.08,35.29,0.09,31.7,0.95,50.7,0.94,65.1,0.93,39.9,0.92,35.29,0.91,31.7,0.96,6.86,0.98,18.0,0.99,3703.69,,,,,0.01,0.01,617.507165,1776164898000
1776164900.397,200.397,0.04,6.86,0.02,18.0,0.01,3703.69,,,,,0.05,50.7,0.06,65.1,0.07,39.9,0.08,35.29,0.09,31.7,0.95,50.7,0.94,65.1,0.93,39.9,0.92,35.29,0.91,31.7,0.96,6.86,0.98,18.0,0.99,3703.69,,,,,0.01,0.01,617.506727,1776164899000
1776164901.447,201.447,0.04,6.86,0.02,18.0,0.01,3703.69,,,,,0.05,50.7,0.06,65.1,0.07,39.9,0.08,35.29,0.09,31.7,0.95,50.7,0.94,65.1,0.93,39.9,0.92,35.29,0.91,31.7,0.96,6.86,0.98,18.0,0.99,3703.69,,,,,0.01,0.01,617.511084,1776164900000
1776164902.276,202.276,0.04,6.86,0.02,18.0,0.01,3703.69,,,,,0.05,50.7,0.06,65.1,0.07,39.9,0.08,35.29,0.09,31.7,0.95,50.7,0.94,65.1,0.93,39.9,0.92,35.29,0.91,31.7,0.96,6.86,0.98,18.0,0.99,3703.69,,,,,0.01,0.01,617.515027,1776164901000
1776164903.288,203.288,0.04,6.86,0.02,18.0,0.01,3703.69,,,,,0.05,50.7,0.06,65.1,0.07,39.9,0.08,35.29,0.09,31.7,0.95,50.7,0.94,65.1,0.93,39.9,0.92,35.29,0.91,31.7,0.96,6.86,0.98,18.0,0.99,3703.69,,,,,0.01,0.01,617.57127,1776164902000
1776164903.747,203.747,0.04,6.86,0.02,10.0,0.01,1203.69,,,,,0.05,31.47,0.06,65.1,0.07,39.9,0.08,35.29,0.09,31.7,0.95,50.7,0.94,65.1,0.93,39.9,0.92,35.29,0.91,31.7,0.96,6.86,0.98,18.0,0.99,3703.69,,,,,0.01,0.01,617.57127,1776164902000
1776164904.237,204.237,0.04,6.86,0.02,10.0,0.01,1203.69,,,,,0.05,31.47,0.06,65.1,0.07,39.9,0.08,35.29,0.09,31.7,0.95,31.47,0.94,65.1,0.93,39.9,0.92,35.29,0.91,31.7,0.96,6.86,0.98,10.0,0.99,1203.69,,,,,0.01,0.01,617.57133,1776164903000
1776164905.121,205.121,0.04,6.86,0.02,10.0,0.01,1203.69,,,,,0.05,31.47,0.06,65.1,0.07,39.9,0.08,35.29,0.09,31.7,0.95,31.47,0.94,65.1,0.93,39.9,0.92,35.29,0.91,31.7,0.96,6.86,0.98,10.0,0.99,1203.69,,,,,0.01,0.01,617.514778,1776164904000
1776164906.453,206.453,0.04,6.86,0.02,10.0,0.01,1203.69,,,,,0.05,31.47,0.06,65.1,0.07,39.9,0.08,35.29,0.09,31.7,0.95,31.47,0.94,65.1,0.93,39.9,0.92,35.29,0.91,31.7,0.96,6.86,0.98,10.0,0.99,1203.69,,,,,0.01,0.01,617.507828,1776164905000
1776164907.116,207.116,0.04,6.86,0.02,10.0,0.01,1203.69,,,,,0.05,31.47,0.06,65.1,0.07,39.9,0.08,35.29,0.09,31.7,0.95,31.47,0.94,65.1,0.93,39.9,0.92,35.29,0.91,31.7,0.96,6.86,0.98,10.0,0.99,1203.69,,,,,0.01,0.01,617.507878,1776164906000
1776164908.486,208.486,0.04,6.86,0.02,10.0,0.01,1203.69,,,,,0.05,31.47,0.06,65.1,0.07,39.9,0.08,35.29,0.09,31.7,0.95,31.47,0.94,65.1,0.93,39.9,0.92,35.29,0.91,31.7,0.96,6.86,0.98,10.0,0.99,1203.69,,,,,0.01,0.01,617.53107,1776164907000
1776164909.164,209.164,0.04,6.86,0.02,10.0,0.01,1203.69,,,,,0.05,31.47,0.06,65.1,0.07,39.9,0.08,35.29,0.09,31.7,0.95,31.47,0.94,65.1,0.93,39.9,0.92,35.29,0.91,31.7,0.96,6.86,0.98,10.0,0.99,1203.69,,,,,0.01,0.01,617.53107,1776164908000
1776164910.368,210.368,0.04,6.86,0.02,10.0,0.01,1203.69,,,,,0.05,31.47,0.06,65.1,0.07,39.9,0.08,35.29,0.09,31.7,0.95,31.47,0.94,65.1,0.93,39.9,0.92,35.29,0.91,31.7,0.96,6.86,0.98,10.0,0.99,1203.69,,,,,0.01,0.01,617.53219,1776164909000
1776164910.968,210.968,0.04,0.86,0.02,10.0,0.01,741.09,,,,,0.05,31.47,0.06,65.1,0.07,39.9,0.08,35.29,0.09,31.7,0.95,31.47,0.94,65.1,0.93,39.9,0.92,35.29,0.91,31.7,0.96,0.86,0.98,10.0,0.99,741.09,,,,,0.01,0.01,617.53326,1776164910000
1776164912.221,212.221,0.04,0.86,0.02,10.0,0.01,741.09,,,,,0.05,31.47,0.06,65.1,0.07,39.9,0.08,35.29,0.09,31.7,0.95,31.47,0.94,65.1,0.93,39.9,0.92,35.29,0.91,31.7,0.96,0.86,0.98,10.0,0.99,741.09,,,,,0.01,0.01,617.56121,1776164911000
1776164913.389,213.389,0.04,0.86,0.02,10.0,0.01,741.09,,,,,0.05,31.47,0.06,65.1,0.07,39.9,0.08,35.29,0.09,31.7,0.95,31.47,0.94,65.1,0.93,39.9,0.92,35.29,0.91,31.7,0.96,0.86,0.98,10.0,0.99,741.09,,,,,0.01,0.01,617.56148,1776164912000
1776164914.066,214.066,0.04,0.86,0.02,10.0,0.01,741.09,,,,,0.05,31.47,0.06,65.1,0.07,39.9,0.08,35.29,0.09,31.7,0.95,31.47,0.94,65.1,0.93,39.9,0.92,35.29,0.91,31.7,0.96,0.86,0.98,10.0,0.99,741.09,,,,,0.01,0.01,617.562146,1776164913000
1776164915.592,215.592,0.04,0.86,0.02,10.0,0.01,741.09,,,,,0.05,31.47,0.06,65.1,0.07,39.9,0.08,35.29,0.09,31.7,0.95,31.47,0.94,65.1,0.93,39.9,0.92,35.29,0.91,31.7,0.96,0.86,0.98,10.0,0.99,741.09,,,,,0.01,0.01,617.53689,1776164914000
1776164916.044,216.044,0.04,0.86,0.02,10.0,0.01,741.09,,,,,0.05,31.47,0.06,65.1,0.07,39.9,0.08,35.29,0.09,31.7,0.95,31.47,0.94,65.1,0.93,39.9,0.92,35.29,0.91,31.7,0.96,0.86,0.98,10.0,0.99,741.09,,,,,0.01,0.01,617.53689,1776164915000
1776164917.331,217.331,0.04,0.86,0.02,10.0,0.01,741.09,,,,,0.05,31.47,0.06,65.1,0.07,39.9,0.08,35.29,0.09,31.7,0.95,31.47,0.94,65.1,0.93,39.9,0.92,35.29,0.91,31.7,0.96,0.86,0.98,10.0,0.99,741.09,,,,,0.01,0.01,617.546619,1776164916000
1776164918.584,218.584,0.04,0.86,0.02,10.0,0.01,741.09,,,,,0.05,31.47,0.06,65.1,0.07,39.9,0.08,35.29,0.09,31.7,0.95,31.47,0.94,65.1,0.93,39.9,0.92,35.29,0.91,31.7,0.96,0.86,0.98,10.0,0.99,741.09,,,,,0.01,0.01,617.56443,1776164917000
1776164919.137,219.137,0.04,0.86,0.02,10.0,0.01,741.09,,,,,0.05,31.47,0.06,65.1,0.07,39.9,0.08,35.29,0.09,31.7,0.95,31.47,0.94,65.1,0.93,39.9,0.92,35.29,0.91,31.7,0.96,0.86,0.98,10.0,0.99,741.09,,,,,0.01,0.01,617.58257,1776164918000
1776164919.908,219.908,0.02,10.0,0.01,741.09,,,,,,,0.05,31.47,0.06,65.1,0.07,39.9,0.08,35.29,0.09,31.7,0.95,31.47,0.94,65.1,0.93,39.9,0.92,35.29,0.91,31.7,0.96,0.86,0.98,10.0,0.99,741.09,,,,,0.03,0.01,617.58257,1776164918000
1776164920.663,220.663,0.02,10.0,0.01,741.09,,,,,,,0.05,31.47,0.06,65.1,0.07,39.9,0.08,35.29,0.09,31.7,0.95,31.47,0.94,65.1,0.93,39.9,0.92,35.29,0.91,31.7,0.98,10.0,0.99,741.09,,,,,,,0.03,0.03,617.481771,1776164919000
1776164921.223,221.223,0.02,10.0,0.01,741.09,,,,,,,0.05,31.47,0.06,65.1,0.07,39.9,0.08,35.29,0.09,31.7,0.95,31.47,0.94,65.1,0.93,39.9,0.92,35.29,0.91,31.7,0.98,10.0,0.99,741.09,,,,,,,0.03,0.03,617.481771,1776164920000
1776164922.055,222.055,0.02,10.0,0.01,741.09,,,,,,,0.05,31.47,0.06,65.1,0.07,39.9,0.08,35.29,0.09,31.7,0.95,31.47,0.94,65.1,0.93,39.9,0.92,35.29,0.91,31.7,0.98,10.0,0.99,741.09,,,,,,,0.03,0.03,617.48251,1776164921000
1776164922.997,222.997,0.02,10.0,0.01,741.09,,,,,,,0.05,31.47,0.06,65.1,0.07,39.9,0.08,35.29,0.09,31.7,0.95,31.47,0.94,65.1,0.93,39.9,0.92,35.29,0.91,31.7,0.98,10.0,0.99,741.09,,,,,,,0.03,0.03,617.491549,1776164922000
1776164923.922,223.922,0.02,10.0,0.01,741.09,,,,,,,0.05,31.47,0.06,65.1,0.07,39.9,0.08,35.29,0.09,31.7,0.95,31.47,0.94,65.1,0.93,39.9,0.92,35.29,0.91,31.7,0.98,10.0,0.99,741.09,,,,,,,0.03,0.03,617.494253,1776164923000
1776164924.914,224.914,0.02,10.0,0.01,741.09,,,,,,,0.05,31.47,0.06,65.1,0.07,39.9,0.08,35.29,0.09,31.7,0.95,31.47,0.94,65.1,0.93,39.9,0.92,35.29,0.91,31.7,0.98,10.0,0.99,741.09,,,,,,,0.03,0.03,617.55364,1776164924000
1776164925.659,225.659,0.02,12.95,0.01,741.09,,,,,,,0.03,89.3,0.04,67.7,0.05,31.47,0.06,65.1,0.07,39.9,0.95,31.47,0.94,65.1,0.93,39.9,0.92,35.29,0.91,31.7,0.98,10.0,0.99,741.09,,,,,,,0.01,0.03,617.55364,1776164924000
1776164925.914,225.914,0.02,12.95,0.01,741.09,,,,,,,0.03,89.3,0.04,67.7,0.05,31.47,0.06,65.1,0.07,39.9,0.97,89.3,0.96,67.7,0.95,31.47,0.94,65.1,0.93,39.9,0.98,12.95,0.99,741.09,,,,,,,0.01,0.01,617.48668,1776164925000
1776164926.895,226.895,0.02,12.95,0.01,741.09,,,,,,,0.03,89.3,0.04,67.7,0.05,31.47,0.06,65.1,0.07,39.9,0.97,89.3,0.96,67.7,0.95,31.47,0.94,65.1,0.93,39.9,0.98,12.95,0.99,741.09,,,,,,,0.01,0.01,617.492586,1776164926000
1776164927.903,227.903,0.02,12.95,0.01,741.09,,,,,,,0.03,89.3,0.04,67.7,0.05,31.47,0.06,65.1,0.07,39.9,0.97,89.3,0.96,67.7,0.95,31.47,0.94,65.1,0.93,39.9,0.98,12.95,0.99,741.09,,,,,,,0.01,0.01,617.492819,1776164927000
1776164928.786,228.786,0.02,12.95,0.01,741.09,,,,,,,0.03,89.3,0.04,67.7,0.05,31.47,0.06,65.1,0.07,39.9,0.97,89.3,0.96,67.7,0.95,31.47,0.94,65.1,0.93,39.9,0.98,12.95,0.99,741.09,,,,,,,0.01,0.01,617.493893,1776164928000
1776164930.357,230.357,0.02,12.95,0.01,741.09,,,,,,,0.03,89.3,0.04,67.7,0.05,31.47,0.06,65.1,0.07,39.9,0.97,89.3,0.96,67.7,0.95,31.47,0.94,65.1,0.93,39.9,0.98,12.95,0.99,741.09,,,,,,,0.01,0.01,617.516389,1776164929000
1776164930.596,230.596,0.01,741.09,,,,,,,,,0.02,7.25,0.03,89.3,0.04,67.7,0.05,31.47,0.06,46.1,0.97,89.3,0.96,67.7,0.95,31.47,0.94,65.1,0.93,39.9,0.98,12.95,0.99,741.09,,,,,,,0.01,0.01,617.516389,1776164929000
1776164931.271,231.271,0.01,741.09,,,,,,,,,0.02,7.25,0.03,89.3,0.04,67.7,0.05,31.47,0.06,46.1,0.98,7.25,0.97,89.3,0.96,67.7,0.95,31.47,0.94,46.1,0.99,741.09,,,,,,,,,0.01,0.01,617.504778,1776164930000
1776164932.229,232.229,0.01,741.09,,,,,,,,,0.02,7.25,0.03,89.3,0.04,67.7,0.05,31.47,0.06,46.1,0.98,7.25,0.97,89.3,0.96,67.7,0.95,31.47,0.94,46.1,0.99,741.09,,,,,,,,,0.01,0.01,617.499285,1776164931000
1776164933.308,233.308,0.01,741.09,,,,,,,,,0.02,7.25,0.03,89.3,0.04,67.7,0.05,31.47,0.06,46.1,0.98,7.25,0.97,89.3,0.96,67.7,0.95,31.47,0.94,46.1,0.99,741.09,,,,,,,,,0.01,0.01,617.496332,1776164932000
1776164934.524,234.524,0.01,741.09,,,,,,,,,0.02,7.25,0.03,89.3,0.04,67.7,0.05,31.47,0.06,46.1,0.98,7.25,0.97,89.3,0.96,67.7,0.95,31.47,0.94,46.1,0.99,741.09,,,,,,,,,0.01,0.01,617.545051,1776164933000
1776164935.175,235.175,0.01,741.09,,,,,,,,,0.02,7.25,0.03,89.3,0.04,67.7,0.05,31.47,0.06,46.1,0.98,7.25,0.97,89.3,0.96,67.7,0.95,31.47,0.94,46.1,0.99,741.09,,,,,,,,,0.01,0.01,617.481368,1776164934000
1776164936.662,236.662,0.01,741.09,,,,,,,,,0.02,7.25,0.03,89.3,0.04,67.7,0.05,31.47,0.06,46.1,0.98,7.25,0.97,89.3,0.96,67.7,0.95,31.47,0.94,46.1,0.99,741.09,,,,,,,,,0.01,0.01,617.488386,1776164935000
1776164937.326,237.326,0.01,741.09,,,,,,,,,0.02,7.25,0.03,89.3,0.04,67.7,0.05,31.47,0.06,46.1,0.98,7.25,0.97,89.3,0.96,67.7,0.95,31.47,0.94,46.1,0.99,741.09,,,,,,,,,0.01,0.01,617.488472,1776164936000
1776164937.99,237.99,0.01,741.09,,,,,,,,,0.02,7.25,0.03,89.3,0.04,67.7,0.05,31.47,0.06,46.1,0.98,7.25,0.97,89.3,0.96,67.7,0.95,31.47,0.94,46.1,0.99,741.09,,,,,,,,,0.01,0.01,617.506693,1776164937000
1776164939.569,239.569,0.01,741.09,,,,,,,,,0.02,7.25,0.03,89.3,0.04,67.7,0.05,31.47,0.06,46.1,0.98,7.25,0.97,89.3,0.96,67.7,0.95,31.47,0.94,46.1,0.99,741.09,,,,,,,,,0.01,0.01,617.50769,1776164938000
1776164940.38,240.38,0.01,741.09,,,,,,,,,0.02,7.25,0.03,89.3,0.04,67.7,0.05,31.47,0.06,46.1,0.98,7.25,0.97,89.3,0.96,67.7,0.95,31.47,0.94,46.1,0.99,741.09,,,,,,,,,0.01,0.01,617.521263,1776164939000
1776164941.034,241.034,0.01,741.09,,,,,,,,,0.02,7.25,0.03,89.3,0.04,67.7,0.05,31.47,0.06,46.1,0.98,7.25,0.97,89.3,0.96,67.7,0.95,31.47,0.94,46.1,0.99,741.09,,,,,,,,,0.01,0.01,617.52126,1776164940000
1776164942.457,242.457,0.01,741.09,,,,,,,,,0.02,7.25,0.03,89.3,0.04,67.7,0.05,31.47,0.06,46.1,0.98,7.25,0.97,89.3,0.96,67.7,0.95,31.47,0.94,46.1,0.99,741.09,,,,,,,,,0.01,0.01,617.52388,1776164941000
1776164943.233,243.233,0.01,741.09,,,,,,,,,0.02,7.25,0.03,89.3,0.04,67.7,0.05,31.47,0.06,46.1,0.98,7.25,0.97,89.3,0.96,67.7,0.95,31.47,0.94,46.1,0.99,741.09,,,,,,,,,0.01,0.01,617.52474,1776164942000
1776164944.334,244.334,0.01,730.09,,,,,,,,,0.02,139.94,0.03,89.3,0.04,67.7,0.05,31.47,0.06,46.1,0.98,7.25,0.97,89.3,0.96,67.7,0.95,31.47,0.94,46.1,0.99,741.09,,,,,,,,,0.01,0.01,617.52474,1776164942000
1776164944.852,244.852,0.01,730.09,,,,,,,,,0.02,139.94,0.03,89.3,0.04,67.7,0.05,31.47,0.06,46.1,0.98,139.94,0.97,89.3,0.96,67.7,0.95,31.47,0.94,46.1,0.99,730.09,,,,,,,,,0.01,0.01,617.52475,1776164943000
1776164945.693,245.693,0.01,730.09,,,,,,,,,0.02,139.94,0.03,89.3,0.04,67.7,0.05,31.47,0.06,46.1,0.98,139.94,0.97,89.3,0.96,67.7,0.95,31.47,0.94,46.1,0.99,730.09,,,,,,,,,0.01,0.01,617.52519,1776164944000
1776164946.445,246.445,0.01,730.09,,,,,,,,,0.02,139.94,0.03,89.3,0.04,67.7,0.05,31.47,0.06,46.1,0.98,139.94,0.97,89.3,0.96,67.7,0.95,31.47,0.94,46.1,0.99,730.09,,,,,,,,,0.01,0.01,617.5254,1776164945000
1776164947.206,247.206,0.01,730.09,,,,,,,,,0.02,139.94,0.03,89.3,0.04,67.7,0.05,31.47,0.06,46.1,0.98,139.94,0.97,89.3,0.96,67.7,0.95,31.47,0.94,46.1,0.99,730.09,,,,,,,,,0.01,0.01,617.49987,1776164946000
1776164948.761,248.761,0.01,730.09,,,,,,,,,0.02,139.94,0.03,89.3,0.04,67.7,0.05,31.47,0.06,46.1,0.98,139.94,0.97,89.3,0.96,67.7,0.95,31.47,0.94,46.1,0.99,730.09,,,,,,,,,0.01,0.01,617.51131,1776164947000
1776164949.606,249.606,0.01,730.09,,,,,,,,,0.02,139.94,0.03,89.3,0.04,67.7,0.05,31.47,0.06,46.1,0.98,139.94,0.97,89.3,0.96,67.7,0.95,31.47,0.94,46.1,0.99,730.09,,,,,,,,,0.01,0.01,617.5192,1776164948000
1776164949.806,249.806,0.01,609.09,,,,,,,,,0.02,139.94,0.03,99.3,0.04,67.7,0.05,241.47,0.06,46.1,0.98,139.94,0.97,89.3,0.96,67.7,0.95,31.47,0.94,46.1,0.99,730.09,,,,,,,,,0.01,0.01,617.5192,1776164948000
1776164950.423,250.423,0.01,609.09,,,,,,,,,0.02,139.94,0.03,99.3,0.04,67.7,0.05,241.47,0.06,46.1,0.98,139.94,0.97,99.3,0.96,67.7,0.95,241.47,0.94,46.1,0.99,609.09,,,,,,,,,0.01,0.01,617.52667,1776164949000
1776164951.099,251.099,0.01,603.02,,,,,,,,,0.02,150.04,0.03,99.3,0.04,67.7,0.05,241.47,0.06,46.1,0.98,139.94,0.97,99.3,0.96,67.7,0.95,241.47,0.94,46.1,0.99,609.09,,,,,,,,,0.01,0.01,617.52667,1776164949000
1776164951.7,251.7,0.01,602.0,,,,,,,,,0.02,150.04,0.03,99.3,0.04,67.7,0.05,241.47,0.06,46.1,0.98,150.04,0.97,99.3,0.96,67.7,0.95,241.47,0.94,46.1,0.99,603.02,,,,,,,,,0.01,0.01,617.52674,1776164950000
1776164953.345,253.345,0.01,602.0,,,,,,,,,0.02,150.04,0.03,99.3,0.04,67.7,0.05,241.47,0.06,46.1,0.98,150.04,0.97,99.3,0.96,67.7,0.95,241.47,0.94,46.1,0.99,602.0,,,,,,,,,0.01,0.01,617.20034,1776164952000
1776164953.865,253.865,0.01,602.0,,,,,,,,,0.02,150.04,0.03,99.3,0.04,67.7,0.05,241.47,0.06,46.1,0.98,150.04,0.97,99.3,0.96,67.7,0.95,241.47,0.94,46.1,0.99,602.0,,,,,,,,,0.01,0.01,617.20697,1776164953000
1776164954.464,254.464,0.01,581.79,,,,,,,,,0.02,150.04,0.03,99.3,0.04,67.7,0.05,241.47,0.06,46.1,0.98,150.04,0.97,99.3,0.96,67.7,0.95,241.47,0.94,46.1,0.99,602.0,,,,,,,,,0.01,0.01,617.20697,1776164953000
1776164955.05,255.05,0.01,581.79,,,,,,,,,0.02,150.04,0.03,99.3,0.04,67.7,0.05,241.47,0.06,46.1,0.98,150.04,0.97,99.3,0.96,67.7,0.95,241.47,0.94,46.1,0.99,581.79,,,,,,,,,0.01,0.01,617.18875,1776164954000
1776164955.629,255.629,0.01,471.51,,,,,,,,,0.02,150.04,0.03,99.3,0.04,67.7,0.05,241.47,0.06,46.1,0.98,150.04,0.97,99.3,0.96,67.7,0.95,241.47,0.94,46.1,0.99,576.74,,,,,,,,,0.01,0.01,617.18875,1776164954000
1776164956.15,256.15,0.01,471.51,,,,,,,,,0.02,150.04,0.03,99.3,0.04,67.7,0.05,241.47,0.06,46.1,0.98,150.04,0.97,99.3,0.96,67.7,0.95,241.47,0.94,46.1,0.99,471.51,,,,,,,,,0.01,0.01,617.18586,1776164955000
1776164956.771,256.771,0.01,373.51,,,,,,,,,0.02,150.04,0.03,99.3,0.04,67.7,0.05,241.47,0.06,46.1,0.98,150.04,0.97,99.3,0.96,67.7,0.95,241.47,0.94,46.1,0.99,471.51,,,,,,,,,0.01,0.01,617.18586,1776164955000
1776164957.33,257.33,0.01,275.51,,,,,,,,,0.02,150.04,0.03,99.3,0.04,67.7,0.05,241.47,0.06,46.1,0.98,150.04,0.97,99.3,0.96,67.7,0.95,241.47,0.94,46.1,0.99,275.51,,,,,,,,,0.01,0.01,617.1867,1776164956000
1776164957.886,257.886,0.01,260.51,,,,,,,,,0.02,150.04,0.03,99.3,0.04,67.7,0.05,241.47,0.06,46.1,0.98,150.04,0.97,99.3,0.96,67.7,0.95,241.47,0.94,46.1,0.99,275.51,,,,,,,,,0.01,0.01,617.1867,1776164956000
1776164958.977,258.977,0.01,260.51,,,,,,,,,0.02,150.04,0.03,99.3,0.04,67.7,0.05,241.47,0.06,46.1,0.98,150.04,0.97,99.3,0.96,67.7,0.95,241.47,0.94,46.1,0.99,260.51,,,,,,,,,0.01,0.01,617.18583,1776164958000
1776164960.06,260.06,0.01,260.51,,,,,,,,,0.02,150.04,0.03,99.3,0.04,67.7,0.05,241.47,0.06,46.1,0.98,150.04,0.97,99.3,0.96,67.7,0.95,241.47,0.94,46.1,0.99,260.51,,,,,,,,,0.01,0.01,617.18934,1776164959000
1776164961.158,261.158,0.01,260.51,,,,,,,,,0.02,150.04,0.03,99.3,0.04,67.7,0.05,241.47,0.06,46.1,0.98,150.04,0.97,99.3,0.96,67.7,0.95,241.47,0.94,46.1,0.99,260.51,,,,,,,,,0.01,0.01,617.17408,1776164960000
1776164962.323,262.323,0.01,260.51,,,,,,,,,0.02,150.04,0.03,99.3,0.04,67.7,0.05,241.47,0.06,46.1,0.98,150.04,0.97,99.3,0.96,67.7,0.95,241.47,0.94,46.1,0.99,260.51,,,,,,,,,0.01,0.01,617.1808,1776164961000
1776164962.811,262.811,0.01,260.51,,,,,,,,,0.02,150.04,0.03,99.3,0.04,67.7,0.05,241.47,0.06,46.1,0.98,150.04,0.97,99.3,0.96,67.7,0.95,241.47,0.94,46.1,0.99,260.51,,,,,,,,,0.01,0.01,617.18795,1776164962000
1776164963.308,263.308,0.01,159.51,,,,,,,,,0.02,150.04,0.03,99.3,0.04,67.7,0.05,241.47,0.06,46.1,0.98,150.04,0.97,99.3,0.96,67.7,0.95,241.47,0.94,46.1,0.99,260.51,,,,,,,,,0.01,0.01,617.18795,1776164962000
1776164963.686,263.686,0.01,156.47,,,,,,,,,0.02,150.04,0.03,99.3,0.04,67.7,0.05,241.47,0.06,46.1,0.98,150.04,0.97,99.3,0.96,67.7,0.95,241.47,0.94,46.1,0.99,159.51,,,,,,,,,0.01,0.01,617.18795,1776164962000
1776164963.889,263.889,0.01,156.47,,,,,,,,,0.02,150.04,0.03,99.3,0.04,67.7,0.05,241.47,0.06,46.1,0.98,150.04,0.97,99.3,0.96,67.7,0.95,241.47,0.94,46.1,0.99,156.47,,,,,,,,,0.01,0.01,617.205855,1776164963000
1776164964.951,264.951,0.01,156.47,,,,,,,,,0.02,150.04,0.03,99.3,0.04,67.7,0.05,241.47,0.06,46.1,0.98,150.04,0.97,99.3,0.96,67.7,0.95,241.47,0.94,46.1,0.99,156.47,,,,,,,,,0.01,0.01,617.22033,1776164964000
1776164965.926,265.926,0.01,136.47,,,,,,,,,0.02,155.04,0.03,99.3,0.04,67.7,0.05,241.47,0.06,46.1,0.98,150.04,0.97,99.3,0.96,67.7,0.95,241.47,0.94,46.1,0.99,156.47,,,,,,,,,0.01,0.01,617.22033,1776164964000
1776164967.612,267.612,0.01,136.47,,,,,,,,,0.02,155.04,0.03,99.3,0.04,67.7,0.05,241.47,0.06,46.1,0.98,155.04,0.97,99.3,0.96,67.7,0.95,241.47,0.94,46.1,0.99,136.47,,,,,,,,,0.01,0.01,617.185538,1776164966000
1776164968.094,268.094,0.01,136.47,,,,,,,,,0.02,155.04,0.03,99.3,0.04,67.7,0.05,241.47,0.06,46.1,0.98,155.04,0.97,99.3,0.96,67.7,0.95,241.47,0.94,46.1,0.99,136.47,,,,,,,,,0.01,0.01,617.2525,1776164967000
1776164969.195,269.195,0.01,136.47,,,,,,,,,0.02,155.04,0.03,99.3,0.04,67.7,0.05,241.47,0.06,46.1,0.98,155.04,0.97,99.3,0.96,67.7,0.95,241.47,0.94,46.1,0.99,136.47,,,,,,,,,0.01,0.01,617.195856,1776164968000
1776164970.045,270.045,0.01,136.47,,,,,,,,,0.02,155.04,0.03,99.3,0.04,67.7,0.05,241.47,0.06,46.1,0.98,155.04,0.97,99.3,0.96,67.7,0.95,241.47,0.94,46.1,0.99,136.47,,,,,,,,,0.01,0.01,617.195856,1776164969000
1776164970.395,270.395,0.01,136.42,,,,,,,,,0.02,155.04,0.03,89.3,0.04,67.7,0.05,241.47,0.06,46.1,0.98,155.04,0.97,99.3,0.96,67.7,0.95,241.47,0.94,46.1,0.99,136.47,,,,,,,,,0.01,0.01,617.195856,1776164969000
1776164970.622,270.622,0.01,128.79,,,,,,,,,0.02,155.04,0.03,99.3,0.04,67.7,0.05,241.47,0.06,46.1,0.98,155.04,0.97,89.3,0.96,67.7,0.95,241.47,0.94,46.1,0.99,136.42,,,,,,,,,0.01,0.01,617.195856,1776164969000
1776164971.055,271.055,0.01,27.78,,,,,,,,,0.02,155.04,0.03,99.3,0.04,67.7,0.05,241.47,0.06,46.1,0.98,155.04,0.97,99.3,0.96,67.7,0.95,241.47,0.94,46.1,0.99,27.78,,,,,,,,,0.01,0.01,617.195186,1776164970000
1776164972.006,272.006,0.01,27.78,,,,,,,,,0.02,155.04,0.03,99.3,0.04,67.7,0.05,241.47,0.06,46.1,0.98,155.04,0.97,99.3,0.96,67.7,0.95,241.47,0.94,46.1,0.99,27.78,,,,,,,,,0.01,0.01,617.224864,1776164971000
1776164972.973,272.973,,,,,,,,,,,0.01,59.06,0.02,155.04,0.03,99.3,0.04,67.7,0.05,241.47,0.99,59.06,0.98,155.04,0.97,99.3,0.96,67.7,0.95,241.47,,,,,,,,,,,,,617.228018,1776164972000
1776164973.883,273.883,,,,,,,,,,,0.01,59.06,0.02,155.04,0.03,99.3,0.04,67.7,0.05,241.47,0.99,59.06,0.98,155.04,0.97,99.3,0.96,67.7,0.95,241.47,,,,,,,,,,,,,617.267186,1776164973000
1776164974.876,274.876,,,,,,,,,,,0.01,59.06,0.02,155.04,0.03,99.3,0.04,67.7,0.05,241.47,0.99,59.06,0.98,155.04,0.97,99.3,0.96,67.7,0.95,241.47,,,,,,,,,,,,,617.263882,1776164974000
1776164975.833,275.833,,,,,,,,,,,0.01,59.06,0.02,155.04,0.03,99.3,0.04,67.7,0.05,241.47,0.99,59.06,0.98,155.04,0.97,99.3,0.96,67.7,0.95,241.47,,,,,,,,,,,,,617.2704,1776164975000
1776164976.922,276.922,,,,,,,,,,,0.01,59.06,0.02,155.04,0.03,99.3,0.04,67.7,0.05,241.47,0.99,59.06,0.98,155.04,0.97,99.3,0.96,67.7,0.95,241.47,,,,,,,,,,,,,617.26884,1776164976000
1776164977.811,277.811,,,,,,,,,,,0.01,59.06,0.02,155.04,0.03,99.3,0.04,67.7,0.05,241.47,0.99,59.06,0.98,155.04,0.97,99.3,0.96,67.7,0.95,241.47,,,,,,,,,,,,,617.257148,1776164977000
1776164979.278,279.278,,,,,,,,,,,0.01,59.06,0.02,155.04,0.03,99.3,0.04,67.7,0.05,241.47,0.99,59.06,0.98,155.04,0.97,99.3,0.96,67.7,0.95,241.47,,,,,,,,,,,,,617.273929,1776164978000
1776164980.166,280.166,,,,,,,,,,,0.01,59.06,0.02,155.04,0.03,99.3,0.04,67.7,0.05,241.47,0.99,59.06,0.98,155.04,0.97,99.3,0.96,67.7,0.95,241.47,,,,,,,,,,,,,617.273929,1776164979000
1776164981.202,281.202,,,,,,,,,,,0.01,59.06,0.02,155.04,0.03,99.3,0.04,67.7,0.05,241.47,0.99,59.06,0.98,155.04,0.97,99.3,0.96,67.7,0.95,241.47,,,,,,,,,,,,,617.266881,1776164980000
1776164982.298,282.298,,,,,,,,,,,0.01,59.06,0.02,155.04,0.03,99.3,0.04,67.7,0.05,241.47,0.99,59.06,0.98,155.04,0.97,99.3,0.96,67.7,0.95,241.47,,,,,,,,,,,,,617.260762,1776164981000
1776164983.405,283.405,,,,,,,,,,,0.01,59.06,0.02,155.04,0.03,99.3,0.04,67.7,0.05,241.47,0.99,59.06,0.98,155.04,0.97,99.3,0.96,67.7,0.95,241.47,,,,,,,,,,,,,617.286,1776164982000
1776164983.968,283.968,,,,,,,,,,,0.01,59.06,0.02,155.04,0.03,99.3,0.04,67.7,0.05,241.47,0.99,59.06,0.98,155.04,0.97,99.3,0.96,67.7,0.95,241.47,,,,,,,,,,,,,617.286,1776164983000
1776164985.087,285.087,,,,,,,,,,,0.01,59.06,0.02,155.04,0.03,99.3,0.04,67.7,0.05,241.47,0.99,59.06,0.98,155.04,0.97,99.3,0.96,67.7,0.95,241.47,,,,,,,,,,,,,617.275495,1776164984000
1776164986.224,286.224,,,,,,,,,,,0.01,59.06,0.02,155.04,0.03,99.3,0.04,67.7,0.05,241.47,0.99,59.06,0.98,155.04,0.97,99.3,0.96,67.7,0.95,241.47,,,,,,,,,,,,,617.274723,1776164985000
1776164987.257,287.257,,,,,,,,,,,0.01,59.06,0.02,155.04,0.03,99.3,0.04,67.7,0.05,241.47,0.99,59.06,0.98,155.04,0.97,99.3,0.96,67.7,0.95,241.47,,,,,,,,,,,,,617.272,1776164986000
1776164987.902,287.902,,,,,,,,,,,0.01,59.06,0.02,155.04,0.03,99.3,0.04,67.7,0.05,241.47,0.99,59.06,0.98,155.04,0.97,99.3,0.96,67.7,0.95,241.47,,,,,,,,,,,,,617.272,1776164987000
1776164989.093,289.093,,,,,,,,,,,0.01,59.06,0.02,155.04,0.03,99.3,0.04,67.7,0.05,241.47,0.99,59.06,0.98,155.04,0.97,99.3,0.96,67.7,0.95,241.47,,,,,,,,,,,,,617.244366,1776164988000
1776164990.206,290.206,,,,,,,,,,,0.01,59.06,0.02,155.04,0.03,99.3,0.04,67.7,0.05,241.47,0.99,59.06,0.98,155.04,0.97,99.3,0.96,67.7,0.95,241.47,,,,,,,,,,,,,617.26,1776164989000
1776164991.346,291.346,,,,,,,,,,,0.01,59.06,0.02,155.04,0.03,99.3,0.04,67.7,0.05,241.47,0.99,59.06,0.98,155.04,0.97,99.3,0.96,67.7,0.95,241.47,,,,,,,,,,,,,617.294,1776164990000
1776164991.953,291.953,,,,,,,,,,,0.01,59.06,0.02,155.04,0.03,99.3,0.04,67.7,0.05,241.47,0.99,59.06,0.98,155.04,0.97,99.3,0.96,67.7,0.95,241.47,,,,,,,,,,,,,617.294,1776164991000
1776164993.008,293.008,,,,,,,,,,,0.01,59.06,0.02,155.04,0.03,99.3,0.04,67.7,0.05,241.47,0.99,59.06,0.98,155.04,0.97,99.3,0.96,67.7,0.95,241.47,,,,,,,,,,,,,617.303091,1776164992000
1776164995.033,295.033,,,,,,,,,,,0.01,59.06,0.02,155.04,0.03,99.3,0.04,67.7,0.05,241.47,0.99,59.06,0.98,155.04,0.97,99.3,0.96,67.7,0.95,241.47,,,,,,,,,,,,,617.316877,1776164993000
1776164995.905,295.905,,,,,,,,,,,0.01,59.06,0.02,155.04,0.03,99.3,0.04,67.7,0.05,241.47,0.99,59.06,0.98,155.04,0.97,99.3,0.96,67.7,0.95,241.47,,,,,,,,,,,,,617.324,1776164994000
1776164996.74,296.74,,,,,,,,,,,0.01,59.06,0.02,155.04,0.03,99.3,0.04,67.7,0.05,241.47,0.99,59.06,0.98,155.04,0.97,99.3,0.96,67.7,0.95,241.47,,,,,,,,,,,,,617.327,1776164995000
1776164997.657,297.657,,,,,,,,,,,0.01,59.06,0.02,155.04,0.03,99.3,0.04,67.7,0.05,241.47,0.99,59.06,0.98,155.04,0.97,99.3,0.96,67.7,0.95,241.47,,,,,,,,,,,,,617.326,1776164996000
1776164998.588,298.588,,,,,,,,,,,0.01,59.06,0.02,155.04,0.03,99.3,0.04,67.7,0.05,241.47,0.99,59.06,0.98,155.04,0.97,99.3,0.96,67.7,0.95,241.47,,,,,,,,,,,,,617.333,1776164997000
1776164999.361,299.361,,,,,,,,,,,0.01,59.06,0.02,155.04,0.03,99.3,0.04,67.7,0.05,241.47,0.99,59.06,0.98,155.04,0.97,99.3,0.96,67.7,0.95,241.47,,,,,,,,,,,,,617.336,1776164998000
1776165000.098,300.098,,,,,,,,,,,0.01,59.06,0.02,155.04,0.03,99.3,0.04,67.7,0.05,241.47,0.99,59.06,0.98,155.04,0.97,99.3,0.96,67.7,0.95,241.47,,,,,,,,,,,,,617.336,1776164999000

# RESULT,winner=Down,slug=bnb-updown-5m-1776164700,ticks=317
