timestamp,elapsed_sec,up_bid_p1,up_bid_s1,up_bid_p2,up_bid_s2,up_ask_p1,up_ask_s1,up_ask_p2,up_ask_s2,down_bid_p1,down_bid_s1,down_bid_p2,down_bid_s2,down_ask_p1,down_ask_s1,down_ask_p2,down_ask_s2,up_spread,down_spread,bnb_price,bnb_oracle_ts
1776214501.256,1.256,,,,,,,,,,,,,,,,,,,616.316319,1776214500000
1776214501.491,1.491,0.5,5.0,0.33,300.0,0.67,300.0,0.69,375.0,0.33,300.0,0.31,375.0,0.5,5.0,0.67,300.0,0.17,0.17,616.316319,1776214500000
1776214501.852,1.852,0.5,5.0,0.33,300.0,0.67,300.0,0.69,375.0,0.33,300.0,0.31,375.0,0.5,5.0,0.67,300.0,0.17,0.17,616.316319,1776214500000
1776214502.218,2.218,0.5,5.0,0.33,300.0,0.67,300.0,0.69,375.0,0.33,300.0,0.31,375.0,0.5,5.0,0.67,300.0,0.17,0.17,616.308669,1776214501000
1776214503.189,3.189,0.5,5.0,0.33,300.0,0.67,300.0,0.69,375.0,0.33,300.0,0.31,375.0,0.5,5.0,0.67,300.0,0.17,0.17,616.310218,1776214502000
1776214504.151,4.151,0.5,5.0,0.33,300.0,0.67,300.0,0.69,375.0,0.33,300.0,0.31,375.0,0.5,5.0,0.67,300.0,0.17,0.17,616.310211,1776214503000
1776214505.216,5.216,0.5,5.0,0.33,300.0,0.67,300.0,0.69,375.0,0.33,300.0,0.31,375.0,0.5,5.0,0.67,300.0,0.17,0.17,616.305966,1776214504000
1776214506.185,6.185,0.5,5.0,0.33,300.0,0.67,300.0,0.69,375.0,0.33,300.0,0.31,375.0,0.5,5.0,0.67,300.0,0.17,0.17,616.305935,1776214505000
1776214507.179,7.179,0.5,5.0,0.33,300.0,0.67,300.0,0.69,375.0,0.33,300.0,0.31,375.0,0.5,5.0,0.67,300.0,0.17,0.17,616.305965,1776214506000
1776214507.407,7.407,0.51,4.74,0.5,5.0,0.52,6.0,0.54,10.0,0.33,300.0,0.31,375.0,0.5,5.0,0.67,300.0,0.01,0.17,616.305965,1776214506000
1776214508.213,8.213,0.51,4.74,0.5,5.0,0.52,1.0,0.54,10.0,0.48,1.0,0.46,10.0,0.49,4.74,0.5,5.0,0.01,0.01,616.293384,1776214507000
1776214509.315,9.315,0.51,4.74,0.5,5.0,0.52,1.0,0.54,10.0,0.48,1.0,0.46,10.0,0.49,4.74,0.5,5.0,0.01,0.01,616.31601,1776214508000
1776214510.314,10.314,0.51,4.74,0.5,5.0,0.52,1.0,0.54,10.0,0.48,1.0,0.46,10.0,0.49,4.74,0.5,5.0,0.01,0.01,616.38431,1776214509000
1776214511.301,11.301,0.51,4.74,0.5,5.0,0.52,1.0,0.54,10.0,0.48,1.0,0.46,10.0,0.49,4.74,0.5,5.0,0.01,0.01,616.396601,1776214510000
1776214511.818,11.818,0.51,4.74,0.5,5.0,0.52,1.0,0.54,10.0,0.48,1.0,0.46,10.0,0.49,4.74,0.5,5.0,0.01,0.01,616.380595,1776214511000
1776214513.452,13.452,0.51,4.74,0.5,5.0,0.52,1.0,0.54,10.0,0.48,1.0,0.46,10.0,0.49,4.74,0.5,5.0,0.01,0.01,616.379595,1776214512000
1776214513.996,13.996,0.51,4.74,0.5,5.0,0.52,1.0,0.54,10.0,0.48,1.0,0.46,10.0,0.49,4.74,0.5,5.0,0.01,0.01,616.37875,1776214513000
1776214514.198,14.198,0.42,41.0,0.41,50.0,0.52,0.94,0.59,10.0,0.48,1.0,0.46,10.0,0.49,4.74,0.5,5.0,0.1,0.01,616.37875,1776214513000
1776214515.007,15.007,0.42,41.0,0.41,50.0,0.52,0.94,0.59,10.0,0.48,0.94,0.41,10.0,0.58,41.0,0.59,50.0,0.1,0.1,616.380875,1776214514000
1776214516.059,16.059,0.42,41.0,0.41,50.0,0.52,0.94,0.59,10.0,0.48,0.94,0.41,10.0,0.58,41.0,0.59,50.0,0.1,0.1,616.378,1776214515000
1776214517.071,17.071,0.42,41.0,0.41,50.0,0.52,0.94,0.59,10.0,0.48,0.94,0.41,10.0,0.58,41.0,0.59,50.0,0.1,0.1,616.372,1776214516000
1776214518.051,18.051,0.5,5.0,0.47,5.0,0.59,5.0,0.61,5.0,0.41,5.0,0.39,5.0,0.5,5.0,0.53,5.0,0.09,0.09,616.426,1776214517000
1776214519.019,19.019,0.5,5.0,0.47,5.0,0.59,5.0,0.61,5.0,0.41,5.0,0.39,5.0,0.5,5.0,0.53,5.0,0.09,0.09,616.38509,1776214518000
1776214520.064,20.064,0.5,5.0,0.47,5.0,0.59,5.0,0.61,5.0,0.41,5.0,0.39,5.0,0.5,5.0,0.53,5.0,0.09,0.09,616.384867,1776214519000
1776214521.088,21.088,0.5,5.0,0.47,5.0,0.59,5.0,0.61,5.0,0.41,5.0,0.39,5.0,0.5,5.0,0.53,5.0,0.09,0.09,616.384377,1776214520000
1776214522.103,22.103,0.5,5.0,0.47,5.0,0.59,5.0,0.61,5.0,0.41,5.0,0.39,5.0,0.5,5.0,0.53,5.0,0.09,0.09,616.403,1776214521000
1776214523.006,23.006,0.5,5.0,0.47,5.0,0.59,5.0,0.61,5.0,0.41,5.0,0.39,5.0,0.5,5.0,0.53,5.0,0.09,0.09,616.401,1776214522000
1776214524.092,24.092,0.5,5.0,0.47,5.0,0.59,5.0,0.61,5.0,0.41,5.0,0.39,5.0,0.5,5.0,0.53,5.0,0.09,0.09,616.418,1776214523000
1776214525.086,25.086,0.5,5.0,0.47,5.0,0.59,5.0,0.61,5.0,0.41,5.0,0.39,5.0,0.5,5.0,0.53,5.0,0.09,0.09,616.412,1776214524000
1776214526.18,26.18,0.5,5.0,0.47,5.0,0.59,5.0,0.61,5.0,0.41,5.0,0.39,5.0,0.5,5.0,0.53,5.0,0.09,0.09,616.442768,1776214525000
1776214527.034,27.034,0.5,5.0,0.47,5.0,0.59,5.0,0.61,5.0,0.41,5.0,0.39,5.0,0.5,5.0,0.53,5.0,0.09,0.09,616.445657,1776214526000
1776214527.921,27.921,0.5,5.0,0.47,5.0,0.59,5.0,0.61,5.0,0.41,5.0,0.39,5.0,0.5,5.0,0.53,5.0,0.09,0.09,616.44533,1776214527000
1776214528.948,28.948,0.5,5.0,0.47,5.0,0.59,5.0,0.61,5.0,0.41,5.0,0.39,5.0,0.5,5.0,0.53,5.0,0.09,0.09,616.442313,1776214528000
1776214529.889,29.889,0.5,5.0,0.47,5.0,0.59,5.0,0.61,5.0,0.41,5.0,0.39,5.0,0.5,5.0,0.53,5.0,0.09,0.09,616.442189,1776214529000
1776214530.821,30.821,0.5,5.0,0.47,5.0,0.59,5.0,0.61,5.0,0.41,5.0,0.39,5.0,0.5,5.0,0.53,5.0,0.09,0.09,616.468868,1776214530000
1776214532.251,32.251,0.5,5.0,0.47,5.0,0.59,5.0,0.61,5.0,0.41,5.0,0.39,5.0,0.5,5.0,0.53,5.0,0.09,0.09,616.469602,1776214531000
1776214533.131,33.131,0.5,5.0,0.47,5.0,0.59,5.0,0.61,5.0,0.41,5.0,0.39,5.0,0.5,5.0,0.53,5.0,0.09,0.09,616.473281,1776214532000
1776214534.036,34.036,0.5,5.0,0.47,5.0,0.59,5.0,0.61,5.0,0.41,5.0,0.39,5.0,0.5,5.0,0.53,5.0,0.09,0.09,616.473285,1776214533000
1776214535.071,35.071,0.5,5.0,0.47,5.0,0.59,5.0,0.61,5.0,0.41,5.0,0.39,5.0,0.5,5.0,0.53,5.0,0.09,0.09,616.473499,1776214534000
1776214536.075,36.075,0.5,5.0,0.47,5.0,0.59,5.0,0.61,5.0,0.41,5.0,0.39,5.0,0.5,5.0,0.53,5.0,0.09,0.09,616.508445,1776214535000
1776214536.992,36.992,0.5,5.0,0.47,5.0,0.59,5.0,0.61,5.0,0.41,5.0,0.39,5.0,0.5,5.0,0.53,5.0,0.09,0.09,616.51,1776214536000
1776214538.443,38.443,0.5,5.0,0.47,5.0,0.59,5.0,0.61,5.0,0.41,5.0,0.39,5.0,0.5,5.0,0.53,5.0,0.09,0.09,616.499,1776214537000
1776214538.983,38.983,0.5,5.0,0.47,5.0,0.59,5.0,0.61,5.0,0.41,5.0,0.39,5.0,0.5,5.0,0.53,5.0,0.09,0.09,616.499,1776214538000
1776214540.132,40.132,0.5,5.0,0.47,5.0,0.59,5.0,0.61,5.0,0.41,5.0,0.39,5.0,0.5,5.0,0.53,5.0,0.09,0.09,616.51805,1776214539000
1776214541.185,41.185,0.5,5.0,0.47,5.0,0.59,5.0,0.61,5.0,0.41,5.0,0.39,5.0,0.5,5.0,0.53,5.0,0.09,0.09,616.519005,1776214540000
1776214542.201,42.201,0.5,5.0,0.47,5.0,0.59,5.0,0.61,5.0,0.41,5.0,0.39,5.0,0.5,5.0,0.53,5.0,0.09,0.09,616.521282,1776214541000
1776214543.249,43.249,0.5,5.0,0.47,5.0,0.59,5.0,0.61,5.0,0.41,5.0,0.39,5.0,0.5,5.0,0.53,5.0,0.09,0.09,616.52129,1776214542000
1776214544.349,44.349,0.5,5.0,0.47,5.0,0.59,5.0,0.61,5.0,0.41,5.0,0.39,5.0,0.5,5.0,0.53,5.0,0.09,0.09,616.520792,1776214543000
1776214544.905,44.905,0.5,5.0,0.47,5.0,0.59,5.0,0.61,5.0,0.41,5.0,0.39,5.0,0.5,5.0,0.53,5.0,0.09,0.09,616.520941,1776214544000
1776214545.919,45.919,0.5,5.0,0.47,5.0,0.59,5.0,0.61,5.0,0.41,5.0,0.39,5.0,0.5,5.0,0.53,5.0,0.09,0.09,616.544436,1776214545000
1776214546.927,46.927,0.5,5.0,0.47,5.0,0.59,5.0,0.61,5.0,0.41,5.0,0.39,5.0,0.5,5.0,0.53,5.0,0.09,0.09,616.595352,1776214546000
1776214547.983,47.983,0.5,5.0,0.47,5.0,0.59,5.0,0.61,5.0,0.41,5.0,0.39,5.0,0.5,5.0,0.53,5.0,0.09,0.09,616.59094,1776214547000
1776214549.042,49.042,0.5,5.0,0.47,5.0,0.59,5.0,0.61,5.0,0.41,5.0,0.39,5.0,0.5,5.0,0.53,5.0,0.09,0.09,616.590937,1776214548000
1776214550.039,50.039,0.5,5.0,0.47,5.0,0.59,5.0,0.61,5.0,0.41,5.0,0.39,5.0,0.5,5.0,0.53,5.0,0.09,0.09,616.590661,1776214549000
1776214551.124,51.124,0.5,5.0,0.47,5.0,0.59,5.0,0.61,5.0,0.41,5.0,0.39,5.0,0.5,5.0,0.53,5.0,0.09,0.09,616.587013,1776214550000
1776214552.091,52.091,0.5,5.0,0.47,5.0,0.59,5.0,0.61,5.0,0.41,5.0,0.39,5.0,0.5,5.0,0.53,5.0,0.09,0.09,616.587013,1776214551000
1776214553.149,53.149,0.5,5.0,0.47,5.0,0.59,5.0,0.61,5.0,0.41,5.0,0.39,5.0,0.5,5.0,0.53,5.0,0.09,0.09,616.585007,1776214552000
1776214554.29,54.29,0.5,5.0,0.47,5.0,0.59,5.0,0.61,5.0,0.41,5.0,0.39,5.0,0.5,5.0,0.53,5.0,0.09,0.09,616.592052,1776214553000
1776214555.541,55.541,0.5,5.0,0.47,5.0,0.59,5.0,0.61,5.0,0.41,5.0,0.39,5.0,0.5,5.0,0.53,5.0,0.09,0.09,616.618,1776214554000
1776214556.134,56.134,0.5,5.0,0.47,5.0,0.59,5.0,0.61,5.0,0.41,5.0,0.39,5.0,0.5,5.0,0.53,5.0,0.09,0.09,616.622,1776214555000
1776214557.222,57.222,0.5,5.0,0.47,5.0,0.59,5.0,0.61,5.0,0.41,5.0,0.39,5.0,0.5,5.0,0.53,5.0,0.09,0.09,616.626,1776214556000
1776214557.464,57.464,0.65,5.0,0.62,10.0,0.72,5.0,0.77,5.0,0.41,5.0,0.39,5.0,0.5,5.0,0.53,5.0,0.07,0.09,616.626,1776214556000
1776214558.314,58.314,0.65,5.0,0.62,10.0,0.72,5.0,0.77,5.0,0.28,5.0,0.23,5.0,0.35,5.0,0.38,10.0,0.07,0.07,616.622,1776214557000
1776214558.859,58.859,0.65,5.0,0.62,10.0,0.72,5.0,0.77,5.0,0.28,5.0,0.23,5.0,0.35,5.0,0.38,10.0,0.07,0.07,616.626,1776214558000
1776214559.187,59.187,0.67,5.0,0.66,10.0,0.74,5.0,0.78,5.0,0.28,5.0,0.23,5.0,0.35,5.0,0.38,10.0,0.07,0.07,616.626,1776214558000
1776214559.943,59.943,0.67,5.0,0.66,10.0,0.74,5.0,0.78,5.0,0.26,5.0,0.22,5.0,0.33,5.0,0.34,10.0,0.07,0.07,616.626,1776214559000
1776214561.12,61.12,0.67,5.0,0.66,10.0,0.74,5.0,0.78,5.0,0.26,5.0,0.22,5.0,0.33,5.0,0.34,10.0,0.07,0.07,616.624,1776214560000
1776214562.248,62.248,0.67,5.0,0.66,10.0,0.74,5.0,0.78,5.0,0.26,5.0,0.22,5.0,0.33,5.0,0.34,10.0,0.07,0.07,616.645,1776214561000
1776214562.559,62.559,0.69,5.0,0.67,15.0,0.73,1.69,0.76,5.0,0.26,5.0,0.22,5.0,0.33,5.0,0.34,10.0,0.04,0.07,616.645,1776214561000
1776214563.296,63.296,0.69,5.0,0.67,15.0,0.73,1.69,0.76,5.0,0.27,1.69,0.24,5.0,0.31,5.0,0.33,15.0,0.04,0.04,616.645,1776214562000
1776214563.92,63.92,0.69,5.0,0.67,15.0,0.73,1.69,0.76,5.0,0.27,1.69,0.24,5.0,0.31,5.0,0.33,15.0,0.04,0.04,616.663,1776214563000
1776214565.045,65.045,0.69,5.0,0.67,15.0,0.73,1.69,0.76,5.0,0.27,1.69,0.24,5.0,0.31,5.0,0.33,15.0,0.04,0.04,616.663,1776214564000
1776214566.795,66.795,0.69,5.0,0.67,15.0,0.73,1.69,0.76,5.0,0.27,1.69,0.24,5.0,0.31,5.0,0.33,15.0,0.04,0.04,616.651167,1776214565000
1776214574.967,74.967,0.69,5.0,0.67,15.0,0.73,1.69,0.76,5.0,0.27,1.69,0.24,5.0,0.31,5.0,0.33,15.0,0.04,0.04,616.65091,1776214574000
1776214575.302,75.302,0.7,5.0,0.69,12.2,0.76,5.0,0.77,5.0,0.27,1.69,0.24,5.0,0.31,5.0,0.33,15.0,0.06,0.04,616.65091,1776214574000
1776214576.568,76.568,0.7,5.0,0.69,12.2,0.76,5.0,0.77,5.0,0.24,5.0,0.23,5.0,0.3,5.0,0.31,12.2,0.06,0.06,616.650922,1776214575000
1776214577.389,77.389,0.7,5.0,0.69,12.2,0.76,5.0,0.77,5.0,0.24,5.0,0.23,5.0,0.3,5.0,0.31,12.2,0.06,0.06,616.655465,1776214576000
1776214578.126,78.126,0.7,5.0,0.69,12.2,0.76,5.0,0.77,5.0,0.24,5.0,0.23,5.0,0.3,5.0,0.31,12.2,0.06,0.06,616.655221,1776214577000
1776214579.625,79.625,0.73,13.2,0.72,12.9,0.77,5.0,0.81,5.0,0.23,5.0,0.19,5.0,0.27,13.2,0.28,12.9,0.04,0.04,616.655444,1776214578000
1776214580.297,80.297,0.73,13.2,0.72,12.9,0.77,5.0,0.81,5.0,0.23,5.0,0.19,5.0,0.27,13.2,0.28,12.9,0.04,0.04,616.655452,1776214579000
1776214580.908,80.908,0.74,10.0,0.73,13.2,0.82,5.0,0.84,19.3,0.18,5.0,0.16,19.3,0.26,10.0,0.27,13.2,0.08,0.08,616.655453,1776214580000
1776214582.571,82.571,0.74,10.0,0.73,13.2,0.82,5.0,0.84,19.3,0.18,5.0,0.16,19.3,0.26,10.0,0.27,13.2,0.08,0.08,616.652888,1776214581000
1776214583.131,83.131,0.76,10.0,0.75,13.9,0.82,5.0,0.85,20.39,0.18,5.0,0.16,19.3,0.26,10.0,0.27,13.2,0.06,0.08,616.652888,1776214581000
1776214584.092,84.092,0.76,10.0,0.75,13.9,0.82,5.0,0.85,20.39,0.18,5.0,0.15,20.39,0.24,10.0,0.25,13.9,0.06,0.06,616.658668,1776214583000
1776214586.161,86.161,0.76,10.0,0.75,13.9,0.82,5.0,0.85,20.39,0.18,5.0,0.15,20.39,0.24,10.0,0.25,13.9,0.06,0.06,616.660698,1776214584000
1776214587.301,87.301,0.76,10.0,0.75,13.9,0.82,5.0,0.85,20.39,0.18,5.0,0.15,20.39,0.24,10.0,0.25,13.9,0.06,0.06,616.716337,1776214585000
1776214588.639,88.639,0.76,10.0,0.75,13.9,0.82,5.0,0.85,20.39,0.18,5.0,0.15,20.39,0.24,10.0,0.25,13.9,0.06,0.06,616.732887,1776214586000
1776214589.639,89.639,0.76,10.0,0.75,13.9,0.82,5.0,0.85,20.39,0.18,5.0,0.15,20.39,0.24,10.0,0.25,13.9,0.06,0.06,616.73623,1776214588000
1776214590.716,90.716,0.76,10.0,0.75,13.9,0.82,5.0,0.85,20.39,0.18,5.0,0.15,20.39,0.24,10.0,0.25,13.9,0.06,0.06,616.736926,1776214589000
1776214591.856,91.856,0.76,10.0,0.75,13.9,0.82,5.0,0.85,20.39,0.18,5.0,0.15,20.39,0.24,10.0,0.25,13.9,0.06,0.06,616.7371,1776214590000
1776214592.906,92.906,0.76,10.0,0.75,13.9,0.82,5.0,0.85,20.39,0.18,5.0,0.15,20.39,0.24,10.0,0.25,13.9,0.06,0.06,616.7371,1776214591000
1776214593.977,93.977,0.76,10.0,0.75,13.9,0.82,5.0,0.85,20.39,0.18,5.0,0.15,20.39,0.24,10.0,0.25,13.9,0.06,0.06,616.737104,1776214592000
1776214594.952,94.952,0.76,10.0,0.75,13.9,0.82,5.0,0.85,20.39,0.18,5.0,0.15,20.39,0.24,10.0,0.25,13.9,0.06,0.06,616.738586,1776214593000
1776214595.818,95.818,0.76,10.0,0.75,13.9,0.82,5.0,0.85,20.39,0.18,5.0,0.15,20.39,0.24,10.0,0.25,13.9,0.06,0.06,616.738158,1776214594000
1776214596.765,96.765,0.76,10.0,0.75,13.9,0.82,5.0,0.85,20.39,0.18,5.0,0.15,20.39,0.24,10.0,0.25,13.9,0.06,0.06,616.738188,1776214595000
1776214597.766,97.766,0.76,10.0,0.75,13.9,0.82,5.0,0.85,20.39,0.18,5.0,0.15,20.39,0.24,10.0,0.25,13.9,0.06,0.06,616.738188,1776214596000
1776214598.507,98.507,0.76,10.0,0.75,13.9,0.82,5.0,0.85,20.39,0.18,5.0,0.15,20.39,0.24,10.0,0.25,13.9,0.06,0.06,616.737756,1776214597000
1776214599.484,99.484,0.76,10.0,0.75,13.9,0.82,5.0,0.85,20.39,0.18,5.0,0.15,20.39,0.24,10.0,0.25,13.9,0.06,0.06,616.736209,1776214598000
1776214600.174,100.174,0.76,10.0,0.75,13.9,0.82,5.0,0.85,20.39,0.18,5.0,0.15,20.39,0.24,10.0,0.25,13.9,0.06,0.06,616.736209,1776214599000
1776214601.291,101.291,0.76,10.0,0.75,13.9,0.82,5.0,0.85,20.39,0.18,5.0,0.15,20.39,0.24,10.0,0.25,13.9,0.06,0.06,616.736209,1776214600000
1776214602.333,102.333,0.76,10.0,0.75,13.9,0.82,5.0,0.85,20.39,0.18,5.0,0.15,20.39,0.24,10.0,0.25,13.9,0.06,0.06,616.751192,1776214601000
1776214603.263,103.263,0.76,10.0,0.75,13.9,0.82,5.0,0.85,20.39,0.18,5.0,0.15,20.39,0.24,10.0,0.25,13.9,0.06,0.06,616.753585,1776214602000
1776214604.918,104.918,0.76,10.0,0.75,13.9,0.82,5.0,0.85,20.39,0.18,5.0,0.15,20.39,0.24,10.0,0.25,13.9,0.06,0.06,616.752919,1776214603000
1776214605.666,105.666,0.76,10.0,0.75,13.9,0.82,5.0,0.85,20.39,0.18,5.0,0.15,20.39,0.24,10.0,0.25,13.9,0.06,0.06,616.757574,1776214604000
1776214606.373,106.373,0.76,10.0,0.75,13.9,0.82,5.0,0.85,20.39,0.18,5.0,0.15,20.39,0.24,10.0,0.25,13.9,0.06,0.06,616.756334,1776214605000
1776214607.138,107.138,0.76,10.0,0.75,13.9,0.82,5.0,0.85,20.39,0.18,5.0,0.15,20.39,0.24,10.0,0.25,13.9,0.06,0.06,616.756331,1776214606000
1776214608.685,108.685,0.76,10.0,0.75,13.9,0.82,5.0,0.85,20.39,0.18,5.0,0.15,20.39,0.24,10.0,0.25,13.9,0.06,0.06,616.758,1776214607000
1776214608.907,108.907,0.83,28.39,0.82,17.6,0.87,2.7,0.91,53.92,0.18,5.0,0.15,20.39,0.24,10.0,0.25,13.9,0.04,0.06,616.758,1776214607000
1776214609.767,109.767,0.83,28.39,0.82,17.6,0.87,2.7,0.91,53.92,0.13,2.7,0.09,53.92,0.17,28.39,0.18,17.6,0.04,0.04,616.766,1776214608000
1776214610.894,110.894,0.83,28.39,0.82,17.6,0.87,2.7,0.91,53.92,0.13,2.7,0.09,53.92,0.17,28.39,0.18,17.6,0.04,0.04,616.766,1776214609000
1776214611.573,111.573,0.83,28.39,0.82,17.6,0.87,2.7,0.91,53.92,0.13,2.7,0.09,53.92,0.17,28.39,0.18,17.6,0.04,0.04,616.763,1776214610000
1776214612.378,112.378,0.83,28.39,0.82,17.6,0.87,2.7,0.91,53.92,0.13,2.7,0.09,53.92,0.17,28.39,0.18,17.6,0.04,0.04,616.7696,1776214611000
1776214613.093,113.093,0.83,28.39,0.82,17.6,0.87,2.7,0.91,53.92,0.13,2.7,0.09,53.92,0.17,28.39,0.18,17.6,0.04,0.04,616.765,1776214612000
1776214614.475,114.475,0.83,28.39,0.82,17.6,0.87,2.7,0.91,53.92,0.13,2.7,0.09,53.92,0.17,28.39,0.18,17.6,0.04,0.04,616.764646,1776214613000
1776214615.063,115.063,0.83,28.39,0.82,17.6,0.87,2.7,0.91,53.92,0.13,2.7,0.09,53.92,0.17,28.39,0.18,17.6,0.04,0.04,616.764754,1776214614000
1776214616.452,116.452,0.83,28.39,0.82,17.6,0.87,2.7,0.91,53.92,0.13,2.7,0.09,53.92,0.17,28.39,0.18,17.6,0.04,0.04,616.765434,1776214615000
1776214617.031,117.031,0.83,28.39,0.82,17.6,0.87,2.7,0.91,53.92,0.13,2.7,0.09,53.92,0.17,28.39,0.18,17.6,0.04,0.04,616.765434,1776214616000
1776214618.313,118.313,0.83,28.39,0.82,17.6,0.87,2.7,0.91,53.92,0.13,2.7,0.09,53.92,0.17,28.39,0.18,17.6,0.04,0.04,616.764999,1776214617000
1776214618.905,118.905,0.83,28.39,0.82,17.6,0.87,2.7,0.91,53.92,0.13,2.7,0.09,53.92,0.17,28.39,0.18,17.6,0.04,0.04,616.762851,1776214618000
1776214620.113,120.113,0.83,28.39,0.82,17.6,0.87,2.7,0.91,53.92,0.13,2.7,0.09,53.92,0.17,28.39,0.18,17.6,0.04,0.04,616.761424,1776214619000
1776214621.903,121.903,0.83,28.39,0.82,17.6,0.87,2.7,0.91,53.92,0.13,2.7,0.09,53.92,0.17,28.39,0.18,17.6,0.04,0.04,616.767126,1776214620000
1776214622.55,122.55,0.83,28.39,0.82,17.6,0.87,2.7,0.91,53.92,0.13,2.7,0.09,53.92,0.17,28.39,0.18,17.6,0.04,0.04,616.767126,1776214621000
1776214623.12,123.12,0.83,28.39,0.82,17.6,0.87,2.7,0.91,53.92,0.13,2.7,0.09,53.92,0.17,28.39,0.18,17.6,0.04,0.04,616.767126,1776214622000
1776214624.444,124.444,0.83,28.39,0.82,17.6,0.87,2.7,0.91,53.92,0.13,2.7,0.09,53.92,0.17,28.39,0.18,17.6,0.04,0.04,616.806551,1776214623000
1776214625.103,125.103,0.83,28.39,0.82,17.6,0.87,2.7,0.91,53.92,0.13,2.7,0.09,53.92,0.17,28.39,0.18,17.6,0.04,0.04,616.806551,1776214624000
1776214626.52,126.52,0.83,28.39,0.82,17.6,0.87,2.7,0.91,53.92,0.13,2.7,0.09,53.92,0.17,28.39,0.18,17.6,0.04,0.04,616.8058,1776214625000
1776214627.379,127.379,0.83,28.39,0.82,17.6,0.87,2.7,0.91,53.92,0.13,2.7,0.09,53.92,0.17,28.39,0.18,17.6,0.04,0.04,616.805474,1776214626000
1776214627.943,127.943,0.83,28.39,0.82,17.6,0.87,2.7,0.91,53.92,0.13,2.7,0.09,53.92,0.17,28.39,0.18,17.6,0.04,0.04,616.805449,1776214627000
1776214629.083,129.083,0.83,28.39,0.82,17.6,0.87,2.7,0.91,53.92,0.13,2.7,0.09,53.92,0.17,28.39,0.18,17.6,0.04,0.04,616.805074,1776214628000
1776214630.166,130.166,0.83,28.39,0.82,17.6,0.87,2.7,0.91,53.92,0.13,2.7,0.09,53.92,0.17,28.39,0.18,17.6,0.04,0.04,616.805416,1776214629000
1776214631.291,131.291,0.83,28.39,0.82,17.6,0.87,2.7,0.91,53.92,0.13,2.7,0.09,53.92,0.17,28.39,0.18,17.6,0.04,0.04,616.803141,1776214630000
1776214632.393,132.393,0.83,28.39,0.82,17.6,0.87,2.7,0.91,53.92,0.13,2.7,0.09,53.92,0.17,28.39,0.18,17.6,0.04,0.04,616.803137,1776214631000
1776214632.94,132.94,0.83,28.39,0.82,17.6,0.87,2.7,0.91,53.92,0.13,2.7,0.09,53.92,0.17,28.39,0.18,17.6,0.04,0.04,616.803137,1776214632000
1776214634.03,134.03,0.83,28.39,0.82,17.6,0.87,2.7,0.91,53.92,0.13,2.7,0.09,53.92,0.17,28.39,0.18,17.6,0.04,0.04,616.804454,1776214633000
1776214635.094,135.094,0.83,28.39,0.82,17.6,0.87,2.7,0.91,53.92,0.13,2.7,0.09,53.92,0.17,28.39,0.18,17.6,0.04,0.04,616.804387,1776214634000
1776214636.183,136.183,0.83,28.39,0.82,17.6,0.87,2.7,0.91,53.92,0.13,2.7,0.09,53.92,0.17,28.39,0.18,17.6,0.04,0.04,616.803844,1776214635000
1776214637.445,137.445,0.83,28.39,0.82,17.6,0.87,2.7,0.91,53.92,0.13,2.7,0.09,53.92,0.17,28.39,0.18,17.6,0.04,0.04,616.806164,1776214636000
1776214638.052,138.052,0.83,28.39,0.82,17.6,0.87,2.7,0.91,53.92,0.13,2.7,0.09,53.92,0.17,28.39,0.18,17.6,0.04,0.04,616.800658,1776214637000
1776214639.138,139.138,0.83,28.39,0.82,17.6,0.87,2.7,0.91,53.92,0.13,2.7,0.09,53.92,0.17,28.39,0.18,17.6,0.04,0.04,616.801064,1776214638000
1776214640.139,140.139,0.83,28.39,0.82,17.6,0.87,2.7,0.91,53.92,0.13,2.7,0.09,53.92,0.17,28.39,0.18,17.6,0.04,0.04,616.801064,1776214639000
1776214641.8,141.8,0.83,28.39,0.82,17.6,0.87,2.7,0.91,53.92,0.13,2.7,0.09,53.92,0.17,28.39,0.18,17.6,0.04,0.04,616.804201,1776214640000
1776214642.376,142.376,0.83,28.39,0.82,17.6,0.87,2.7,0.91,53.92,0.13,2.7,0.09,53.92,0.17,28.39,0.18,17.6,0.04,0.04,616.804201,1776214641000
1776214643.429,143.429,0.83,28.39,0.82,17.6,0.87,2.7,0.91,53.92,0.13,2.7,0.09,53.92,0.17,28.39,0.18,17.6,0.04,0.04,616.804201,1776214642000
1776214644.909,144.909,0.83,28.39,0.82,17.6,0.87,2.7,0.91,53.92,0.13,2.7,0.09,53.92,0.17,28.39,0.18,17.6,0.04,0.04,616.804718,1776214643000
1776214645.497,145.497,0.83,28.39,0.82,17.6,0.87,2.7,0.91,53.92,0.13,2.7,0.09,53.92,0.17,28.39,0.18,17.6,0.04,0.04,616.804609,1776214644000
1776214646.107,146.107,0.83,28.39,0.82,17.6,0.87,2.7,0.91,53.92,0.13,2.7,0.09,53.92,0.17,28.39,0.18,17.6,0.04,0.04,616.804609,1776214645000
1776214647.374,147.374,0.83,28.39,0.82,17.6,0.87,2.7,0.91,53.92,0.13,2.7,0.09,53.92,0.17,28.39,0.18,17.6,0.04,0.04,616.804731,1776214646000
1776214648.424,148.424,0.83,28.39,0.82,17.6,0.87,2.7,0.91,53.92,0.13,2.7,0.09,53.92,0.17,28.39,0.18,17.6,0.04,0.04,616.803895,1776214647000
1776214649.005,149.005,0.83,28.39,0.82,17.6,0.87,2.7,0.91,53.92,0.13,2.7,0.09,53.92,0.17,28.39,0.18,17.6,0.04,0.04,616.803895,1776214648000
1776214650.215,150.215,0.83,28.39,0.82,17.6,0.87,2.7,0.91,53.92,0.13,2.7,0.09,53.92,0.17,28.39,0.18,17.6,0.04,0.04,616.806024,1776214649000
1776214651.311,151.311,0.83,28.39,0.82,17.6,0.87,2.7,0.91,53.92,0.13,2.7,0.09,53.92,0.17,28.39,0.18,17.6,0.04,0.04,616.811295,1776214650000
1776214651.907,151.907,0.83,28.39,0.82,17.6,0.87,2.7,0.91,53.92,0.13,2.7,0.09,53.92,0.17,28.39,0.18,17.6,0.04,0.04,616.81229,1776214651000
1776214653.019,153.019,0.94,46.1,0.93,39.9,0.97,85.0,0.98,152.69,0.03,85.0,0.02,152.69,0.06,46.1,0.07,39.9,0.03,0.03,616.89814,1776214652000
1776214654.618,154.618,0.94,46.1,0.93,39.9,0.97,85.0,0.98,152.69,0.03,85.0,0.02,152.69,0.06,46.1,0.07,39.9,0.03,0.03,616.947191,1776214653000
1776214655.252,155.252,0.94,46.1,0.93,39.9,0.97,85.0,0.98,152.69,0.03,85.0,0.02,152.69,0.06,46.1,0.07,39.9,0.03,0.03,616.952725,1776214654000
1776214656.298,156.298,0.94,46.1,0.93,39.9,0.97,85.0,0.98,152.69,0.03,85.0,0.02,152.69,0.06,46.1,0.07,39.9,0.03,0.03,616.952437,1776214655000
1776214657.795,157.795,0.94,46.1,0.93,39.9,0.97,85.0,0.98,152.69,0.03,85.0,0.02,152.69,0.06,46.1,0.07,39.9,0.03,0.03,616.950726,1776214656000
1776214658.359,158.359,0.94,46.1,0.93,39.9,0.97,85.0,0.98,152.69,0.03,85.0,0.02,152.69,0.06,46.1,0.07,39.9,0.03,0.03,616.950726,1776214657000
1776214658.945,158.945,0.94,46.1,0.93,39.9,0.97,85.0,0.98,152.69,0.03,85.0,0.02,152.69,0.06,46.1,0.07,39.9,0.03,0.03,616.958,1776214658000
1776214660.023,160.023,0.94,46.1,0.93,39.9,0.97,85.0,0.98,152.69,0.03,85.0,0.02,152.69,0.06,46.1,0.07,39.9,0.03,0.03,616.958,1776214659000
1776214661.027,161.027,0.94,46.1,0.93,39.9,0.97,85.0,0.98,152.69,0.03,85.0,0.02,152.69,0.06,46.1,0.07,39.9,0.03,0.03,616.962,1776214660000
1776214662.091,162.091,0.95,44.96,0.94,46.1,0.97,85.0,0.98,152.69,0.03,85.0,0.02,152.69,0.05,44.96,0.06,46.1,0.02,0.02,616.965,1776214661000
1776214663.12,163.12,0.95,44.96,0.94,46.1,0.97,85.0,0.98,152.69,0.03,85.0,0.02,152.69,0.05,44.96,0.06,46.1,0.02,0.02,616.975848,1776214662000
1776214664.206,164.206,0.95,44.96,0.94,46.1,0.97,85.0,0.98,152.69,0.03,85.0,0.02,152.69,0.05,44.96,0.06,46.1,0.02,0.02,616.987868,1776214663000
1776214665.218,165.218,0.95,44.96,0.94,46.1,0.97,85.0,0.98,152.69,0.03,85.0,0.02,152.69,0.05,44.96,0.06,46.1,0.02,0.02,616.988626,1776214664000
1776214666.342,166.342,0.95,44.96,0.94,46.1,0.97,85.0,0.98,152.69,0.03,85.0,0.02,152.69,0.05,44.96,0.06,46.1,0.02,0.02,617.002079,1776214665000
1776214666.894,166.894,0.95,44.96,0.94,46.1,0.97,85.0,0.98,152.69,0.03,85.0,0.02,152.69,0.05,44.96,0.06,46.1,0.02,0.02,616.994742,1776214666000
1776214668.042,168.042,0.95,44.96,0.94,46.1,0.97,85.0,0.98,152.69,0.03,85.0,0.02,152.69,0.05,44.96,0.06,46.1,0.02,0.02,616.99408,1776214667000
1776214669.075,169.075,0.95,44.96,0.94,46.1,0.97,85.0,0.98,152.69,0.03,85.0,0.02,152.69,0.05,44.96,0.06,46.1,0.02,0.02,616.994189,1776214668000
1776214670.163,170.163,0.95,44.96,0.94,46.1,0.97,85.0,0.98,152.69,0.03,85.0,0.02,152.69,0.05,44.96,0.06,46.1,0.02,0.02,616.994214,1776214669000
1776214671.94,171.94,0.95,44.96,0.94,46.1,0.97,85.0,0.98,152.69,0.03,85.0,0.02,152.69,0.05,44.96,0.06,46.1,0.02,0.02,617.01092,1776214670000
1776214672.538,172.538,0.95,44.96,0.94,46.1,0.97,85.0,0.98,152.69,0.03,85.0,0.02,152.69,0.05,44.96,0.06,46.1,0.02,0.02,616.967252,1776214671000
1776214673.043,173.043,0.95,44.96,0.94,46.1,0.97,85.0,0.98,152.69,0.03,85.0,0.02,152.69,0.05,44.96,0.06,46.1,0.02,0.02,616.966054,1776214672000
1776214674.096,174.096,0.96,72.7,0.95,39.96,0.97,88.95,0.98,152.69,0.03,88.95,0.02,152.69,0.04,72.7,0.05,39.96,0.01,0.01,616.961433,1776214673000
1776214675.226,175.226,0.96,72.7,0.95,39.96,0.97,88.95,0.98,152.69,0.03,88.95,0.02,152.69,0.04,72.7,0.05,39.96,0.01,0.01,616.962557,1776214674000
1776214676.307,176.307,0.96,72.7,0.95,39.96,0.97,88.95,0.98,152.69,0.03,88.95,0.02,152.69,0.04,72.7,0.05,39.96,0.01,0.01,616.962249,1776214675000
1776214676.918,176.918,0.96,72.7,0.95,39.96,0.97,88.95,0.98,152.69,0.03,88.95,0.02,152.69,0.04,72.7,0.05,39.96,0.01,0.01,616.962249,1776214676000
1776214677.973,177.973,0.96,72.7,0.95,39.96,0.97,88.95,0.98,152.69,0.03,88.95,0.02,152.69,0.04,72.7,0.05,39.96,0.01,0.01,616.961499,1776214677000
1776214679.013,179.013,0.96,72.7,0.95,39.96,0.97,88.95,0.98,152.69,0.03,88.95,0.02,152.69,0.04,72.7,0.05,39.96,0.01,0.01,616.961557,1776214678000
1776214680.098,180.098,0.96,72.7,0.95,39.96,0.97,88.95,0.98,152.69,0.03,88.95,0.02,152.69,0.04,72.7,0.05,39.96,0.01,0.01,616.897499,1776214679000
1776214681.131,181.131,0.96,72.7,0.95,39.96,0.97,88.95,0.98,152.69,0.03,88.95,0.02,152.69,0.04,72.7,0.05,39.96,0.01,0.01,616.895554,1776214680000
1776214682.268,182.268,0.96,72.7,0.95,39.96,0.97,88.95,0.98,152.69,0.03,88.95,0.02,152.69,0.04,72.7,0.05,39.96,0.01,0.01,616.895404,1776214681000
1776214683.378,183.378,0.96,72.7,0.95,39.96,0.97,88.95,0.98,152.69,0.03,88.95,0.02,152.69,0.04,72.7,0.05,39.96,0.01,0.01,616.895396,1776214682000
1776214683.62,183.62,0.96,5.0,0.95,54.7,0.97,86.88,0.98,152.69,0.03,88.95,0.02,152.69,0.04,72.7,0.05,39.96,0.01,0.01,616.895396,1776214682000
1776214683.931,183.931,0.96,5.0,0.95,54.7,0.97,86.88,0.98,152.69,0.03,86.88,0.02,152.69,0.04,5.0,0.05,54.7,0.01,0.01,616.89219,1776214683000
1776214685.008,185.008,0.96,5.0,0.95,54.7,0.97,86.88,0.98,152.69,0.03,86.88,0.02,152.69,0.04,5.0,0.05,54.7,0.01,0.01,616.893117,1776214684000
1776214685.946,185.946,0.96,5.0,0.95,54.7,0.97,86.88,0.98,152.69,0.03,86.88,0.02,152.69,0.04,5.0,0.05,54.7,0.01,0.01,616.892688,1776214685000
1776214686.963,186.963,0.96,5.0,0.95,54.7,0.97,86.88,0.98,152.69,0.03,86.88,0.02,152.69,0.04,5.0,0.05,54.7,0.01,0.01,616.895123,1776214686000
1776214687.957,187.957,0.96,5.0,0.95,54.7,0.97,86.88,0.98,152.69,0.03,86.88,0.02,152.69,0.04,5.0,0.05,54.7,0.01,0.01,616.901465,1776214687000
1776214689.038,189.038,0.96,5.0,0.95,54.7,0.97,86.88,0.98,152.69,0.03,86.88,0.02,152.69,0.04,5.0,0.05,54.7,0.01,0.01,616.895931,1776214688000
1776214690.853,190.853,0.96,5.0,0.95,54.7,0.97,86.88,0.98,152.69,0.03,86.88,0.02,152.69,0.04,5.0,0.05,54.7,0.01,0.01,616.895931,1776214689000
1776214691.454,191.454,0.96,5.0,0.95,54.7,0.97,86.88,0.98,152.69,0.03,86.88,0.02,152.69,0.04,5.0,0.05,54.7,0.01,0.01,616.913,1776214690000
1776214692.045,192.045,0.96,5.0,0.95,54.7,0.97,86.88,0.98,152.69,0.03,86.88,0.02,152.69,0.04,5.0,0.05,54.7,0.01,0.01,616.913,1776214691000
1776214692.267,192.267,0.96,67.7,0.95,54.7,0.97,72.96,0.98,20.0,0.03,86.88,0.02,152.69,0.04,5.0,0.05,54.7,0.01,0.01,616.913,1776214691000
1776214693.227,193.227,0.96,67.7,0.95,54.7,0.97,72.96,0.98,20.0,0.03,72.96,0.02,20.0,0.04,67.7,0.05,54.7,0.01,0.01,616.940802,1776214692000
1776214694.303,194.303,0.96,67.7,0.95,54.7,0.97,72.96,0.98,20.0,0.03,72.96,0.02,20.0,0.04,67.7,0.05,54.7,0.01,0.01,616.940876,1776214693000
1776214694.549,194.549,0.96,72.7,0.95,54.7,0.97,0.01,0.98,10.0,0.03,72.96,0.02,20.0,0.04,67.7,0.05,54.7,0.01,0.01,616.940876,1776214693000
1776214695.024,195.024,0.96,72.7,0.95,54.7,0.97,0.01,0.98,10.0,0.03,0.01,0.02,10.0,0.04,72.7,0.05,54.7,0.01,0.01,616.940879,1776214694000
1776214696.012,196.012,0.96,72.7,0.95,54.7,0.97,0.01,0.98,10.0,0.03,0.01,0.02,10.0,0.04,72.7,0.05,54.7,0.01,0.01,616.940965,1776214695000
1776214697.069,197.069,0.96,72.7,0.95,54.7,0.97,0.01,0.98,10.0,0.03,0.01,0.02,10.0,0.04,72.7,0.05,54.7,0.01,0.01,616.941159,1776214696000
1776214698.111,198.111,0.96,72.7,0.95,54.7,0.97,0.01,0.98,10.0,0.03,0.01,0.02,10.0,0.04,72.7,0.05,54.7,0.01,0.01,616.940651,1776214697000
1776214699.726,199.726,0.96,72.7,0.95,54.7,0.97,0.01,0.98,10.0,0.03,0.01,0.02,10.0,0.04,72.7,0.05,54.7,0.01,0.01,616.939837,1776214698000
1776214700.199,200.199,0.96,72.7,0.95,54.7,0.99,396.61,,,0.03,0.01,0.02,10.0,0.04,72.7,0.05,54.7,0.03,0.01,616.939837,1776214698000
1776214701.34,201.34,0.96,72.7,0.95,54.7,0.99,396.61,,,0.01,396.61,,,0.04,72.7,0.05,54.7,0.03,0.03,616.939973,1776214700000
1776214701.964,201.964,0.96,72.7,0.95,54.7,0.99,396.61,,,0.01,396.61,,,0.04,72.7,0.05,54.7,0.03,0.03,616.939973,1776214701000
1776214702.952,202.952,0.96,72.7,0.95,54.7,0.99,396.61,,,0.01,396.61,,,0.04,72.7,0.05,54.7,0.03,0.03,616.941167,1776214702000
1776214703.95,203.95,0.96,72.7,0.95,54.7,0.99,396.61,,,0.01,396.61,,,0.04,72.7,0.05,54.7,0.03,0.03,616.990029,1776214703000
1776214704.944,204.944,0.96,72.7,0.95,54.7,0.99,396.61,,,0.01,396.61,,,0.04,72.7,0.05,54.7,0.03,0.03,617.00193,1776214704000
1776214705.934,205.934,0.96,72.7,0.95,54.7,0.99,396.61,,,0.01,396.61,,,0.04,72.7,0.05,54.7,0.03,0.03,616.99801,1776214705000
1776214706.215,206.215,0.98,132.69,0.97,89.3,0.99,53.9,,,0.01,396.61,,,0.04,72.7,0.05,54.7,0.01,0.03,616.99801,1776214705000
1776214706.944,206.944,0.98,132.69,0.97,89.3,0.99,53.9,,,0.01,53.9,,,0.02,132.69,0.03,89.3,0.01,0.01,617.00015,1776214706000
1776214707.845,207.845,0.98,132.69,0.97,89.3,0.99,53.9,,,0.01,53.9,,,0.02,132.69,0.03,89.3,0.01,0.01,617.005747,1776214707000
1776214708.889,208.889,0.98,132.69,0.97,89.3,0.99,53.9,,,0.01,53.9,,,0.02,132.69,0.03,89.3,0.01,0.01,617.005737,1776214708000
1776214709.818,209.818,0.98,132.69,0.97,89.3,0.99,53.9,,,0.01,53.9,,,0.02,132.69,0.03,89.3,0.01,0.01,617.00487,1776214709000
1776214710.732,210.732,0.98,132.69,0.97,89.3,0.99,50.86,,,0.01,53.9,,,0.02,132.69,0.03,89.3,0.01,0.01,617.00487,1776214709000
1776214711.782,211.782,0.98,132.69,0.97,89.3,0.99,50.86,,,0.01,50.86,,,0.02,132.69,0.03,89.3,0.01,0.01,616.997095,1776214711000
1776214713.217,213.217,0.98,132.69,0.97,89.3,0.99,50.86,,,0.01,50.86,,,0.02,132.69,0.03,89.3,0.01,0.01,616.995232,1776214712000
1776214714.77,214.77,0.98,132.69,0.97,89.3,0.99,50.86,,,0.01,50.86,,,0.02,132.69,0.03,89.3,0.01,0.01,616.99639,1776214713000
1776214715.583,215.583,0.98,132.69,0.97,89.3,0.99,50.86,,,0.01,50.86,,,0.02,132.69,0.03,89.3,0.01,0.01,616.996389,1776214714000
1776214716.334,216.334,0.98,132.69,0.97,89.3,0.99,50.86,,,0.01,50.86,,,0.02,132.69,0.03,89.3,0.01,0.01,616.996362,1776214715000
1776214717.046,217.046,0.98,132.69,0.97,89.3,0.99,50.86,,,0.01,50.86,,,0.02,132.69,0.03,89.3,0.01,0.01,616.996361,1776214716000
1776214718.426,218.426,0.98,132.69,0.97,89.3,0.99,50.86,,,0.01,50.86,,,0.02,132.69,0.03,89.3,0.01,0.01,616.996462,1776214717000
1776214719.024,219.024,0.98,132.69,0.97,89.3,0.99,50.86,,,0.01,50.86,,,0.02,132.69,0.03,89.3,0.01,0.01,616.995639,1776214718000
1776214720.206,220.206,0.98,132.69,0.97,89.3,0.99,50.86,,,0.01,50.86,,,0.02,132.69,0.03,89.3,0.01,0.01,616.996917,1776214719000
1776214721.432,221.432,0.98,132.69,0.97,89.3,0.99,50.86,,,0.01,50.86,,,0.02,132.69,0.03,89.3,0.01,0.01,616.996808,1776214720000
1776214721.907,221.907,0.98,132.69,0.97,89.3,0.99,50.86,,,0.01,50.86,,,0.02,132.69,0.03,89.3,0.01,0.01,616.994987,1776214721000
1776214723.056,223.056,0.98,132.69,0.97,89.3,0.99,50.86,,,0.01,50.86,,,0.02,132.69,0.03,89.3,0.01,0.01,616.996033,1776214722000
1776214724.188,224.188,0.98,132.69,0.97,89.3,0.99,50.86,,,0.01,50.86,,,0.02,132.69,0.03,89.3,0.01,0.01,616.995872,1776214723000
1776214725.269,225.269,0.98,132.69,0.97,89.3,0.99,50.86,,,0.01,50.86,,,0.02,132.69,0.03,89.3,0.01,0.01,616.995896,1776214724000
1776214726.362,226.362,0.98,132.69,0.97,89.3,0.99,50.86,,,0.01,50.86,,,0.02,132.69,0.03,89.3,0.01,0.01,616.995896,1776214725000
1776214726.977,226.977,0.98,132.69,0.97,89.3,0.99,50.86,,,0.01,50.86,,,0.02,132.69,0.03,89.3,0.01,0.01,617.00286,1776214726000
1776214727.219,227.219,0.98,137.69,0.97,89.3,0.99,25.43,,,0.01,50.86,,,0.02,132.69,0.03,89.3,0.01,0.01,617.00286,1776214726000
1776214728.186,228.186,0.98,137.69,0.97,89.3,0.99,25.43,,,0.01,25.43,,,0.02,137.69,0.03,89.3,0.01,0.01,617.001495,1776214727000
1776214728.538,228.538,0.98,137.69,0.97,89.3,0.99,12.72,,,0.01,25.43,,,0.02,137.69,0.03,89.3,0.01,0.01,617.001495,1776214727000
1776214729.241,229.241,0.98,137.69,0.97,89.3,0.99,12.72,,,0.01,12.72,,,0.02,137.69,0.03,89.3,0.01,0.01,617.00203,1776214728000
1776214730.399,230.399,0.98,137.69,0.97,89.3,0.99,12.72,,,0.01,12.72,,,0.02,137.69,0.03,89.3,0.01,0.01,617.00203,1776214729000
1776214730.913,230.913,0.98,137.69,0.97,89.3,0.99,12.72,,,0.01,12.72,,,0.02,137.69,0.03,89.3,0.01,0.01,617.002033,1776214730000
1776214732.005,232.005,0.98,137.69,0.97,89.3,,,,,,,,,0.02,137.69,0.03,89.3,,,617.002088,1776214731000
1776214733.125,233.125,0.98,137.69,0.97,89.3,,,,,,,,,0.02,137.69,0.03,89.3,,,617.002088,1776214732000
1776214734.193,234.193,0.98,137.69,0.97,89.3,,,,,,,,,0.02,137.69,0.03,89.3,,,617.001881,1776214733000
1776214735.191,235.191,0.98,137.69,0.97,89.3,,,,,,,,,0.02,137.69,0.03,89.3,,,617.001884,1776214734000
1776214736.291,236.291,0.98,137.69,0.97,89.3,,,,,,,,,0.02,137.69,0.03,89.3,,,617.015955,1776214735000
1776214737.42,237.42,0.98,137.69,0.97,89.3,,,,,,,,,0.02,137.69,0.03,89.3,,,617.015849,1776214736000
1776214737.899,237.899,0.98,137.69,0.97,89.3,,,,,,,,,0.02,137.69,0.03,89.3,,,617.015849,1776214737000
1776214738.921,238.921,0.98,137.69,0.97,89.3,,,,,,,,,0.02,137.69,0.03,89.3,,,617.015849,1776214738000
1776214739.881,239.881,0.98,137.69,0.97,89.3,,,,,,,,,0.02,137.69,0.03,89.3,,,617.016799,1776214739000
1776214740.886,240.886,0.98,137.69,0.97,89.3,,,,,,,,,0.02,137.69,0.03,89.3,,,617.016768,1776214740000
1776214742.063,242.063,0.98,137.69,0.97,89.3,,,,,,,,,0.02,137.69,0.03,89.3,,,617.017306,1776214741000
1776214742.962,242.962,0.98,137.69,0.97,89.3,,,,,,,,,0.02,137.69,0.03,89.3,,,617.019575,1776214742000
1776214744.426,244.426,0.98,137.69,0.97,89.3,,,,,,,,,0.02,137.69,0.03,89.3,,,617.03772,1776214743000
1776214744.935,244.935,0.98,137.69,0.97,89.3,,,,,,,,,0.02,137.69,0.03,89.3,,,617.036999,1776214744000
1776214745.917,245.917,0.98,137.69,0.97,89.3,,,,,,,,,0.02,137.69,0.03,89.3,,,617.037648,1776214745000
1776214746.853,246.853,0.98,137.69,0.97,89.3,,,,,,,,,0.02,137.69,0.03,89.3,,,617.039258,1776214746000
1776214747.785,247.785,0.98,137.69,0.97,89.3,,,,,,,,,0.02,137.69,0.03,89.3,,,617.044488,1776214747000
1776214748.817,248.817,0.98,137.69,0.97,89.3,,,,,,,,,0.02,137.69,0.03,89.3,,,617.046513,1776214748000
1776214750.261,250.261,0.98,137.69,0.97,89.3,,,,,,,,,0.02,137.69,0.03,89.3,,,617.050291,1776214749000
1776214751.278,251.278,0.98,137.69,0.97,89.3,,,,,,,,,0.02,137.69,0.03,89.3,,,617.079363,1776214750000
1776214752.17,252.17,0.98,137.69,0.97,89.3,,,,,,,,,0.02,137.69,0.03,89.3,,,617.079522,1776214751000
1776214753.166,253.166,0.98,137.69,0.97,89.3,,,,,,,,,0.02,137.69,0.03,89.3,,,617.079684,1776214752000
1776214754.096,254.096,0.98,137.69,0.97,89.3,,,,,,,,,0.02,137.69,0.03,89.3,,,617.078934,1776214753000
1776214755.184,255.184,0.98,137.69,0.97,89.3,,,,,,,,,0.02,137.69,0.03,89.3,,,617.078879,1776214754000
1776214756.528,256.528,0.98,137.69,0.97,89.3,,,,,,,,,0.02,137.69,0.03,89.3,,,617.073942,1776214755000
1776214757.118,257.118,0.98,137.69,0.97,89.3,,,,,,,,,0.02,137.69,0.03,89.3,,,617.073892,1776214756000
1776214758.175,258.175,0.98,137.69,0.97,89.3,,,,,,,,,0.02,137.69,0.03,89.3,,,617.073928,1776214757000
1776214759.225,259.225,0.98,137.69,0.97,89.3,,,,,,,,,0.02,137.69,0.03,89.3,,,617.074414,1776214758000
1776214760.159,260.159,0.98,137.69,0.97,89.3,,,,,,,,,0.02,137.69,0.03,89.3,,,617.074459,1776214759000
1776214761.191,261.191,0.98,137.69,0.97,89.3,,,,,,,,,0.02,137.69,0.03,89.3,,,617.074135,1776214760000
1776214762.179,262.179,0.98,137.69,0.97,89.3,,,,,,,,,0.02,137.69,0.03,89.3,,,617.077228,1776214761000
1776214763.164,263.164,0.98,137.69,0.97,89.3,,,,,,,,,0.02,137.69,0.03,89.3,,,617.094849,1776214762000
1776214764.165,264.165,0.98,137.69,0.97,89.3,,,,,,,,,0.02,137.69,0.03,89.3,,,617.092801,1776214763000
1776214765.094,265.094,0.98,137.69,0.97,89.3,,,,,,,,,0.02,137.69,0.03,89.3,,,617.092909,1776214764000
1776214766.11,266.11,0.98,137.69,0.97,89.3,,,,,,,,,0.02,137.69,0.03,89.3,,,617.094659,1776214765000
1776214767.05,267.05,0.98,137.69,0.97,89.3,,,,,,,,,0.02,137.69,0.03,89.3,,,617.094358,1776214766000
1776214768.008,268.008,0.98,137.69,0.97,89.3,,,,,,,,,0.02,137.69,0.03,89.3,,,617.094752,1776214767000
1776214769.782,269.782,0.98,137.69,0.97,89.3,,,,,,,,,0.02,137.69,0.03,89.3,,,617.094428,1776214768000
1776214770.761,270.761,0.98,137.69,0.97,89.3,,,,,,,,,0.02,137.69,0.03,89.3,,,617.092479,1776214769000
1776214771.595,271.595,0.98,137.69,0.97,89.3,,,,,,,,,0.02,137.69,0.03,89.3,,,617.092558,1776214770000
1776214772.282,272.282,0.98,137.69,0.97,89.3,,,,,,,,,0.02,137.69,0.03,89.3,,,617.092326,1776214771000
1776214773.636,273.636,0.98,137.69,0.97,89.3,,,,,,,,,0.02,137.69,0.03,89.3,,,617.092344,1776214772000
1776214774.312,274.312,0.98,137.69,0.97,89.3,,,,,,,,,0.02,137.69,0.03,89.3,,,617.092295,1776214773000
1776214774.926,274.926,0.98,137.69,0.97,89.3,,,,,,,,,0.02,137.69,0.03,89.3,,,617.08756,1776214774000
1776214776.341,276.341,0.98,137.69,0.97,89.3,,,,,,,,,0.02,137.69,0.03,89.3,,,617.085504,1776214775000
1776214777.009,277.009,0.98,137.69,0.97,89.3,,,,,,,,,0.02,137.69,0.03,89.3,,,617.085504,1776214776000
1776214778.308,278.308,0.98,137.69,0.97,89.3,,,,,,,,,0.02,137.69,0.03,89.3,,,617.085193,1776214777000
1776214779.021,279.021,0.98,137.69,0.97,89.3,,,,,,,,,0.02,137.69,0.03,89.3,,,617.085192,1776214778000
1776214780.372,280.372,0.98,137.69,0.97,89.3,,,,,,,,,0.02,137.69,0.03,89.3,,,617.090042,1776214779000
1776214780.978,280.978,0.98,137.69,0.97,89.3,,,,,,,,,0.02,137.69,0.03,89.3,,,617.090586,1776214780000
1776214782.458,282.458,0.98,137.69,0.97,89.3,,,,,,,,,0.02,137.69,0.03,89.3,,,617.124537,1776214781000
1776214783.099,283.099,0.98,137.69,0.97,89.3,,,,,,,,,0.02,137.69,0.03,89.3,,,617.124537,1776214782000
1776214784.402,284.402,0.98,137.69,0.97,89.3,,,,,,,,,0.02,137.69,0.03,89.3,,,617.125911,1776214783000
1776214785.058,285.058,0.98,137.69,0.97,89.3,,,,,,,,,0.02,137.69,0.03,89.3,,,617.125961,1776214784000
1776214786.371,286.371,0.98,137.69,0.97,89.3,,,,,,,,,0.02,137.69,0.03,89.3,,,617.12542,1776214785000
1776214787.7,287.7,0.98,137.69,0.97,89.3,,,,,,,,,0.02,137.69,0.03,89.3,,,617.123297,1776214786000
1776214788.201,288.201,0.98,137.69,0.97,89.3,,,,,,,,,0.02,137.69,0.03,89.3,,,617.116567,1776214787000
1776214789.349,289.349,0.98,137.69,0.97,89.3,,,,,,,,,0.02,137.69,0.03,89.3,,,617.112352,1776214788000
1776214789.933,289.933,0.98,137.69,0.97,89.3,,,,,,,,,0.02,137.69,0.03,89.3,,,617.055072,1776214789000
1776214791.034,291.034,0.98,137.69,0.97,89.3,,,,,,,,,0.02,137.69,0.03,89.3,,,617.052519,1776214790000
1776214792.227,292.227,0.98,137.69,0.97,89.3,,,,,,,,,0.02,137.69,0.03,89.3,,,617.051012,1776214791000
1776214793.348,293.348,0.98,137.69,0.97,89.3,,,,,,,,,0.02,137.69,0.03,89.3,,,617.051012,1776214792000
1776214793.874,293.874,0.98,137.69,0.97,89.3,,,,,,,,,0.02,137.69,0.03,89.3,,,617.046033,1776214793000
1776214794.971,294.971,0.98,137.69,0.97,89.3,,,,,,,,,0.02,137.69,0.03,89.3,,,617.043504,1776214794000
1776214797.048,297.048,0.98,137.69,0.97,89.3,,,,,,,,,0.02,137.69,0.03,89.3,,,617.040635,1776214796000
1776214798.295,298.295,0.98,137.69,0.97,89.3,,,,,,,,,0.02,137.69,0.03,89.3,,,617.041195,1776214797000
1776214798.884,298.884,0.98,137.69,0.97,89.3,,,,,,,,,0.02,137.69,0.03,89.3,,,617.041195,1776214798000
1776214800.121,300.121,0.98,137.69,0.97,89.3,,,,,,,,,0.02,137.69,0.03,89.3,,,617.041307,1776214799000

# RESULT,winner=Up,slug=bnb-updown-5m-1776214500,ticks=305
