timestamp,elapsed_sec,up_bid_p1,up_bid_s1,up_bid_p2,up_bid_s2,up_ask_p1,up_ask_s1,up_ask_p2,up_ask_s2,down_bid_p1,down_bid_s1,down_bid_p2,down_bid_s2,down_ask_p1,down_ask_s1,down_ask_p2,down_ask_s2,up_spread,down_spread,bnb_price,bnb_oracle_ts
1776221711.379,11.379,0.68,10.0,0.62,5.0,0.75,5.0,0.77,5.0,0.25,5.0,0.23,5.0,0.32,10.0,0.38,5.0,0.07,0.07,616.157818,1776221709000
1776221711.773,11.773,0.68,10.0,0.62,5.0,0.75,5.0,0.77,5.0,0.23,5.0,0.22,5.0,0.32,10.0,0.38,5.0,0.07,0.09,616.13328,1776221710000
1776221712.182,12.182,0.68,10.0,0.62,5.0,0.77,5.0,0.78,5.0,0.23,5.0,0.22,5.0,0.32,10.0,0.38,5.0,0.09,0.09,616.13328,1776221711000
1776221714.288,14.288,0.68,10.0,0.62,5.0,0.77,5.0,0.78,5.0,0.23,5.0,0.22,5.0,0.32,10.0,0.38,5.0,0.09,0.09,616.237,1776221713000
1776221717.492,17.492,0.68,10.0,0.62,5.0,0.77,5.0,0.78,5.0,0.23,5.0,0.22,5.0,0.32,10.0,0.38,5.0,0.09,0.09,616.2412,1776221716000
1776221718.048,18.048,0.68,10.0,0.62,5.0,0.77,5.0,0.78,5.0,0.23,5.0,0.22,5.0,0.32,10.0,0.38,5.0,0.09,0.09,616.235331,1776221717000
1776221719.052,19.052,0.68,10.0,0.62,5.0,0.77,5.0,0.78,5.0,0.23,5.0,0.22,5.0,0.32,10.0,0.38,5.0,0.09,0.09,616.235107,1776221718000
1776221720.184,20.184,0.68,10.0,0.62,5.0,0.77,5.0,0.78,5.0,0.23,5.0,0.22,5.0,0.32,10.0,0.38,5.0,0.09,0.09,616.24017,1776221719000
1776221721.3,21.3,0.68,10.0,0.62,5.0,0.77,5.0,0.78,5.0,0.23,5.0,0.22,5.0,0.32,10.0,0.38,5.0,0.09,0.09,616.234127,1776221720000
1776221722.375,22.375,0.68,10.0,0.62,5.0,0.77,5.0,0.78,5.0,0.23,5.0,0.22,5.0,0.32,10.0,0.38,5.0,0.09,0.09,616.234988,1776221721000
1776221722.928,22.928,0.68,10.0,0.62,5.0,0.77,5.0,0.78,5.0,0.23,5.0,0.22,5.0,0.32,10.0,0.38,5.0,0.09,0.09,616.2366,1776221722000
1776221724.043,24.043,0.68,10.0,0.62,5.0,0.77,5.0,0.78,5.0,0.23,5.0,0.22,5.0,0.32,10.0,0.38,5.0,0.09,0.09,616.263131,1776221723000
1776221725.08,25.08,0.68,10.0,0.62,5.0,0.77,5.0,0.78,5.0,0.23,5.0,0.22,5.0,0.32,10.0,0.38,5.0,0.09,0.09,616.229655,1776221724000
1776221726.182,26.182,0.68,10.0,0.62,5.0,0.77,5.0,0.78,5.0,0.23,5.0,0.22,5.0,0.32,10.0,0.38,5.0,0.09,0.09,616.227127,1776221725000
1776221727.175,27.175,0.68,10.0,0.62,5.0,0.77,5.0,0.78,5.0,0.23,5.0,0.22,5.0,0.32,10.0,0.38,5.0,0.09,0.09,616.198382,1776221726000
1776221728.221,28.221,0.68,10.0,0.62,5.0,0.77,5.0,0.78,5.0,0.23,5.0,0.22,5.0,0.32,10.0,0.38,5.0,0.09,0.09,616.215791,1776221727000
1776221729.29,29.29,0.68,10.0,0.62,5.0,0.77,5.0,0.78,5.0,0.23,5.0,0.22,5.0,0.32,10.0,0.38,5.0,0.09,0.09,616.21596,1776221728000
1776221730.324,30.324,0.68,10.0,0.62,5.0,0.77,5.0,0.78,5.0,0.23,5.0,0.22,5.0,0.32,10.0,0.38,5.0,0.09,0.09,616.2118,1776221729000
1776221731.307,31.307,0.68,10.0,0.62,5.0,0.77,5.0,0.78,5.0,0.23,5.0,0.22,5.0,0.32,10.0,0.38,5.0,0.09,0.09,616.20245,1776221730000
1776221732.134,32.134,0.68,10.0,0.62,5.0,0.77,5.0,0.78,5.0,0.23,5.0,0.22,5.0,0.32,10.0,0.38,5.0,0.09,0.09,616.20324,1776221731000
1776221733.661,33.661,0.68,10.0,0.62,5.0,0.77,5.0,0.78,5.0,0.23,5.0,0.22,5.0,0.32,10.0,0.38,5.0,0.09,0.09,616.21213,1776221732000
1776221734.482,34.482,0.68,10.0,0.62,5.0,0.77,5.0,0.78,5.0,0.23,5.0,0.22,5.0,0.32,10.0,0.38,5.0,0.09,0.09,616.21274,1776221733000
1776221735.077,35.077,0.68,10.0,0.62,5.0,0.77,5.0,0.78,5.0,0.23,5.0,0.22,5.0,0.32,10.0,0.38,5.0,0.09,0.09,616.21654,1776221734000
1776221736.428,36.428,0.68,10.0,0.62,5.0,0.77,5.0,0.78,5.0,0.23,5.0,0.22,5.0,0.32,10.0,0.38,5.0,0.09,0.09,616.21474,1776221735000
1776221736.977,36.977,0.68,10.0,0.62,5.0,0.77,5.0,0.78,5.0,0.23,5.0,0.22,5.0,0.32,10.0,0.38,5.0,0.09,0.09,616.21258,1776221736000
1776221738.365,38.365,0.68,10.0,0.62,5.0,0.77,5.0,0.78,5.0,0.23,5.0,0.22,5.0,0.32,10.0,0.38,5.0,0.09,0.09,616.2124,1776221737000
1776221739.035,39.035,0.68,10.0,0.62,5.0,0.77,5.0,0.78,5.0,0.23,5.0,0.22,5.0,0.32,10.0,0.38,5.0,0.09,0.09,616.21242,1776221738000
1776221740.396,40.396,0.68,10.0,0.62,5.0,0.77,5.0,0.78,5.0,0.23,5.0,0.22,5.0,0.32,10.0,0.38,5.0,0.09,0.09,616.21375,1776221739000
1776221741.048,41.048,0.68,10.0,0.62,5.0,0.77,5.0,0.78,5.0,0.23,5.0,0.22,5.0,0.32,10.0,0.38,5.0,0.09,0.09,616.186184,1776221740000
1776221742.498,42.498,0.68,10.0,0.62,5.0,0.77,5.0,0.78,5.0,0.23,5.0,0.22,5.0,0.32,10.0,0.38,5.0,0.09,0.09,616.236407,1776221741000
1776221743.189,43.189,0.68,10.0,0.62,5.0,0.77,5.0,0.78,5.0,0.23,5.0,0.22,5.0,0.32,10.0,0.38,5.0,0.09,0.09,616.241244,1776221742000
1776221744.426,44.426,0.68,10.0,0.62,5.0,0.77,5.0,0.78,5.0,0.23,5.0,0.22,5.0,0.32,10.0,0.38,5.0,0.09,0.09,616.248971,1776221743000
1776221744.764,44.764,0.72,25.0,0.71,5.0,0.82,3.9,0.85,20.39,0.23,5.0,0.22,5.0,0.32,10.0,0.38,5.0,0.1,0.09,616.248971,1776221743000
1776221745.169,45.169,0.72,25.0,0.71,5.0,0.82,3.9,0.85,20.39,0.18,3.9,0.15,20.39,0.28,25.0,0.29,5.0,0.1,0.1,616.248971,1776221744000
1776221746.329,46.329,0.72,25.0,0.71,5.0,0.82,3.9,0.85,20.39,0.18,3.9,0.15,20.39,0.28,25.0,0.29,5.0,0.1,0.1,616.211864,1776221745000
1776221747.001,47.001,0.72,25.0,0.71,5.0,0.82,3.9,0.85,20.39,0.18,3.9,0.15,20.39,0.28,25.0,0.29,5.0,0.1,0.1,616.211864,1776221746000
1776221749.061,49.061,0.72,25.0,0.71,5.0,0.82,3.9,0.85,20.39,0.18,3.9,0.15,20.39,0.28,25.0,0.29,5.0,0.1,0.1,616.319034,1776221748000
1776221750.128,50.128,0.72,25.0,0.71,5.0,0.82,3.9,0.85,20.39,0.18,3.9,0.15,20.39,0.28,25.0,0.29,5.0,0.1,0.1,616.317,1776221749000
1776221751.221,51.221,0.72,25.0,0.71,5.0,0.82,3.9,0.85,20.39,0.18,3.9,0.15,20.39,0.28,25.0,0.29,5.0,0.1,0.1,616.32016,1776221750000
1776221751.831,51.831,0.72,25.0,0.71,5.0,0.82,3.9,0.85,20.39,0.18,3.9,0.15,20.39,0.28,25.0,0.29,5.0,0.1,0.1,616.30027,1776221751000
1776221753.017,53.017,0.72,25.0,0.71,5.0,0.82,3.9,0.85,20.39,0.18,3.9,0.15,20.39,0.28,25.0,0.29,5.0,0.1,0.1,616.28747,1776221752000
1776221754.118,54.118,0.72,25.0,0.71,5.0,0.82,3.9,0.85,20.39,0.18,3.9,0.15,20.39,0.28,25.0,0.29,5.0,0.1,0.1,616.282,1776221753000
1776221755.272,55.272,0.72,25.0,0.71,5.0,0.82,3.9,0.85,20.39,0.18,3.9,0.15,20.39,0.28,25.0,0.29,5.0,0.1,0.1,616.311,1776221754000
1776221756.385,56.385,0.72,25.0,0.71,5.0,0.82,3.9,0.85,20.39,0.18,3.9,0.15,20.39,0.28,25.0,0.29,5.0,0.1,0.1,616.33,1776221755000
1776221756.899,56.899,0.72,25.0,0.71,5.0,0.82,3.9,0.85,20.39,0.18,3.9,0.15,20.39,0.28,25.0,0.29,5.0,0.1,0.1,616.33,1776221756000
1776221758.057,58.057,0.72,25.0,0.71,5.0,0.82,3.9,0.85,20.39,0.18,3.9,0.15,20.39,0.28,25.0,0.29,5.0,0.1,0.1,616.332,1776221757000
1776221759.205,59.205,0.72,25.0,0.71,5.0,0.82,3.9,0.85,20.39,0.18,3.9,0.15,20.39,0.28,25.0,0.29,5.0,0.1,0.1,616.3297,1776221758000
1776221760.27,60.27,0.79,10.0,0.76,5.0,0.87,5.0,0.89,100.0,0.13,5.0,0.11,100.0,0.21,10.0,0.24,5.0,0.08,0.08,616.326042,1776221759000
1776221761.418,61.418,0.79,10.0,0.76,5.0,0.87,5.0,0.89,100.0,0.13,5.0,0.11,100.0,0.21,10.0,0.24,5.0,0.08,0.08,616.325502,1776221760000
1776221761.949,61.949,0.79,10.0,0.76,5.0,0.87,5.0,0.89,100.0,0.13,5.0,0.11,100.0,0.21,10.0,0.24,5.0,0.08,0.08,616.325502,1776221761000
1776221763.584,63.584,0.79,10.0,0.76,5.0,0.87,5.0,0.89,100.0,0.13,5.0,0.11,100.0,0.21,10.0,0.24,5.0,0.08,0.08,616.315,1776221762000
1776221764.23,64.23,0.79,10.0,0.76,5.0,0.87,5.0,0.89,100.0,0.13,5.0,0.11,100.0,0.21,10.0,0.24,5.0,0.08,0.08,616.33333,1776221763000
1776221765.217,65.217,0.79,10.0,0.76,5.0,0.87,5.0,0.89,100.0,0.13,5.0,0.11,100.0,0.21,10.0,0.24,5.0,0.08,0.08,616.31563,1776221764000
1776221766.181,66.181,0.79,10.0,0.76,5.0,0.87,5.0,0.89,100.0,0.13,5.0,0.11,100.0,0.21,10.0,0.24,5.0,0.08,0.08,616.310934,1776221765000
1776221768.006,68.006,0.79,10.0,0.76,5.0,0.87,5.0,0.89,100.0,0.13,5.0,0.11,100.0,0.21,10.0,0.24,5.0,0.08,0.08,616.30971,1776221766000
1776221768.615,68.615,0.79,10.0,0.76,5.0,0.87,5.0,0.89,100.0,0.13,5.0,0.11,100.0,0.21,10.0,0.24,5.0,0.08,0.08,616.29932,1776221767000
1776221769.468,69.468,0.79,10.0,0.76,5.0,0.87,5.0,0.89,100.0,0.13,5.0,0.11,100.0,0.21,10.0,0.24,5.0,0.08,0.08,616.298858,1776221768000
1776221770.105,70.105,0.79,10.0,0.76,5.0,0.87,5.0,0.89,100.0,0.13,5.0,0.11,100.0,0.21,10.0,0.24,5.0,0.08,0.08,616.29424,1776221769000
1776221771.242,71.242,0.79,10.0,0.76,5.0,0.87,5.0,0.89,100.0,0.13,5.0,0.11,100.0,0.21,10.0,0.24,5.0,0.08,0.08,616.29729,1776221770000
1776221772.447,72.447,0.79,10.0,0.76,5.0,0.87,5.0,0.89,100.0,0.13,5.0,0.11,100.0,0.21,10.0,0.24,5.0,0.08,0.08,616.25792,1776221771000
1776221773.097,73.097,0.79,10.0,0.76,5.0,0.87,5.0,0.89,100.0,0.13,5.0,0.11,100.0,0.21,10.0,0.24,5.0,0.08,0.08,616.277966,1776221772000
1776221774.284,74.284,0.79,10.0,0.76,5.0,0.87,5.0,0.89,100.0,0.13,5.0,0.11,100.0,0.21,10.0,0.24,5.0,0.08,0.08,616.304718,1776221773000
1776221774.541,74.541,0.84,19.3,0.83,18.39,0.91,50.0,0.93,44.9,0.13,5.0,0.11,100.0,0.21,10.0,0.24,5.0,0.07,0.08,616.304718,1776221773000
1776221775.257,75.257,0.84,19.3,0.83,18.39,0.91,50.0,0.93,44.9,0.09,50.0,0.07,44.9,0.16,19.3,0.17,18.39,0.07,0.07,616.35385,1776221774000
1776221775.739,75.739,0.85,20.39,0.84,19.3,0.91,28.03,0.93,39.9,0.09,50.0,0.07,44.9,0.16,19.3,0.17,18.39,0.06,0.07,616.35385,1776221774000
1776221776.233,76.233,0.86,21.6,0.85,20.39,0.93,38.7,0.94,51.1,0.09,28.03,0.07,39.9,0.15,20.39,0.16,19.3,0.07,0.06,616.35385,1776221775000
1776221777.024,77.024,0.86,21.6,0.85,20.39,0.93,38.7,0.94,51.1,0.07,38.7,0.06,51.1,0.14,21.6,0.15,20.39,0.07,0.07,616.331488,1776221776000
1776221778.205,78.205,0.86,21.6,0.85,20.39,0.93,38.7,0.94,51.1,0.07,38.7,0.06,51.1,0.14,21.6,0.15,20.39,0.07,0.07,616.333153,1776221777000
1776221779.281,79.281,0.86,21.6,0.85,20.39,0.93,38.7,0.94,51.1,0.07,38.7,0.06,51.1,0.14,21.6,0.15,20.39,0.07,0.07,616.354965,1776221778000
1776221780.369,80.369,0.86,21.6,0.85,20.39,0.93,38.7,0.94,51.1,0.07,38.7,0.06,51.1,0.14,21.6,0.15,20.39,0.07,0.07,616.33325,1776221779000
1776221780.835,80.835,0.86,21.6,0.85,20.39,0.93,38.7,0.94,51.1,0.07,38.7,0.06,51.1,0.14,21.6,0.15,20.39,0.07,0.07,616.359,1776221780000
1776221781.918,81.918,0.86,21.6,0.85,20.39,0.93,38.7,0.94,51.1,0.07,38.7,0.06,51.1,0.14,21.6,0.15,20.39,0.07,0.07,616.352935,1776221781000
1776221782.928,82.928,0.86,21.6,0.85,20.39,0.93,38.7,0.94,51.1,0.07,38.7,0.06,51.1,0.14,21.6,0.15,20.39,0.07,0.07,616.368,1776221782000
1776221783.986,83.986,0.86,21.6,0.85,20.39,0.93,38.7,0.94,51.1,0.07,38.7,0.06,51.1,0.14,21.6,0.15,20.39,0.07,0.07,616.368,1776221783000
1776221784.986,84.986,0.86,21.6,0.85,20.39,0.93,38.7,0.94,51.1,0.07,38.7,0.06,51.1,0.14,21.6,0.15,20.39,0.07,0.07,616.368,1776221784000
1776221786.022,86.022,0.86,21.6,0.85,20.39,0.93,38.7,0.94,51.1,0.07,38.7,0.06,51.1,0.14,21.6,0.15,20.39,0.07,0.07,616.368,1776221785000
1776221786.966,86.966,0.86,21.6,0.85,20.39,0.93,38.7,0.94,51.1,0.07,38.7,0.06,51.1,0.14,21.6,0.15,20.39,0.07,0.07,616.372,1776221786000
1776221787.97,87.97,0.86,21.6,0.85,20.39,0.93,38.7,0.94,51.1,0.07,38.7,0.06,51.1,0.14,21.6,0.15,20.39,0.07,0.07,616.369305,1776221787000
1776221788.928,88.928,0.86,21.6,0.85,20.39,0.93,38.7,0.94,51.1,0.07,38.7,0.06,51.1,0.14,21.6,0.15,20.39,0.07,0.07,616.367699,1776221788000
1776221789.968,89.968,0.86,21.6,0.85,20.39,0.93,38.7,0.94,51.1,0.07,38.7,0.06,51.1,0.14,21.6,0.15,20.39,0.07,0.07,616.359174,1776221789000
1776221790.923,90.923,0.86,21.6,0.85,20.39,0.93,38.7,0.94,51.1,0.07,38.7,0.06,51.1,0.14,21.6,0.15,20.39,0.07,0.07,616.36305,1776221790000
1776221792.437,92.437,0.86,21.6,0.85,20.39,0.93,38.7,0.94,51.1,0.07,38.7,0.06,51.1,0.14,21.6,0.15,20.39,0.07,0.07,616.41161,1776221791000
1776221793.033,93.033,0.86,21.6,0.85,20.39,0.93,38.7,0.94,51.1,0.07,38.7,0.06,51.1,0.14,21.6,0.15,20.39,0.07,0.07,616.38015,1776221792000
1776221794.014,94.014,0.86,21.6,0.85,20.39,0.93,38.7,0.94,51.1,0.07,38.7,0.06,51.1,0.14,21.6,0.15,20.39,0.07,0.07,616.37573,1776221793000
1776221794.989,94.989,0.86,21.6,0.85,20.39,0.93,38.7,0.94,51.1,0.07,38.7,0.06,51.1,0.14,21.6,0.15,20.39,0.07,0.07,616.36799,1776221794000
1776221795.986,95.986,0.86,21.6,0.85,20.39,0.93,38.7,0.94,51.1,0.07,38.7,0.06,51.1,0.14,21.6,0.15,20.39,0.07,0.07,616.36974,1776221795000
1776221797.022,97.022,0.86,21.6,0.85,20.39,0.93,38.7,0.94,51.1,0.07,38.7,0.06,51.1,0.14,21.6,0.15,20.39,0.07,0.07,616.352995,1776221796000
1776221798.0,98.0,0.86,21.6,0.85,20.39,0.93,38.7,0.94,51.1,0.07,38.7,0.06,51.1,0.14,21.6,0.15,20.39,0.07,0.07,616.346555,1776221797000
1776221799.099,99.099,0.86,21.6,0.85,20.39,0.93,38.7,0.94,51.1,0.07,38.7,0.06,51.1,0.14,21.6,0.15,20.39,0.07,0.07,616.363,1776221798000
1776221799.971,99.971,0.86,21.6,0.85,20.39,0.93,38.7,0.94,51.1,0.07,38.7,0.06,51.1,0.14,21.6,0.15,20.39,0.07,0.07,616.36503,1776221799000
1776221800.958,100.958,0.86,21.6,0.85,20.39,0.93,38.7,0.94,51.1,0.07,38.7,0.06,51.1,0.14,21.6,0.15,20.39,0.07,0.07,616.31765,1776221800000
1776221801.95,101.95,0.86,21.6,0.85,20.39,0.93,38.7,0.94,51.1,0.07,38.7,0.06,51.1,0.14,21.6,0.15,20.39,0.07,0.07,616.312133,1776221801000
1776221802.951,102.951,0.86,21.6,0.85,20.39,0.93,38.7,0.94,51.1,0.07,38.7,0.06,51.1,0.14,21.6,0.15,20.39,0.07,0.07,616.307976,1776221802000
1776221803.924,103.924,0.86,21.6,0.85,20.39,0.93,38.7,0.94,51.1,0.07,38.7,0.06,51.1,0.14,21.6,0.15,20.39,0.07,0.07,616.315918,1776221803000
1776221805.37,105.37,0.86,21.6,0.85,20.39,0.93,38.7,0.94,51.1,0.07,38.7,0.06,51.1,0.14,21.6,0.15,20.39,0.07,0.07,616.33881,1776221804000
1776221806.401,106.401,0.86,21.6,0.85,20.39,0.93,38.7,0.94,51.1,0.07,38.7,0.06,51.1,0.14,21.6,0.15,20.39,0.07,0.07,616.323168,1776221805000
1776221807.014,107.014,0.86,21.6,0.85,20.39,0.93,38.7,0.94,51.1,0.07,38.7,0.06,51.1,0.14,21.6,0.15,20.39,0.07,0.07,616.329984,1776221806000
1776221808.153,108.153,0.86,21.6,0.85,20.39,0.93,38.7,0.94,51.1,0.07,38.7,0.06,51.1,0.14,21.6,0.15,20.39,0.07,0.07,616.33485,1776221807000
1776221809.21,109.21,0.86,21.6,0.85,20.39,0.93,38.7,0.94,51.1,0.07,38.7,0.06,51.1,0.14,21.6,0.15,20.39,0.07,0.07,616.33514,1776221808000
1776221810.331,110.331,0.86,21.6,0.85,20.39,0.93,38.7,0.94,51.1,0.07,38.7,0.06,51.1,0.14,21.6,0.15,20.39,0.07,0.07,616.34273,1776221809000
1776221811.385,111.385,0.86,21.6,0.85,20.39,0.93,38.7,0.94,51.1,0.07,38.7,0.06,51.1,0.14,21.6,0.15,20.39,0.07,0.07,616.34984,1776221810000
1776221811.962,111.962,0.86,21.6,0.85,20.39,0.93,38.7,0.94,51.1,0.07,38.7,0.06,51.1,0.14,21.6,0.15,20.39,0.07,0.07,616.35002,1776221811000
1776221813.064,113.064,0.86,21.6,0.85,20.39,0.93,38.7,0.94,51.1,0.07,38.7,0.06,51.1,0.14,21.6,0.15,20.39,0.07,0.07,616.3503,1776221812000
1776221814.236,114.236,0.86,21.6,0.85,20.39,0.93,38.7,0.94,51.1,0.07,38.7,0.06,51.1,0.14,21.6,0.15,20.39,0.07,0.07,616.42676,1776221813000
1776221815.275,115.275,0.86,21.6,0.85,20.39,0.93,38.7,0.94,51.1,0.07,38.7,0.06,51.1,0.14,21.6,0.15,20.39,0.07,0.07,616.4491,1776221814000
1776221816.468,116.468,0.86,21.6,0.85,20.39,0.93,38.7,0.94,51.1,0.07,38.7,0.06,51.1,0.14,21.6,0.15,20.39,0.07,0.07,616.430781,1776221815000
1776221816.908,116.908,0.86,21.6,0.85,20.39,0.93,38.7,0.94,51.1,0.07,38.7,0.06,51.1,0.14,21.6,0.15,20.39,0.07,0.07,616.435834,1776221816000
1776221818.181,118.181,0.86,21.6,0.85,20.39,0.93,38.7,0.94,51.1,0.07,38.7,0.06,51.1,0.14,21.6,0.15,20.39,0.07,0.07,616.428654,1776221817000
1776221819.761,119.761,0.86,21.6,0.85,20.39,0.93,38.7,0.94,51.1,0.07,38.7,0.06,51.1,0.14,21.6,0.15,20.39,0.07,0.07,616.41718,1776221818000
1776221820.867,120.867,0.86,21.6,0.85,20.39,0.93,38.7,0.94,51.1,0.07,38.7,0.06,51.1,0.14,21.6,0.15,20.39,0.07,0.07,616.41438,1776221819000
1776221821.777,121.777,0.86,21.6,0.85,20.39,0.93,38.7,0.94,51.1,0.07,38.7,0.06,51.1,0.14,21.6,0.15,20.39,0.07,0.07,616.4139,1776221820000
1776221822.527,122.527,0.86,21.6,0.85,20.39,0.93,38.7,0.94,51.1,0.07,38.7,0.06,51.1,0.14,21.6,0.15,20.39,0.07,0.07,616.41356,1776221821000
1776221823.083,123.083,0.86,21.6,0.85,20.39,0.93,38.7,0.94,51.1,0.07,38.7,0.06,51.1,0.14,21.6,0.15,20.39,0.07,0.07,616.413175,1776221822000
1776221824.516,124.516,0.86,21.6,0.85,20.39,0.93,38.7,0.94,51.1,0.07,38.7,0.06,51.1,0.14,21.6,0.15,20.39,0.07,0.07,616.415575,1776221823000
1776221825.25,125.25,0.86,21.6,0.85,20.39,0.93,38.7,0.94,51.1,0.07,38.7,0.06,51.1,0.14,21.6,0.15,20.39,0.07,0.07,616.41666,1776221824000
1776221826.786,126.786,0.86,21.6,0.85,20.39,0.93,38.7,0.94,51.1,0.07,38.7,0.06,51.1,0.14,21.6,0.15,20.39,0.07,0.07,616.38897,1776221825000
1776221827.485,127.485,0.86,21.6,0.85,20.39,0.93,38.7,0.94,51.1,0.07,38.7,0.06,51.1,0.14,21.6,0.15,20.39,0.07,0.07,616.472,1776221826000
1776221828.333,128.333,0.86,21.6,0.85,20.39,0.93,38.7,0.94,51.1,0.07,38.7,0.06,51.1,0.14,21.6,0.15,20.39,0.07,0.07,616.48192,1776221827000
1776221829.798,129.798,0.86,21.6,0.85,20.39,0.93,38.7,0.94,51.1,0.07,38.7,0.06,51.1,0.14,21.6,0.15,20.39,0.07,0.07,616.456,1776221828000
1776221830.563,130.563,0.86,21.6,0.85,20.39,0.93,38.7,0.94,51.1,0.07,38.7,0.06,51.1,0.14,21.6,0.15,20.39,0.07,0.07,616.48,1776221829000
1776221831.22,131.22,0.86,21.6,0.85,20.39,0.93,38.7,0.94,51.1,0.07,38.7,0.06,51.1,0.14,21.6,0.15,20.39,0.07,0.07,616.48,1776221830000
1776221831.435,131.435,0.95,54.7,0.94,46.1,0.97,100.0,0.98,154.69,0.07,38.7,0.06,51.1,0.14,21.6,0.15,20.39,0.02,0.07,616.48,1776221830000
1776221832.68,132.68,0.96,67.7,0.95,54.7,0.97,89.69,0.98,22.0,0.03,100.0,0.02,154.69,0.05,54.7,0.06,46.1,0.01,0.02,616.48,1776221830000
1776221833.399,133.399,0.96,67.7,0.95,54.7,0.97,89.69,0.98,22.0,0.03,89.69,0.02,22.0,0.04,67.7,0.05,54.7,0.01,0.01,616.515648,1776221832000
1776221833.677,133.677,0.95,54.7,0.94,46.1,0.97,69.69,0.98,154.69,0.03,89.69,0.02,22.0,0.04,67.7,0.05,54.7,0.02,0.01,616.515648,1776221832000
1776221834.192,134.192,0.95,54.7,0.94,46.1,0.97,69.69,0.98,154.69,0.03,69.69,0.02,154.69,0.05,54.7,0.06,46.1,0.02,0.02,616.617,1776221833000
1776221835.606,135.606,0.95,54.7,0.94,46.1,0.97,69.69,0.98,154.69,0.03,69.69,0.02,154.69,0.05,54.7,0.06,46.1,0.02,0.02,616.57893,1776221834000
1776221836.341,136.341,0.95,54.7,0.94,46.1,0.97,69.69,0.98,154.69,0.03,69.69,0.02,154.69,0.05,54.7,0.06,46.1,0.02,0.02,616.559647,1776221835000
1776221836.569,136.569,0.96,67.7,0.95,54.7,0.97,56.85,0.98,154.69,0.03,69.69,0.02,154.69,0.05,54.7,0.06,46.1,0.01,0.02,616.559647,1776221835000
1776221837.044,137.044,0.96,67.7,0.95,54.7,0.97,56.85,0.98,154.69,0.03,56.85,0.02,154.69,0.04,67.7,0.05,54.7,0.01,0.01,616.55,1776221836000
1776221838.763,138.763,0.96,67.7,0.95,54.7,0.97,56.85,0.98,154.69,0.03,56.85,0.02,154.69,0.04,67.7,0.05,54.7,0.01,0.01,616.591164,1776221837000
1776221839.229,139.229,0.96,67.7,0.95,54.7,0.97,56.85,0.98,154.69,0.03,56.85,0.02,154.69,0.04,67.7,0.05,54.7,0.01,0.01,616.560335,1776221838000
1776221840.397,140.397,0.96,67.7,0.95,54.7,0.97,56.85,0.98,154.69,0.03,56.85,0.02,154.69,0.04,67.7,0.05,54.7,0.01,0.01,616.59471,1776221839000
1776221840.935,140.935,0.96,67.7,0.95,54.7,0.97,36.92,0.98,154.69,0.03,36.92,0.02,154.69,0.04,67.7,0.05,54.7,0.01,0.01,616.59956,1776221840000
1776221842.122,142.122,0.96,67.7,0.95,54.7,0.97,36.92,0.98,154.69,0.03,36.92,0.02,154.69,0.04,67.7,0.05,54.7,0.01,0.01,616.60022,1776221841000
1776221843.136,143.136,0.96,67.7,0.95,54.7,0.97,36.92,0.98,154.69,0.03,36.92,0.02,154.69,0.04,67.7,0.05,54.7,0.01,0.01,616.562715,1776221842000
1776221844.311,144.311,0.96,67.7,0.95,54.7,0.97,36.92,0.98,154.69,0.03,36.92,0.02,154.69,0.04,67.7,0.05,54.7,0.01,0.01,616.482479,1776221843000
1776221845.345,145.345,0.96,67.7,0.95,54.7,0.97,36.92,0.98,154.69,0.03,36.92,0.02,154.69,0.04,67.7,0.05,54.7,0.01,0.01,616.47812,1776221844000
1776221845.939,145.939,0.96,67.7,0.95,54.7,0.97,36.92,0.98,154.69,0.03,36.92,0.02,154.69,0.04,67.7,0.05,54.7,0.01,0.01,616.474441,1776221845000
1776221847.084,147.084,0.96,67.7,0.95,54.7,0.97,36.92,0.98,154.69,0.03,36.92,0.02,154.69,0.04,67.7,0.05,54.7,0.01,0.01,616.459722,1776221846000
1776221848.186,148.186,0.96,67.7,0.95,54.7,0.97,36.92,0.98,154.69,0.03,36.92,0.02,154.69,0.04,67.7,0.05,54.7,0.01,0.01,616.45,1776221847000
1776221849.21,149.21,0.96,67.7,0.95,54.7,0.97,36.92,0.98,154.69,0.03,36.92,0.02,154.69,0.04,67.7,0.05,54.7,0.01,0.01,616.437451,1776221848000
1776221849.84,149.84,0.96,67.7,0.95,54.7,0.97,36.92,0.98,154.69,0.03,36.92,0.02,154.69,0.04,67.7,0.05,54.7,0.01,0.01,616.437398,1776221849000
1776221850.979,150.979,0.96,67.7,0.95,54.7,0.97,36.92,0.98,154.69,0.03,36.92,0.02,154.69,0.04,67.7,0.05,54.7,0.01,0.01,616.420759,1776221850000
1776221852.116,152.116,0.96,67.7,0.95,54.7,0.97,36.92,0.98,154.69,0.03,36.92,0.02,154.69,0.04,67.7,0.05,54.7,0.01,0.01,616.412416,1776221851000
1776221853.125,153.125,0.96,67.7,0.95,54.7,0.97,36.92,0.98,154.69,0.03,36.92,0.02,154.69,0.04,67.7,0.05,54.7,0.01,0.01,616.413464,1776221852000
1776221854.113,154.113,0.96,67.7,0.95,54.7,0.97,36.92,0.98,154.69,0.03,36.92,0.02,154.69,0.04,67.7,0.05,54.7,0.01,0.01,616.413464,1776221853000
1776221855.13,155.13,0.96,67.7,0.95,54.7,0.97,36.92,0.98,154.69,0.03,36.92,0.02,154.69,0.04,67.7,0.05,54.7,0.01,0.01,616.413553,1776221854000
1776221856.293,156.293,0.96,67.7,0.95,54.7,0.97,36.92,0.98,154.69,0.03,36.92,0.02,154.69,0.04,67.7,0.05,54.7,0.01,0.01,616.413644,1776221855000
1776221857.207,157.207,0.96,67.7,0.95,54.7,0.97,36.92,0.98,154.69,0.03,36.92,0.02,154.69,0.04,67.7,0.05,54.7,0.01,0.01,616.420333,1776221856000
1776221858.224,158.224,0.96,67.7,0.95,54.7,0.97,36.92,0.98,154.69,0.03,36.92,0.02,154.69,0.04,67.7,0.05,54.7,0.01,0.01,616.419839,1776221857000
1776221859.235,159.235,0.96,67.7,0.95,54.7,0.97,36.92,0.98,154.69,0.03,36.92,0.02,154.69,0.04,67.7,0.05,54.7,0.01,0.01,616.419111,1776221858000
1776221860.123,160.123,0.96,67.7,0.95,54.7,0.97,36.92,0.98,154.69,0.03,36.92,0.02,154.69,0.04,67.7,0.05,54.7,0.01,0.01,616.418977,1776221859000
1776221861.159,161.159,0.96,67.7,0.95,54.7,0.97,36.92,0.98,154.69,0.03,36.92,0.02,154.69,0.04,67.7,0.05,54.7,0.01,0.01,616.40181,1776221860000
1776221862.162,162.162,0.96,67.7,0.95,54.7,0.97,36.92,0.98,154.69,0.03,36.92,0.02,154.69,0.04,67.7,0.05,54.7,0.01,0.01,616.398249,1776221861000
1776221863.175,163.175,0.96,67.7,0.95,54.7,0.97,36.92,0.98,154.69,0.03,36.92,0.02,154.69,0.04,67.7,0.05,54.7,0.01,0.01,616.398249,1776221862000
1776221864.06,164.06,0.96,67.7,0.95,54.7,0.97,36.92,0.98,154.69,0.03,36.92,0.02,154.69,0.04,67.7,0.05,54.7,0.01,0.01,616.389,1776221863000
1776221864.985,164.985,0.96,67.7,0.95,54.7,0.97,36.92,0.98,154.69,0.03,36.92,0.02,154.69,0.04,67.7,0.05,54.7,0.01,0.01,616.389,1776221864000
1776221866.29,166.29,0.96,67.7,0.95,54.7,0.97,36.92,0.98,154.69,0.03,36.92,0.02,154.69,0.04,67.7,0.05,54.7,0.01,0.01,616.386021,1776221865000
1776221867.662,167.662,0.96,67.7,0.95,54.7,0.97,36.92,0.98,154.69,0.03,36.92,0.02,154.69,0.04,67.7,0.05,54.7,0.01,0.01,616.396,1776221866000
1776221868.298,168.298,0.96,67.7,0.95,54.7,0.97,36.92,0.98,154.69,0.03,36.92,0.02,154.69,0.04,67.7,0.05,54.7,0.01,0.01,616.407,1776221867000
1776221869.519,169.519,0.96,67.7,0.95,54.7,0.97,36.92,0.98,154.69,0.03,36.92,0.02,154.69,0.04,67.7,0.05,54.7,0.01,0.01,616.418,1776221868000
1776221869.97,169.97,0.96,67.7,0.95,54.7,0.97,36.92,0.98,154.69,0.03,36.92,0.02,154.69,0.04,67.7,0.05,54.7,0.01,0.01,616.418,1776221869000
1776221871.091,171.091,0.96,67.7,0.95,54.7,0.97,36.92,0.98,154.69,0.03,36.92,0.02,154.69,0.04,67.7,0.05,54.7,0.01,0.01,616.445234,1776221870000
1776221872.192,172.192,0.96,67.7,0.95,54.7,0.97,36.92,0.98,154.69,0.03,36.92,0.02,154.69,0.04,67.7,0.05,54.7,0.01,0.01,616.444527,1776221871000
1776221873.414,173.414,0.96,67.7,0.95,54.7,0.97,36.92,0.98,154.69,0.03,36.92,0.02,154.69,0.04,67.7,0.05,54.7,0.01,0.01,616.439385,1776221872000
1776221873.971,173.971,0.96,67.7,0.95,54.7,0.97,36.92,0.98,154.69,0.03,36.92,0.02,154.69,0.04,67.7,0.05,54.7,0.01,0.01,616.440403,1776221873000
1776221875.168,175.168,0.96,67.7,0.95,54.7,0.97,36.92,0.98,154.69,0.03,36.92,0.02,154.69,0.04,67.7,0.05,54.7,0.01,0.01,616.464391,1776221874000
1776221876.246,176.246,0.96,67.7,0.95,54.7,0.97,36.92,0.98,154.69,0.03,36.92,0.02,154.69,0.04,67.7,0.05,54.7,0.01,0.01,616.459166,1776221875000
1776221877.257,177.257,0.95,54.7,0.94,46.1,0.97,26.92,0.98,22.0,0.03,36.92,0.02,154.69,0.04,67.7,0.05,54.7,0.02,0.01,616.459166,1776221875000
1776221878.006,178.006,0.95,54.7,0.94,46.1,0.97,26.92,0.98,22.0,0.03,26.92,0.02,22.0,0.05,54.7,0.06,46.1,0.02,0.02,616.475,1776221877000
1776221879.259,179.259,0.95,54.7,0.94,46.1,0.97,26.92,0.98,22.0,0.03,26.92,0.02,22.0,0.05,54.7,0.06,46.1,0.02,0.02,616.477,1776221878000
1776221880.661,180.661,0.95,54.7,0.94,46.1,0.97,26.92,0.98,22.0,0.03,26.92,0.02,22.0,0.05,54.7,0.06,46.1,0.02,0.02,616.469563,1776221879000
1776221882.191,182.191,0.95,54.7,0.94,46.1,0.97,26.92,0.98,22.0,0.03,26.92,0.02,22.0,0.05,54.7,0.06,46.1,0.02,0.02,616.48235,1776221880000
1776221882.92,182.92,0.95,54.7,0.94,46.1,0.97,26.92,0.98,22.0,0.03,26.92,0.02,22.0,0.05,54.7,0.06,46.1,0.02,0.02,616.480087,1776221881000
1776221883.597,183.597,0.96,67.7,0.95,54.7,0.99,475.52,,,0.03,26.92,0.02,22.0,0.05,54.7,0.06,46.1,0.03,0.02,616.480087,1776221881000
1776221883.887,183.887,0.96,67.7,0.95,54.7,0.99,475.52,,,0.01,475.52,,,0.04,67.7,0.05,54.7,0.03,0.03,616.455036,1776221882000
1776221884.82,184.82,0.96,67.7,0.95,54.7,0.99,475.52,,,0.01,475.52,,,0.04,67.7,0.05,54.7,0.03,0.03,616.458573,1776221883000
1776221885.497,185.497,0.96,67.7,0.95,54.7,0.99,475.52,,,0.01,475.52,,,0.04,67.7,0.05,54.7,0.03,0.03,616.46026,1776221884000
1776221886.305,186.305,0.96,67.7,0.95,54.7,0.99,475.52,,,0.01,475.52,,,0.04,67.7,0.05,54.7,0.03,0.03,616.4546,1776221885000
1776221886.981,186.981,0.96,67.7,0.95,54.7,0.99,475.52,,,0.01,475.52,,,0.04,67.7,0.05,54.7,0.03,0.03,616.45319,1776221886000
1776221888.255,188.255,0.96,67.7,0.95,54.7,0.99,475.52,,,0.01,475.52,,,0.04,67.7,0.05,54.7,0.03,0.03,616.45583,1776221887000
1776221889.684,189.684,0.96,67.7,0.95,54.7,0.99,475.52,,,0.01,475.52,,,0.04,67.7,0.05,54.7,0.03,0.03,616.426478,1776221888000
1776221890.226,190.226,0.96,67.7,0.95,54.7,0.99,475.52,,,0.01,475.52,,,0.04,67.7,0.05,54.7,0.03,0.03,616.426478,1776221889000
1776221891.717,191.717,0.96,67.7,0.95,54.7,0.99,475.52,,,0.01,475.52,,,0.04,67.7,0.05,54.7,0.03,0.03,616.395185,1776221890000
1776221892.288,192.288,0.96,67.7,0.95,54.7,0.99,475.52,,,0.01,475.52,,,0.04,67.7,0.05,54.7,0.03,0.03,616.395185,1776221891000
1776221893.52,193.52,0.96,67.7,0.95,54.7,0.99,475.52,,,0.01,475.52,,,0.04,67.7,0.05,54.7,0.03,0.03,616.39235,1776221892000
1776221894.299,194.299,0.96,67.7,0.95,54.7,0.99,475.52,,,0.01,475.52,,,0.04,67.7,0.05,54.7,0.03,0.03,616.39235,1776221893000
1776221895.82,195.82,0.96,67.7,0.95,54.7,0.99,475.52,,,0.01,475.52,,,0.04,67.7,0.05,54.7,0.03,0.03,616.395293,1776221894000
1776221896.555,196.555,0.96,67.7,0.95,54.7,0.99,475.52,,,0.01,475.52,,,0.04,67.7,0.05,54.7,0.03,0.03,616.394592,1776221895000
1776221897.178,197.178,0.96,67.7,0.95,54.7,0.99,475.52,,,0.01,475.52,,,0.04,67.7,0.05,54.7,0.03,0.03,616.394592,1776221896000
1776221898.753,198.753,0.96,67.7,0.95,54.7,0.99,475.52,,,0.01,475.52,,,0.04,67.7,0.05,54.7,0.03,0.03,616.39714,1776221897000
1776221899.422,199.422,0.96,67.7,0.95,54.7,0.99,475.52,,,0.01,475.52,,,0.04,67.7,0.05,54.7,0.03,0.03,616.397078,1776221898000
1776221900.621,200.621,0.96,67.7,0.95,54.7,0.99,475.52,,,0.01,475.52,,,0.04,67.7,0.05,54.7,0.03,0.03,616.362611,1776221899000
1776221901.235,201.235,0.96,67.7,0.95,54.7,0.99,475.52,,,0.01,475.52,,,0.04,67.7,0.05,54.7,0.03,0.03,616.362578,1776221900000
1776221902.598,202.598,0.96,67.7,0.95,54.7,0.99,475.52,,,0.01,475.52,,,0.04,67.7,0.05,54.7,0.03,0.03,616.378,1776221901000
1776221903.286,203.286,0.96,67.7,0.95,54.7,0.99,475.52,,,0.01,475.52,,,0.04,67.7,0.05,54.7,0.03,0.03,616.358639,1776221902000
1776221904.676,204.676,0.96,67.7,0.95,54.7,0.99,475.52,,,0.01,475.52,,,0.04,67.7,0.05,54.7,0.03,0.03,616.37,1776221903000
1776221905.279,205.279,0.96,67.7,0.95,54.7,0.99,475.52,,,0.01,475.52,,,0.04,67.7,0.05,54.7,0.03,0.03,616.363,1776221904000
1776221905.926,205.926,0.96,67.7,0.95,54.7,0.99,475.52,,,0.01,475.52,,,0.04,67.7,0.05,54.7,0.03,0.03,616.363,1776221905000
1776221907.175,207.175,0.96,67.7,0.95,54.7,0.99,475.52,,,0.01,475.52,,,0.04,67.7,0.05,54.7,0.03,0.03,616.348,1776221906000
1776221908.459,208.459,0.96,67.7,0.95,54.7,0.99,475.52,,,0.01,475.52,,,0.04,67.7,0.05,54.7,0.03,0.03,616.357121,1776221907000
1776221909.001,209.001,0.96,67.7,0.95,54.7,0.99,475.52,,,0.01,475.52,,,0.04,67.7,0.05,54.7,0.03,0.03,616.359,1776221908000
1776221910.094,210.094,0.96,67.7,0.95,54.7,0.99,475.52,,,0.01,475.52,,,0.04,67.7,0.05,54.7,0.03,0.03,616.374,1776221909000
1776221911.318,211.318,0.96,67.7,0.95,54.7,0.99,475.52,,,0.01,475.52,,,0.04,67.7,0.05,54.7,0.03,0.03,616.388,1776221910000
1776221911.971,211.971,0.96,67.7,0.95,54.7,0.99,475.52,,,0.01,475.52,,,0.04,67.7,0.05,54.7,0.03,0.03,616.389,1776221911000
1776221913.067,213.067,0.96,67.7,0.95,54.7,0.99,475.52,,,0.01,475.52,,,0.04,67.7,0.05,54.7,0.03,0.03,616.389,1776221912000
1776221914.155,214.155,0.96,67.7,0.95,54.7,0.99,475.52,,,0.01,475.52,,,0.04,67.7,0.05,54.7,0.03,0.03,616.389,1776221913000
1776221915.344,215.344,0.96,67.7,0.95,54.7,0.99,475.52,,,0.01,475.52,,,0.04,67.7,0.05,54.7,0.03,0.03,616.352144,1776221914000
1776221916.454,216.454,0.96,67.7,0.95,54.7,0.99,475.52,,,0.01,475.52,,,0.04,67.7,0.05,54.7,0.03,0.03,616.343245,1776221915000
1776221917.133,217.133,0.96,67.7,0.95,54.7,0.99,475.52,,,0.01,475.52,,,0.04,67.7,0.05,54.7,0.03,0.03,616.367223,1776221916000
1776221918.111,218.111,0.96,67.7,0.95,54.7,0.99,475.52,,,0.01,475.52,,,0.04,67.7,0.05,54.7,0.03,0.03,616.350789,1776221917000
1776221919.31,219.31,0.96,67.7,0.95,54.7,0.99,475.52,,,0.01,475.52,,,0.04,67.7,0.05,54.7,0.03,0.03,616.34249,1776221918000
1776221920.031,220.031,0.96,67.7,0.95,54.7,0.99,475.52,,,0.01,475.52,,,0.04,67.7,0.05,54.7,0.03,0.03,616.34248,1776221919000
1776221921.452,221.452,0.96,67.7,0.95,54.7,0.99,475.52,,,0.01,475.52,,,0.04,67.7,0.05,54.7,0.03,0.03,616.350628,1776221920000
1776221922.137,222.137,0.96,67.7,0.95,54.7,0.99,475.52,,,0.01,475.52,,,0.04,67.7,0.05,54.7,0.03,0.03,616.35602,1776221921000
1776221923.162,223.162,0.96,67.7,0.95,54.7,0.99,475.52,,,0.01,475.52,,,0.04,67.7,0.05,54.7,0.03,0.03,616.288,1776221922000
1776221924.389,224.389,0.96,67.7,0.95,54.7,0.99,475.52,,,0.01,475.52,,,0.04,67.7,0.05,54.7,0.03,0.03,616.285513,1776221923000
1776221924.947,224.947,0.96,67.7,0.95,54.7,0.99,475.52,,,0.01,475.52,,,0.04,67.7,0.05,54.7,0.03,0.03,616.285639,1776221924000
1776221926.086,226.086,0.96,67.7,0.95,54.7,0.99,475.52,,,0.01,475.52,,,0.04,67.7,0.05,54.7,0.03,0.03,616.291,1776221925000
1776221927.136,227.136,0.96,67.7,0.95,54.7,0.99,475.52,,,0.01,475.52,,,0.04,67.7,0.05,54.7,0.03,0.03,616.289,1776221926000
1776221928.377,228.377,0.95,4.7,0.94,46.1,0.98,137.69,0.99,475.52,0.01,475.52,,,0.04,67.7,0.05,54.7,0.03,0.03,616.289,1776221926000
1776221929.011,229.011,0.95,4.7,0.94,46.1,0.98,137.69,0.99,475.52,0.02,137.69,0.01,475.52,0.05,4.7,0.06,46.1,0.03,0.03,616.291,1776221928000
1776221930.086,230.086,0.95,4.7,0.94,46.1,0.98,137.69,0.99,475.52,0.02,137.69,0.01,475.52,0.05,4.7,0.06,46.1,0.03,0.03,616.291,1776221929000
1776221931.474,231.474,0.95,4.7,0.94,46.1,0.98,137.69,0.99,475.52,0.02,137.69,0.01,475.52,0.05,4.7,0.06,46.1,0.03,0.03,616.29,1776221930000
1776221932.531,232.531,0.95,4.7,0.94,46.1,0.98,137.69,0.99,475.52,0.02,137.69,0.01,475.52,0.05,4.7,0.06,46.1,0.03,0.03,616.293,1776221931000
1776221933.393,233.393,0.95,4.7,0.94,46.1,0.98,137.69,0.99,475.52,0.02,137.69,0.01,475.52,0.05,4.7,0.06,46.1,0.03,0.03,616.293,1776221932000
1776221934.755,234.755,0.95,4.7,0.94,46.1,0.98,137.69,0.99,475.52,0.02,137.69,0.01,475.52,0.05,4.7,0.06,46.1,0.03,0.03,616.293,1776221933000
1776221935.371,235.371,0.95,4.7,0.94,46.1,0.98,137.69,0.99,475.52,0.02,137.69,0.01,475.52,0.05,4.7,0.06,46.1,0.03,0.03,616.294,1776221934000
1776221936.182,236.182,0.95,4.7,0.94,46.1,0.98,137.69,0.99,475.52,0.02,137.69,0.01,475.52,0.05,4.7,0.06,46.1,0.03,0.03,616.299607,1776221935000
1776221937.509,237.509,0.95,4.7,0.94,46.1,0.98,137.69,0.99,475.52,0.02,137.69,0.01,475.52,0.05,4.7,0.06,46.1,0.03,0.03,616.32267,1776221936000
1776221938.173,238.173,0.95,4.7,0.94,46.1,0.98,137.69,0.99,475.52,0.02,137.69,0.01,475.52,0.05,4.7,0.06,46.1,0.03,0.03,616.32588,1776221937000
1776221939.474,239.474,0.95,4.7,0.94,46.1,0.98,137.69,0.99,475.52,0.02,137.69,0.01,475.52,0.05,4.7,0.06,46.1,0.03,0.03,616.32419,1776221938000
1776221940.169,240.169,0.95,4.7,0.94,46.1,0.98,137.69,0.99,475.52,0.02,137.69,0.01,475.52,0.05,4.7,0.06,46.1,0.03,0.03,616.32419,1776221939000
1776221941.521,241.521,0.95,4.7,0.94,46.1,0.98,137.69,0.99,475.52,0.02,137.69,0.01,475.52,0.05,4.7,0.06,46.1,0.03,0.03,616.32187,1776221940000
1776221942.193,242.193,0.95,4.7,0.94,46.1,0.98,137.69,0.99,475.52,0.02,137.69,0.01,475.52,0.05,4.7,0.06,46.1,0.03,0.03,616.32034,1776221941000
1776221942.724,242.724,0.97,94.3,0.96,72.7,0.99,474.52,,,0.02,137.69,0.01,475.52,0.05,4.7,0.06,46.1,0.02,0.03,616.32034,1776221941000
1776221943.397,243.397,0.97,94.3,0.96,72.7,0.99,474.52,,,0.01,474.52,,,0.03,94.3,0.04,72.7,0.02,0.02,616.32078,1776221942000
1776221944.309,244.309,0.97,94.3,0.96,72.7,0.99,474.52,,,0.01,474.52,,,0.03,94.3,0.04,72.7,0.02,0.02,616.32099,1776221943000
1776221945.529,245.529,0.97,94.3,0.96,72.7,0.99,474.52,,,0.01,474.52,,,0.03,94.3,0.04,72.7,0.02,0.02,616.279,1776221944000
1776221946.191,246.191,0.97,94.3,0.96,72.7,0.99,474.52,,,0.01,474.52,,,0.03,94.3,0.04,72.7,0.02,0.02,616.268,1776221945000
1776221947.541,247.541,0.97,94.3,0.96,72.7,0.99,474.52,,,0.01,474.52,,,0.03,94.3,0.04,72.7,0.02,0.02,616.278,1776221946000
1776221948.292,248.292,0.97,94.3,0.96,72.7,0.99,474.52,,,0.01,474.52,,,0.03,94.3,0.04,72.7,0.02,0.02,616.278,1776221947000
1776221950.111,250.111,0.97,94.3,0.96,72.7,0.99,474.52,,,0.01,474.52,,,0.03,94.3,0.04,72.7,0.02,0.02,616.284,1776221949000
1776221951.224,251.224,0.97,94.3,0.96,72.7,0.99,474.52,,,0.01,474.52,,,0.03,94.3,0.04,72.7,0.02,0.02,616.289586,1776221950000
1776221952.976,252.976,0.97,94.3,0.96,72.7,0.99,474.52,,,0.01,474.52,,,0.03,94.3,0.04,72.7,0.02,0.02,616.298,1776221951000
1776221953.5,253.5,0.97,94.3,0.96,72.7,0.99,474.52,,,0.01,474.52,,,0.03,94.3,0.04,72.7,0.02,0.02,616.299,1776221952000
1776221954.456,254.456,0.97,94.3,0.96,72.7,0.99,474.52,,,0.01,474.52,,,0.03,94.3,0.04,72.7,0.02,0.02,616.299,1776221953000
1776221955.018,255.018,0.97,94.3,0.96,72.7,0.99,474.52,,,0.01,474.52,,,0.03,94.3,0.04,72.7,0.02,0.02,616.289,1776221954000
1776221956.322,256.322,0.97,94.3,0.96,72.7,0.99,474.52,,,0.01,474.52,,,0.03,94.3,0.04,72.7,0.02,0.02,616.296,1776221955000
1776221957.535,257.535,0.97,94.3,0.96,72.7,0.99,474.52,,,0.01,474.52,,,0.03,94.3,0.04,72.7,0.02,0.02,616.298,1776221956000
1776221958.197,258.197,0.97,94.3,0.96,72.7,0.99,474.52,,,0.01,474.52,,,0.03,94.3,0.04,72.7,0.02,0.02,616.287329,1776221957000
1776221959.574,259.574,0.97,94.3,0.96,72.7,0.99,474.52,,,0.01,474.52,,,0.03,94.3,0.04,72.7,0.02,0.02,616.278,1776221958000
1776221960.191,260.191,0.97,94.3,0.96,72.7,0.99,474.52,,,0.01,474.52,,,0.03,94.3,0.04,72.7,0.02,0.02,616.278,1776221959000
1776221961.443,261.443,0.97,94.3,0.96,72.7,0.99,474.52,,,0.01,474.52,,,0.03,94.3,0.04,72.7,0.02,0.02,616.275,1776221960000
1776221962.109,262.109,0.97,94.3,0.96,72.7,0.99,474.52,,,0.01,474.52,,,0.03,94.3,0.04,72.7,0.02,0.02,616.275,1776221961000
1776221963.345,263.345,0.97,94.3,0.96,72.7,0.99,474.52,,,0.01,474.52,,,0.03,94.3,0.04,72.7,0.02,0.02,616.259,1776221962000
1776221964.031,264.031,0.97,94.3,0.96,72.7,0.99,474.52,,,0.01,474.52,,,0.03,94.3,0.04,72.7,0.02,0.02,616.259,1776221963000
1776221964.365,264.365,0.97,94.3,0.96,67.7,0.99,478.5,,,0.01,474.52,,,0.03,94.3,0.04,72.7,0.02,0.02,616.259,1776221963000
1776221965.21,265.21,0.97,94.3,0.96,67.7,0.99,478.5,,,0.01,478.5,,,0.03,94.3,0.04,67.7,0.02,0.02,616.238,1776221964000
1776221966.844,266.844,0.97,94.3,0.96,67.7,0.99,478.5,,,0.01,478.5,,,0.03,94.3,0.04,67.7,0.02,0.02,616.234,1776221965000
1776221967.337,267.337,0.97,94.3,0.96,67.7,0.99,478.5,,,0.01,478.5,,,0.03,94.3,0.04,67.7,0.02,0.02,616.234,1776221966000
1776221968.303,268.303,0.97,94.3,0.96,67.7,0.99,478.5,,,0.01,478.5,,,0.03,94.3,0.04,67.7,0.02,0.02,616.221009,1776221967000
1776221969.262,269.262,0.97,94.3,0.96,67.7,0.99,478.5,,,0.01,478.5,,,0.03,94.3,0.04,67.7,0.02,0.02,616.222111,1776221968000
1776221970.32,270.32,0.97,94.3,0.96,67.7,0.99,478.5,,,0.01,478.5,,,0.03,94.3,0.04,67.7,0.02,0.02,616.287,1776221969000
1776221971.258,271.258,0.97,94.3,0.96,67.7,0.99,478.5,,,0.01,478.5,,,0.03,94.3,0.04,67.7,0.02,0.02,616.287,1776221970000
1776221972.294,272.294,0.97,94.3,0.96,67.7,0.99,478.5,,,0.01,478.5,,,0.03,94.3,0.04,67.7,0.02,0.02,616.284,1776221971000
1776221973.435,273.435,0.97,94.3,0.96,67.7,0.99,478.5,,,0.01,478.5,,,0.03,94.3,0.04,67.7,0.02,0.02,616.289,1776221972000
1776221973.941,273.941,0.97,94.3,0.96,67.7,0.99,478.5,,,0.01,478.5,,,0.03,94.3,0.04,67.7,0.02,0.02,616.289,1776221973000
1776221975.057,275.057,0.97,94.3,0.96,67.7,0.99,478.5,,,0.01,478.5,,,0.03,94.3,0.04,67.7,0.02,0.02,616.297,1776221974000
1776221975.982,275.982,0.97,94.3,0.96,67.7,0.99,478.5,,,0.01,478.5,,,0.03,94.3,0.04,67.7,0.02,0.02,616.294,1776221975000
1776221977.06,277.06,0.97,94.3,0.96,67.7,0.99,478.5,,,0.01,478.5,,,0.03,94.3,0.04,67.7,0.02,0.02,616.3,1776221976000
1776221978.1,278.1,0.97,94.3,0.96,67.7,0.99,478.5,,,0.01,478.5,,,0.03,94.3,0.04,67.7,0.02,0.02,616.3,1776221977000
1776221979.047,279.047,0.97,94.3,0.96,67.7,0.99,478.5,,,0.01,478.5,,,0.03,94.3,0.04,67.7,0.02,0.02,616.306,1776221978000
1776221980.128,280.128,0.97,94.3,0.96,67.7,0.99,478.5,,,0.01,478.5,,,0.03,94.3,0.04,67.7,0.02,0.02,616.30484,1776221979000
1776221981.323,281.323,0.97,94.3,0.96,67.7,0.99,478.5,,,0.01,478.5,,,0.03,94.3,0.04,67.7,0.02,0.02,616.24194,1776221980000
1776221982.288,282.288,0.97,94.3,0.96,67.7,0.99,478.5,,,0.01,478.5,,,0.03,94.3,0.04,67.7,0.02,0.02,616.24326,1776221981000
1776221982.95,282.95,0.97,94.3,0.96,67.7,0.99,478.5,,,0.01,478.5,,,0.03,94.3,0.04,67.7,0.02,0.02,616.24286,1776221982000
1776221983.965,283.965,0.97,94.3,0.96,67.7,0.99,478.5,,,0.01,478.5,,,0.03,94.3,0.04,67.7,0.02,0.02,616.24021,1776221983000
1776221985.078,285.078,0.97,94.3,0.96,67.7,0.99,478.5,,,0.01,478.5,,,0.03,94.3,0.04,67.7,0.02,0.02,616.23838,1776221984000
1776221986.196,286.196,0.99,784.1,0.93,5.38,,,,,,,,,0.01,784.1,0.07,5.38,,,616.23234,1776221985000
1776221986.677,286.677,0.99,684.1,0.93,5.38,,,,,,,,,0.01,784.1,0.07,5.38,,,616.23234,1776221985000
1776221987.167,287.167,0.99,684.1,0.93,5.38,,,,,,,,,0.01,684.1,0.07,5.38,,,616.215911,1776221986000
1776221988.339,288.339,0.99,684.1,0.93,5.38,,,,,,,,,0.01,684.1,0.07,5.38,,,616.242621,1776221987000
1776221989.309,289.309,0.99,684.1,0.93,5.38,,,,,,,,,0.01,684.1,0.07,5.38,,,616.28407,1776221988000
1776221990.402,290.402,0.99,684.1,0.93,5.38,,,,,,,,,0.01,684.1,0.07,5.38,,,616.298,1776221989000
1776221990.942,290.942,0.99,684.1,0.93,5.38,,,,,,,,,0.01,684.1,0.07,5.38,,,616.298,1776221990000
1776221991.938,291.938,0.99,684.1,0.93,5.38,,,,,,,,,0.01,684.1,0.07,5.38,,,616.292,1776221991000
1776221993.06,293.06,0.99,684.1,0.93,5.38,,,,,,,,,0.01,684.1,0.07,5.38,,,616.292,1776221992000
1776221994.013,294.013,0.99,684.1,0.93,5.38,,,,,,,,,0.01,684.1,0.07,5.38,,,616.256585,1776221993000
1776221995.252,295.252,0.99,684.1,0.93,5.38,,,,,,,,,0.01,684.1,0.07,5.38,,,616.283168,1776221994000
1776221996.279,296.279,0.99,684.1,0.93,5.38,,,,,,,,,0.01,684.1,0.07,5.38,,,616.285,1776221995000
1776221997.351,297.351,0.99,684.1,0.93,5.38,,,,,,,,,0.01,684.1,0.07,5.38,,,616.294,1776221996000
1776221998.44,298.44,0.99,684.1,0.93,5.38,,,,,,,,,0.01,684.1,0.07,5.38,,,616.295,1776221997000
1776221998.903,298.903,0.99,684.1,0.93,5.38,,,,,,,,,0.01,684.1,0.07,5.38,,,616.295,1776221998000
1776221999.918,299.918,0.99,684.1,0.93,5.38,,,,,,,,,0.01,684.1,0.07,5.38,,,616.296,1776221999000
1776222000.888,300.888,0.99,684.1,0.93,5.38,,,,,,,,,0.01,684.1,0.07,5.38,,,616.298,1776222000000

# RESULT,winner=Up,slug=bnb-updown-5m-1776221700,ticks=297
