timestamp,elapsed_sec,up_bid_p1,up_bid_s1,up_bid_p2,up_bid_s2,up_bid_p3,up_bid_s3,up_bid_p4,up_bid_s4,up_bid_p5,up_bid_s5,up_ask_p1,up_ask_s1,up_ask_p2,up_ask_s2,up_ask_p3,up_ask_s3,up_ask_p4,up_ask_s4,up_ask_p5,up_ask_s5,down_bid_p1,down_bid_s1,down_bid_p2,down_bid_s2,down_bid_p3,down_bid_s3,down_bid_p4,down_bid_s4,down_bid_p5,down_bid_s5,down_ask_p1,down_ask_s1,down_ask_p2,down_ask_s2,down_ask_p3,down_ask_s3,down_ask_p4,down_ask_s4,down_ask_p5,down_ask_s5,up_spread,down_spread,bnb_price,bnb_oracle_ts
1776168311.382,11.382,,,,,,,,,,,,,,,,,,,,,,,,,,,,,,,,,,,,,,,,,,,616.723,1776168310000
1776168311.942,11.942,0.44,10.0,0.37,18.0,0.36,5.0,0.35,20.0,0.34,5.0,0.55,5.0,0.56,5.0,0.59,12.0,0.61,55.0,0.62,15.0,0.45,5.0,0.44,5.0,0.41,12.0,0.39,55.0,0.38,15.0,0.56,10.0,0.63,18.0,0.64,5.0,0.65,20.0,0.66,5.0,0.11,0.11,616.723,1776168310000
1776168312.46,12.46,0.44,10.0,0.37,18.0,0.36,5.0,0.35,20.0,0.34,5.0,0.55,5.0,0.56,5.0,0.59,12.0,0.61,55.0,0.62,15.0,0.45,5.0,0.44,5.0,0.41,12.0,0.39,55.0,0.38,15.0,0.56,10.0,0.63,18.0,0.64,5.0,0.65,20.0,0.66,5.0,0.11,0.11,616.721,1776168311000
1776168313.572,13.572,0.44,10.0,0.37,18.0,0.36,5.0,0.35,20.0,0.34,5.0,0.55,5.0,0.56,5.0,0.59,12.0,0.61,55.0,0.62,15.0,0.45,5.0,0.44,5.0,0.41,12.0,0.39,55.0,0.38,15.0,0.56,10.0,0.63,18.0,0.64,5.0,0.65,20.0,0.66,5.0,0.11,0.11,616.706497,1776168312000
1776168314.707,14.707,0.44,10.0,0.37,18.0,0.36,5.0,0.35,20.0,0.34,5.0,0.55,5.0,0.56,5.0,0.59,12.0,0.61,55.0,0.62,15.0,0.45,5.0,0.44,5.0,0.41,12.0,0.39,55.0,0.38,15.0,0.56,10.0,0.63,18.0,0.64,5.0,0.65,20.0,0.66,5.0,0.11,0.11,616.693692,1776168313000
1776168315.617,15.617,0.44,10.0,0.37,18.0,0.36,5.0,0.35,20.0,0.34,5.0,0.55,5.0,0.56,5.0,0.59,12.0,0.61,55.0,0.62,15.0,0.45,5.0,0.44,5.0,0.41,12.0,0.39,55.0,0.38,15.0,0.56,10.0,0.63,18.0,0.64,5.0,0.65,20.0,0.66,5.0,0.11,0.11,616.707625,1776168314000
1776168316.302,16.302,0.44,10.0,0.37,18.0,0.36,5.0,0.35,20.0,0.34,5.0,0.55,5.0,0.56,5.0,0.59,12.0,0.61,55.0,0.62,15.0,0.45,5.0,0.44,5.0,0.41,12.0,0.39,55.0,0.38,15.0,0.56,10.0,0.63,18.0,0.64,5.0,0.65,20.0,0.66,5.0,0.11,0.11,616.708,1776168315000
1776168318.014,18.014,0.44,10.0,0.37,18.0,0.36,5.0,0.35,20.0,0.34,5.0,0.55,5.0,0.56,5.0,0.59,12.0,0.61,55.0,0.62,15.0,0.45,5.0,0.44,5.0,0.41,12.0,0.39,55.0,0.38,15.0,0.56,10.0,0.63,18.0,0.64,5.0,0.65,20.0,0.66,5.0,0.11,0.11,616.729752,1776168316000
1776168318.736,18.736,0.44,10.0,0.37,18.0,0.36,5.0,0.35,20.0,0.34,5.0,0.55,5.0,0.56,5.0,0.59,12.0,0.61,55.0,0.62,15.0,0.45,5.0,0.44,5.0,0.41,12.0,0.39,55.0,0.38,15.0,0.56,10.0,0.63,18.0,0.64,5.0,0.65,20.0,0.66,5.0,0.11,0.11,616.73,1776168317000
1776168319.548,19.548,0.44,10.0,0.37,18.0,0.36,5.0,0.35,20.0,0.34,5.0,0.55,5.0,0.56,5.0,0.59,12.0,0.61,55.0,0.62,15.0,0.45,5.0,0.44,5.0,0.41,12.0,0.39,55.0,0.38,15.0,0.56,10.0,0.63,18.0,0.64,5.0,0.65,20.0,0.66,5.0,0.11,0.11,616.726415,1776168318000
1776168320.226,20.226,0.44,10.0,0.37,18.0,0.36,5.0,0.35,20.0,0.34,5.0,0.55,5.0,0.56,5.0,0.59,12.0,0.61,55.0,0.62,15.0,0.45,5.0,0.44,5.0,0.41,12.0,0.39,55.0,0.38,15.0,0.56,10.0,0.63,18.0,0.64,5.0,0.65,20.0,0.66,5.0,0.11,0.11,616.723,1776168319000
1776168321.862,21.862,0.44,10.0,0.37,18.0,0.36,5.0,0.35,20.0,0.34,5.0,0.55,5.0,0.56,5.0,0.59,12.0,0.61,55.0,0.62,15.0,0.45,5.0,0.44,5.0,0.41,12.0,0.39,55.0,0.38,15.0,0.56,10.0,0.63,18.0,0.64,5.0,0.65,20.0,0.66,5.0,0.11,0.11,616.72341,1776168320000
1776168322.587,22.587,0.44,10.0,0.37,18.0,0.36,5.0,0.35,20.0,0.34,5.0,0.55,5.0,0.56,5.0,0.59,12.0,0.61,55.0,0.62,15.0,0.45,5.0,0.44,5.0,0.41,12.0,0.39,55.0,0.38,15.0,0.56,10.0,0.63,18.0,0.64,5.0,0.65,20.0,0.66,5.0,0.11,0.11,616.689797,1776168321000
1776168323.395,23.395,0.44,10.0,0.37,18.0,0.36,5.0,0.35,20.0,0.34,5.0,0.55,5.0,0.56,5.0,0.59,12.0,0.61,55.0,0.62,15.0,0.45,5.0,0.44,5.0,0.41,12.0,0.39,55.0,0.38,15.0,0.56,10.0,0.63,18.0,0.64,5.0,0.65,20.0,0.66,5.0,0.11,0.11,616.68876,1776168322000
1776168324.111,24.111,0.44,10.0,0.37,18.0,0.36,5.0,0.35,20.0,0.34,5.0,0.55,5.0,0.56,5.0,0.59,12.0,0.61,55.0,0.62,15.0,0.45,5.0,0.44,5.0,0.41,12.0,0.39,55.0,0.38,15.0,0.56,10.0,0.63,18.0,0.64,5.0,0.65,20.0,0.66,5.0,0.11,0.11,616.68856,1776168323000
1776168325.707,25.707,0.44,10.0,0.37,18.0,0.36,5.0,0.35,20.0,0.34,5.0,0.55,5.0,0.56,5.0,0.59,12.0,0.61,55.0,0.62,15.0,0.45,5.0,0.44,5.0,0.41,12.0,0.39,55.0,0.38,15.0,0.56,10.0,0.63,18.0,0.64,5.0,0.65,20.0,0.66,5.0,0.11,0.11,616.6801,1776168324000
1776168326.443,26.443,0.44,10.0,0.37,18.0,0.36,5.0,0.35,20.0,0.34,5.0,0.55,5.0,0.56,5.0,0.59,12.0,0.61,55.0,0.62,15.0,0.45,5.0,0.44,5.0,0.41,12.0,0.39,55.0,0.38,15.0,0.56,10.0,0.63,18.0,0.64,5.0,0.65,20.0,0.66,5.0,0.11,0.11,616.67749,1776168325000
1776168327.228,27.228,0.44,10.0,0.37,18.0,0.36,5.0,0.35,20.0,0.34,5.0,0.55,5.0,0.56,5.0,0.59,12.0,0.61,55.0,0.62,15.0,0.45,5.0,0.44,5.0,0.41,12.0,0.39,55.0,0.38,15.0,0.56,10.0,0.63,18.0,0.64,5.0,0.65,20.0,0.66,5.0,0.11,0.11,616.666419,1776168326000
1776168328.77,28.77,0.44,10.0,0.37,18.0,0.36,5.0,0.35,20.0,0.34,5.0,0.55,5.0,0.56,5.0,0.59,12.0,0.61,55.0,0.62,15.0,0.45,5.0,0.44,5.0,0.41,12.0,0.39,55.0,0.38,15.0,0.56,10.0,0.63,18.0,0.64,5.0,0.65,20.0,0.66,5.0,0.11,0.11,616.67793,1776168327000
1776168329.524,29.524,0.44,10.0,0.37,18.0,0.36,5.0,0.35,20.0,0.34,5.0,0.55,5.0,0.56,5.0,0.59,12.0,0.61,55.0,0.62,15.0,0.45,5.0,0.44,5.0,0.41,12.0,0.39,55.0,0.38,15.0,0.56,10.0,0.63,18.0,0.64,5.0,0.65,20.0,0.66,5.0,0.11,0.11,616.666377,1776168328000
1776168330.382,30.382,0.44,10.0,0.37,18.0,0.36,5.0,0.35,20.0,0.34,5.0,0.55,5.0,0.56,5.0,0.59,12.0,0.61,55.0,0.62,15.0,0.45,5.0,0.44,5.0,0.41,12.0,0.39,55.0,0.38,15.0,0.56,10.0,0.63,18.0,0.64,5.0,0.65,20.0,0.66,5.0,0.11,0.11,616.65136,1776168329000
1776168331.771,31.771,0.44,10.0,0.37,18.0,0.36,5.0,0.35,20.0,0.34,5.0,0.55,5.0,0.56,5.0,0.59,12.0,0.61,55.0,0.62,15.0,0.45,5.0,0.44,5.0,0.41,12.0,0.39,55.0,0.38,15.0,0.56,10.0,0.63,18.0,0.64,5.0,0.65,20.0,0.66,5.0,0.11,0.11,616.690495,1776168330000
1776168332.463,32.463,0.44,10.0,0.37,18.0,0.36,5.0,0.35,20.0,0.34,5.0,0.55,5.0,0.56,5.0,0.59,12.0,0.61,55.0,0.62,15.0,0.45,5.0,0.44,5.0,0.41,12.0,0.39,55.0,0.38,15.0,0.56,10.0,0.63,18.0,0.64,5.0,0.65,20.0,0.66,5.0,0.11,0.11,616.69686,1776168331000
1776168333.704,33.704,0.44,10.0,0.37,18.0,0.36,5.0,0.35,20.0,0.34,5.0,0.55,5.0,0.56,5.0,0.59,12.0,0.61,55.0,0.62,15.0,0.45,5.0,0.44,5.0,0.41,12.0,0.39,55.0,0.38,15.0,0.56,10.0,0.63,18.0,0.64,5.0,0.65,20.0,0.66,5.0,0.11,0.11,616.70227,1776168332000
1776168334.183,34.183,0.44,10.0,0.37,18.0,0.36,5.0,0.35,20.0,0.34,5.0,0.55,5.0,0.56,5.0,0.59,12.0,0.61,55.0,0.62,15.0,0.45,5.0,0.44,5.0,0.41,12.0,0.39,55.0,0.38,15.0,0.56,10.0,0.63,18.0,0.64,5.0,0.65,20.0,0.66,5.0,0.11,0.11,616.70151,1776168333000
1776168335.467,35.467,0.44,10.0,0.37,18.0,0.36,5.0,0.35,20.0,0.34,5.0,0.55,5.0,0.56,5.0,0.59,12.0,0.61,55.0,0.62,15.0,0.45,5.0,0.44,5.0,0.41,12.0,0.39,55.0,0.38,15.0,0.56,10.0,0.63,18.0,0.64,5.0,0.65,20.0,0.66,5.0,0.11,0.11,616.67121,1776168334000
1776168335.992,35.992,0.44,10.0,0.37,18.0,0.36,5.0,0.35,20.0,0.34,5.0,0.55,5.0,0.56,5.0,0.59,12.0,0.61,55.0,0.62,15.0,0.45,5.0,0.44,5.0,0.41,12.0,0.39,55.0,0.38,15.0,0.56,10.0,0.63,18.0,0.64,5.0,0.65,20.0,0.66,5.0,0.11,0.11,616.6712,1776168335000
1776168337.153,37.153,0.44,10.0,0.37,18.0,0.36,5.0,0.35,20.0,0.34,5.0,0.55,5.0,0.56,5.0,0.59,12.0,0.61,55.0,0.62,15.0,0.45,5.0,0.44,5.0,0.41,12.0,0.39,55.0,0.38,15.0,0.56,10.0,0.63,18.0,0.64,5.0,0.65,20.0,0.66,5.0,0.11,0.11,616.662881,1776168336000
1776168338.587,38.587,0.44,10.0,0.37,18.0,0.36,5.0,0.35,20.0,0.34,5.0,0.55,5.0,0.56,5.0,0.59,12.0,0.61,55.0,0.62,15.0,0.45,5.0,0.44,5.0,0.41,12.0,0.39,55.0,0.38,15.0,0.56,10.0,0.63,18.0,0.64,5.0,0.65,20.0,0.66,5.0,0.11,0.11,616.67021,1776168337000
1776168338.972,38.972,0.44,10.0,0.37,18.0,0.36,5.0,0.35,20.0,0.34,5.0,0.55,5.0,0.56,5.0,0.59,12.0,0.61,55.0,0.62,15.0,0.45,5.0,0.44,5.0,0.41,12.0,0.39,55.0,0.38,15.0,0.56,10.0,0.63,18.0,0.64,5.0,0.65,20.0,0.66,5.0,0.11,0.11,616.67016,1776168338000
1776168340.231,40.231,0.44,10.0,0.37,18.0,0.36,5.0,0.35,20.0,0.34,5.0,0.55,5.0,0.56,5.0,0.59,12.0,0.61,55.0,0.62,15.0,0.45,5.0,0.44,5.0,0.41,12.0,0.39,55.0,0.38,15.0,0.56,10.0,0.63,18.0,0.64,5.0,0.65,20.0,0.66,5.0,0.11,0.11,616.670268,1776168339000
1776168341.491,41.491,0.44,10.0,0.37,18.0,0.36,5.0,0.35,20.0,0.34,5.0,0.55,5.0,0.56,5.0,0.59,12.0,0.61,55.0,0.62,15.0,0.45,5.0,0.44,5.0,0.41,12.0,0.39,55.0,0.38,15.0,0.56,10.0,0.63,18.0,0.64,5.0,0.65,20.0,0.66,5.0,0.11,0.11,616.67001,1776168340000
1776168342.079,42.079,0.44,10.0,0.37,18.0,0.36,5.0,0.35,20.0,0.34,5.0,0.55,5.0,0.56,5.0,0.59,12.0,0.61,55.0,0.62,15.0,0.45,5.0,0.44,5.0,0.41,12.0,0.39,55.0,0.38,15.0,0.56,10.0,0.63,18.0,0.64,5.0,0.65,20.0,0.66,5.0,0.11,0.11,616.671177,1776168341000
1776168343.33,43.33,0.44,10.0,0.37,18.0,0.36,5.0,0.35,20.0,0.34,5.0,0.55,5.0,0.56,5.0,0.59,12.0,0.61,55.0,0.62,15.0,0.45,5.0,0.44,5.0,0.41,12.0,0.39,55.0,0.38,15.0,0.56,10.0,0.63,18.0,0.64,5.0,0.65,20.0,0.66,5.0,0.11,0.11,616.665054,1776168342000
1776168343.956,43.956,0.44,10.0,0.37,18.0,0.36,5.0,0.35,20.0,0.34,5.0,0.55,5.0,0.56,5.0,0.59,12.0,0.61,55.0,0.62,15.0,0.45,5.0,0.44,5.0,0.41,12.0,0.39,55.0,0.38,15.0,0.56,10.0,0.63,18.0,0.64,5.0,0.65,20.0,0.66,5.0,0.11,0.11,616.67283,1776168343000
1776168345.245,45.245,0.44,10.0,0.37,18.0,0.36,5.0,0.35,20.0,0.34,5.0,0.55,5.0,0.56,5.0,0.59,12.0,0.61,55.0,0.62,15.0,0.45,5.0,0.44,5.0,0.41,12.0,0.39,55.0,0.38,15.0,0.56,10.0,0.63,18.0,0.64,5.0,0.65,20.0,0.66,5.0,0.11,0.11,616.67232,1776168344000
1776168346.392,46.392,0.44,10.0,0.37,18.0,0.36,5.0,0.35,20.0,0.34,5.0,0.55,5.0,0.56,5.0,0.59,12.0,0.61,55.0,0.62,15.0,0.45,5.0,0.44,5.0,0.41,12.0,0.39,55.0,0.38,15.0,0.56,10.0,0.63,18.0,0.64,5.0,0.65,20.0,0.66,5.0,0.11,0.11,616.67205,1776168345000
1776168346.998,46.998,0.44,10.0,0.37,18.0,0.36,5.0,0.35,20.0,0.34,5.0,0.55,5.0,0.56,5.0,0.59,12.0,0.61,55.0,0.62,15.0,0.45,5.0,0.44,5.0,0.41,12.0,0.39,55.0,0.38,15.0,0.56,10.0,0.63,18.0,0.64,5.0,0.65,20.0,0.66,5.0,0.11,0.11,616.67199,1776168346000
1776168348.273,48.273,0.44,10.0,0.37,18.0,0.36,5.0,0.35,20.0,0.34,5.0,0.55,5.0,0.56,5.0,0.59,12.0,0.61,55.0,0.62,15.0,0.45,5.0,0.44,5.0,0.41,12.0,0.39,55.0,0.38,15.0,0.56,10.0,0.63,18.0,0.64,5.0,0.65,20.0,0.66,5.0,0.11,0.11,616.67187,1776168347000
1776168348.511,48.511,0.37,3.76,0.36,5.0,0.35,10.0,0.33,25.0,0.31,50.0,0.47,5.0,0.48,5.0,0.54,5.0,0.55,5.0,0.56,5.0,0.45,5.0,0.44,5.0,0.41,12.0,0.39,55.0,0.38,15.0,0.56,10.0,0.63,18.0,0.64,5.0,0.65,20.0,0.66,5.0,0.1,0.11,616.67187,1776168347000
1776168349.216,49.216,0.37,3.76,0.36,5.0,0.35,10.0,0.33,25.0,0.31,50.0,0.47,5.0,0.48,5.0,0.54,5.0,0.55,5.0,0.56,5.0,0.53,5.0,0.52,5.0,0.46,5.0,0.45,5.0,0.44,5.0,0.63,3.76,0.64,5.0,0.65,10.0,0.67,25.0,0.69,50.0,0.1,0.1,616.66742,1776168348000
1776168350.402,50.402,0.37,3.76,0.36,5.0,0.35,10.0,0.33,25.0,0.31,50.0,0.47,5.0,0.48,5.0,0.54,5.0,0.55,5.0,0.56,5.0,0.53,5.0,0.52,5.0,0.46,5.0,0.45,5.0,0.44,5.0,0.63,3.76,0.64,5.0,0.65,10.0,0.67,25.0,0.69,50.0,0.1,0.1,616.65246,1776168349000
1776168350.91,50.91,0.37,3.76,0.36,5.0,0.35,10.0,0.33,25.0,0.31,50.0,0.47,5.0,0.48,5.0,0.54,5.0,0.55,5.0,0.56,5.0,0.53,5.0,0.52,5.0,0.46,5.0,0.45,5.0,0.44,5.0,0.63,3.76,0.64,5.0,0.65,10.0,0.67,25.0,0.69,50.0,0.1,0.1,616.65255,1776168350000
1776168352.097,52.097,0.37,3.76,0.36,5.0,0.35,10.0,0.33,25.0,0.31,50.0,0.47,5.0,0.48,5.0,0.54,5.0,0.55,5.0,0.56,5.0,0.53,5.0,0.52,5.0,0.46,5.0,0.45,5.0,0.44,5.0,0.63,3.76,0.64,5.0,0.65,10.0,0.67,25.0,0.69,50.0,0.1,0.1,616.652334,1776168351000
1776168353.174,53.174,0.37,3.76,0.36,5.0,0.35,10.0,0.33,25.0,0.31,50.0,0.47,5.0,0.48,5.0,0.54,5.0,0.55,5.0,0.56,5.0,0.53,5.0,0.52,5.0,0.46,5.0,0.45,5.0,0.44,5.0,0.63,3.76,0.64,5.0,0.65,10.0,0.67,25.0,0.69,50.0,0.1,0.1,616.65357,1776168352000
1776168354.359,54.359,0.37,3.76,0.36,5.0,0.35,10.0,0.33,25.0,0.31,50.0,0.47,5.0,0.48,5.0,0.54,5.0,0.55,5.0,0.56,5.0,0.53,5.0,0.52,5.0,0.46,5.0,0.45,5.0,0.44,5.0,0.63,3.76,0.64,5.0,0.65,10.0,0.67,25.0,0.69,50.0,0.1,0.1,616.64656,1776168353000
1776168355.478,55.478,0.37,3.76,0.36,5.0,0.35,10.0,0.33,25.0,0.31,50.0,0.47,5.0,0.48,5.0,0.54,5.0,0.55,5.0,0.56,5.0,0.53,5.0,0.52,5.0,0.46,5.0,0.45,5.0,0.44,5.0,0.63,3.76,0.64,5.0,0.65,10.0,0.67,25.0,0.69,50.0,0.1,0.1,616.64721,1776168354000
1776168356.074,56.074,0.37,3.76,0.36,5.0,0.35,10.0,0.33,25.0,0.31,50.0,0.47,5.0,0.48,5.0,0.54,5.0,0.55,5.0,0.56,5.0,0.53,5.0,0.52,5.0,0.46,5.0,0.45,5.0,0.44,5.0,0.63,3.76,0.64,5.0,0.65,10.0,0.67,25.0,0.69,50.0,0.1,0.1,616.64721,1776168355000
1776168357.191,57.191,0.37,3.76,0.36,5.0,0.35,10.0,0.33,25.0,0.31,50.0,0.47,5.0,0.48,5.0,0.54,5.0,0.55,5.0,0.56,5.0,0.53,5.0,0.52,5.0,0.46,5.0,0.45,5.0,0.44,5.0,0.63,3.76,0.64,5.0,0.65,10.0,0.67,25.0,0.69,50.0,0.1,0.1,616.6469,1776168356000
1776168358.202,58.202,0.37,3.76,0.36,5.0,0.35,10.0,0.33,25.0,0.31,50.0,0.47,5.0,0.48,5.0,0.54,5.0,0.55,5.0,0.56,5.0,0.53,5.0,0.52,5.0,0.46,5.0,0.45,5.0,0.44,5.0,0.63,3.76,0.64,5.0,0.65,10.0,0.67,25.0,0.69,50.0,0.1,0.1,616.64792,1776168357000
1776168359.396,59.396,0.37,3.76,0.36,5.0,0.35,10.0,0.33,25.0,0.31,50.0,0.47,5.0,0.48,5.0,0.54,5.0,0.55,5.0,0.56,5.0,0.53,5.0,0.52,5.0,0.46,5.0,0.45,5.0,0.44,5.0,0.63,3.76,0.64,5.0,0.65,10.0,0.67,25.0,0.69,50.0,0.1,0.1,616.64743,1776168358000
1776168359.947,59.947,0.37,3.76,0.36,5.0,0.35,10.0,0.33,25.0,0.31,50.0,0.47,5.0,0.48,5.0,0.54,5.0,0.55,5.0,0.56,5.0,0.53,5.0,0.52,5.0,0.46,5.0,0.45,5.0,0.44,5.0,0.63,3.76,0.64,5.0,0.65,10.0,0.67,25.0,0.69,50.0,0.1,0.1,616.64744,1776168359000
1776168361.211,61.211,0.37,3.76,0.36,5.0,0.35,10.0,0.33,25.0,0.31,50.0,0.47,5.0,0.48,5.0,0.54,5.0,0.55,5.0,0.56,5.0,0.53,5.0,0.52,5.0,0.46,5.0,0.45,5.0,0.44,5.0,0.63,3.76,0.64,5.0,0.65,10.0,0.67,25.0,0.69,50.0,0.1,0.1,616.64755,1776168360000
1776168362.054,62.054,0.37,1.37,0.35,5.0,0.34,14.0,0.31,15.0,0.3,5.0,0.42,5.0,0.43,5.0,0.48,5.0,0.49,5.0,0.5,5.0,0.53,5.0,0.52,5.0,0.46,5.0,0.45,5.0,0.44,5.0,0.63,3.76,0.64,5.0,0.65,10.0,0.67,25.0,0.69,50.0,0.05,0.1,616.64755,1776168360000
1776168362.376,62.376,0.37,1.37,0.35,5.0,0.34,14.0,0.31,15.0,0.3,5.0,0.42,5.0,0.43,5.0,0.48,5.0,0.49,5.0,0.5,5.0,0.58,5.0,0.57,5.0,0.52,5.0,0.51,5.0,0.5,5.0,0.63,1.37,0.65,5.0,0.66,14.0,0.69,15.0,0.7,5.0,0.05,0.05,616.64751,1776168361000
1776168362.975,62.975,0.37,1.37,0.35,5.0,0.34,14.0,0.31,15.0,0.3,5.0,0.42,5.0,0.43,5.0,0.48,5.0,0.49,5.0,0.5,5.0,0.58,5.0,0.57,5.0,0.52,5.0,0.51,5.0,0.5,5.0,0.63,1.37,0.65,5.0,0.66,14.0,0.69,15.0,0.7,5.0,0.05,0.05,616.62862,1776168362000
1776168364.344,64.344,0.37,1.37,0.35,5.0,0.34,14.0,0.31,15.0,0.3,5.0,0.42,5.0,0.43,5.0,0.48,5.0,0.49,5.0,0.5,5.0,0.58,5.0,0.57,5.0,0.52,5.0,0.51,5.0,0.5,5.0,0.63,1.37,0.65,5.0,0.66,14.0,0.69,15.0,0.7,5.0,0.05,0.05,616.61063,1776168363000
1776168364.789,64.789,0.35,5.0,0.25,20.0,0.24,14.3,0.23,14.7,0.22,15.2,0.38,40.0,0.41,50.0,0.51,50.0,0.53,10.0,0.61,60.9,0.58,5.0,0.57,5.0,0.52,5.0,0.51,5.0,0.5,5.0,0.63,1.37,0.65,5.0,0.66,14.0,0.69,15.0,0.7,5.0,0.03,0.05,616.61063,1776168363000
1776168365.305,65.305,0.25,20.0,0.22,15.2,0.21,15.7,0.2,16.2,0.19,16.89,0.36,10.0,0.38,30.0,0.41,50.0,0.51,50.0,0.53,10.0,0.64,10.0,0.62,30.0,0.59,50.0,0.49,50.0,0.47,10.0,0.75,20.0,0.78,15.2,0.79,15.7,0.8,16.2,0.81,16.89,0.11,0.11,616.574924,1776168364000
1776168365.567,65.567,0.22,15.2,0.21,38.7,0.2,16.2,0.19,16.89,0.18,17.6,0.31,7.0,0.41,50.0,0.48,10.0,0.49,9.0,0.51,50.0,0.64,10.0,0.62,30.0,0.59,50.0,0.49,50.0,0.47,10.0,0.75,20.0,0.78,15.2,0.79,15.7,0.8,16.2,0.81,16.89,0.09,0.11,616.574924,1776168364000
1776168366.28,66.28,0.22,15.2,0.21,38.7,0.2,16.2,0.19,16.89,0.18,17.6,0.31,7.0,0.41,50.0,0.48,10.0,0.49,9.0,0.51,50.0,0.69,7.0,0.59,50.0,0.52,10.0,0.51,9.0,0.49,50.0,0.78,15.2,0.79,38.7,0.8,16.2,0.81,16.89,0.82,17.6,0.09,0.09,616.544458,1776168365000
1776168367.215,67.215,0.22,15.2,0.21,38.7,0.2,16.2,0.19,16.89,0.18,17.6,0.31,7.0,0.41,50.0,0.48,10.0,0.49,9.0,0.51,50.0,0.69,7.0,0.59,50.0,0.52,10.0,0.51,9.0,0.49,50.0,0.78,15.2,0.79,38.7,0.8,16.2,0.81,16.89,0.82,17.6,0.09,0.09,616.504421,1776168366000
1776168368.179,68.179,0.22,15.2,0.21,38.7,0.2,16.2,0.19,16.89,0.18,17.6,0.31,7.0,0.41,50.0,0.48,10.0,0.49,9.0,0.51,50.0,0.69,7.0,0.59,50.0,0.52,10.0,0.51,9.0,0.49,50.0,0.78,15.2,0.79,38.7,0.8,16.2,0.81,16.89,0.82,17.6,0.09,0.09,616.44583,1776168367000
1776168368.399,68.399,0.22,5.51,0.21,38.7,0.2,16.2,0.19,16.89,0.18,17.6,0.23,5.0,0.25,5.0,0.3,5.0,0.31,12.0,0.32,5.0,0.69,7.0,0.59,50.0,0.52,10.0,0.51,9.0,0.49,50.0,0.78,15.2,0.79,38.7,0.8,16.2,0.81,16.89,0.82,17.6,0.01,0.09,616.44583,1776168367000
1776168369.119,69.119,0.22,5.51,0.21,38.7,0.2,16.2,0.19,16.89,0.18,17.6,0.23,5.0,0.25,5.0,0.3,5.0,0.31,12.0,0.32,5.0,0.77,5.0,0.75,5.0,0.7,5.0,0.69,12.0,0.68,5.0,0.78,5.51,0.79,38.7,0.8,16.2,0.81,16.89,0.82,17.6,0.01,0.01,616.43478,1776168368000
1776168370.076,70.076,0.22,5.51,0.21,38.7,0.2,16.2,0.19,16.89,0.18,17.6,0.23,5.0,0.25,5.0,0.3,5.0,0.31,12.0,0.32,5.0,0.77,5.0,0.75,5.0,0.7,5.0,0.69,12.0,0.68,5.0,0.78,5.51,0.79,38.7,0.8,16.2,0.81,16.89,0.82,17.6,0.01,0.01,616.41868,1776168369000
1776168371.099,71.099,0.22,5.51,0.21,38.7,0.2,16.2,0.19,16.89,0.18,17.6,0.23,5.0,0.25,5.0,0.3,5.0,0.31,12.0,0.32,5.0,0.77,5.0,0.75,5.0,0.7,5.0,0.69,12.0,0.68,5.0,0.78,5.51,0.79,38.7,0.8,16.2,0.81,16.89,0.82,17.6,0.01,0.01,616.41714,1776168370000
1776168372.085,72.085,0.22,5.51,0.21,38.7,0.2,16.2,0.19,16.89,0.18,17.6,0.23,5.0,0.25,5.0,0.3,5.0,0.31,12.0,0.32,5.0,0.77,5.0,0.75,5.0,0.7,5.0,0.69,12.0,0.68,5.0,0.78,5.51,0.79,38.7,0.8,16.2,0.81,16.89,0.82,17.6,0.01,0.01,616.38934,1776168371000
1776168373.117,73.117,0.22,5.51,0.21,38.7,0.2,16.2,0.19,16.89,0.18,17.6,0.23,5.0,0.25,5.0,0.3,5.0,0.31,12.0,0.32,5.0,0.77,5.0,0.75,5.0,0.7,5.0,0.69,12.0,0.68,5.0,0.78,5.51,0.79,38.7,0.8,16.2,0.81,16.89,0.82,17.6,0.01,0.01,616.378092,1776168372000
1776168373.342,73.342,0.21,15.7,0.2,41.2,0.19,16.89,0.18,17.6,0.17,18.39,0.23,5.0,0.25,5.0,0.3,5.0,0.31,12.0,0.32,5.0,0.77,5.0,0.75,5.0,0.7,5.0,0.69,12.0,0.68,5.0,0.78,5.51,0.79,38.7,0.8,16.2,0.81,16.89,0.82,17.6,0.02,0.01,616.378092,1776168372000
1776168373.703,73.703,0.2,31.9,0.19,16.89,0.18,17.6,0.17,18.39,0.16,19.3,0.23,5.0,0.25,5.0,0.3,5.0,0.31,12.0,0.32,5.0,0.77,5.0,0.75,5.0,0.7,5.0,0.69,12.0,0.68,5.0,0.79,15.7,0.8,41.2,0.81,16.89,0.82,17.6,0.83,18.39,0.03,0.02,616.378092,1776168372000
1776168374.081,74.081,0.2,31.9,0.19,16.89,0.18,17.6,0.17,18.39,0.16,19.3,0.23,5.0,0.25,5.0,0.3,5.0,0.31,12.0,0.32,5.0,0.77,5.0,0.75,5.0,0.7,5.0,0.69,12.0,0.68,5.0,0.8,31.9,0.81,16.89,0.82,17.6,0.83,18.39,0.84,19.3,0.03,0.03,616.420574,1776168373000
1776168374.796,74.796,0.2,25.0,0.19,16.89,0.18,17.6,0.17,18.39,0.16,19.3,0.23,0.65,0.25,5.0,0.3,5.0,0.31,12.0,0.32,5.0,0.77,5.0,0.75,5.0,0.7,5.0,0.69,12.0,0.68,5.0,0.8,31.9,0.81,16.89,0.82,17.6,0.83,18.39,0.84,19.3,0.03,0.03,616.420574,1776168373000
1776168374.997,74.997,0.2,25.0,0.19,16.89,0.18,17.6,0.17,18.39,0.16,19.3,0.23,0.65,0.25,5.0,0.3,5.0,0.31,12.0,0.32,5.0,0.77,0.65,0.75,5.0,0.7,5.0,0.69,12.0,0.68,5.0,0.8,25.0,0.81,16.89,0.82,17.6,0.83,18.39,0.84,19.3,0.03,0.03,616.447173,1776168374000
1776168376.371,76.371,0.2,25.0,0.19,16.89,0.18,17.6,0.17,18.39,0.16,19.3,0.23,0.65,0.25,5.0,0.3,5.0,0.31,12.0,0.32,5.0,0.77,0.65,0.75,5.0,0.7,5.0,0.69,12.0,0.68,5.0,0.8,25.0,0.81,16.89,0.82,17.6,0.83,18.39,0.84,19.3,0.03,0.03,616.4552,1776168375000
1776168376.899,76.899,0.2,25.0,0.19,16.89,0.18,17.6,0.17,18.39,0.16,19.3,0.23,0.65,0.25,5.0,0.3,5.0,0.31,12.0,0.32,5.0,0.77,0.65,0.75,5.0,0.7,5.0,0.69,12.0,0.68,5.0,0.8,25.0,0.81,16.89,0.82,17.6,0.83,18.39,0.84,19.3,0.03,0.03,616.37432,1776168376000
1776168377.872,77.872,0.2,25.0,0.19,16.89,0.18,17.6,0.17,18.39,0.16,19.3,0.23,0.65,0.25,5.0,0.3,5.0,0.31,12.0,0.32,5.0,0.77,0.65,0.75,5.0,0.7,5.0,0.69,12.0,0.68,5.0,0.8,25.0,0.81,16.89,0.82,17.6,0.83,18.39,0.84,19.3,0.03,0.03,616.2948,1776168377000
1776168379.297,79.297,0.2,25.0,0.19,16.89,0.18,17.6,0.17,18.39,0.16,19.3,0.23,0.65,0.25,5.0,0.3,5.0,0.31,12.0,0.32,5.0,0.77,0.65,0.75,5.0,0.7,5.0,0.69,12.0,0.68,5.0,0.8,25.0,0.81,16.89,0.82,17.6,0.83,18.39,0.84,19.3,0.03,0.03,616.28546,1776168378000
1776168380.262,80.262,0.2,25.0,0.19,16.89,0.18,17.6,0.17,18.39,0.16,19.3,0.23,0.65,0.25,5.0,0.3,5.0,0.31,12.0,0.32,5.0,0.77,0.65,0.75,5.0,0.7,5.0,0.69,12.0,0.68,5.0,0.8,25.0,0.81,16.89,0.82,17.6,0.83,18.39,0.84,19.3,0.03,0.03,616.25562,1776168379000
1776168380.958,80.958,0.16,31.0,0.14,21.6,0.13,23.0,0.12,24.6,0.11,26.6,0.17,3.35,0.23,5.0,0.24,5.0,0.25,5.0,0.26,5.0,0.77,0.65,0.75,5.0,0.7,5.0,0.69,12.0,0.68,5.0,0.8,25.0,0.81,16.89,0.82,17.6,0.83,18.39,0.84,19.3,0.01,0.03,616.25562,1776168379000
1776168381.218,81.218,0.16,31.0,0.14,21.6,0.13,23.0,0.12,24.6,0.11,26.6,0.17,3.35,0.23,5.0,0.24,5.0,0.25,5.0,0.26,5.0,0.83,3.35,0.77,5.0,0.76,5.0,0.75,5.0,0.74,5.0,0.84,31.0,0.86,21.6,0.87,23.0,0.88,24.6,0.89,26.6,0.01,0.01,616.26868,1776168380000
1776168382.156,82.156,0.16,31.0,0.14,21.6,0.13,23.0,0.12,24.6,0.11,26.6,0.17,3.35,0.23,5.0,0.24,5.0,0.25,5.0,0.26,5.0,0.83,3.35,0.77,5.0,0.76,5.0,0.75,5.0,0.74,5.0,0.84,31.0,0.86,21.6,0.87,23.0,0.88,24.6,0.89,26.6,0.01,0.01,616.26862,1776168381000
1776168383.126,83.126,0.16,31.0,0.14,21.6,0.13,23.0,0.12,24.6,0.11,26.6,0.17,3.35,0.23,5.0,0.24,5.0,0.25,5.0,0.26,5.0,0.83,3.35,0.77,5.0,0.76,5.0,0.75,5.0,0.74,5.0,0.84,31.0,0.86,21.6,0.87,23.0,0.88,24.6,0.89,26.6,0.01,0.01,616.2687,1776168382000
1776168384.081,84.081,0.16,31.0,0.14,21.6,0.13,23.0,0.12,24.6,0.11,26.6,0.17,3.35,0.23,5.0,0.24,5.0,0.25,5.0,0.26,5.0,0.83,3.35,0.77,5.0,0.76,5.0,0.75,5.0,0.74,5.0,0.84,31.0,0.86,21.6,0.87,23.0,0.88,24.6,0.89,26.6,0.01,0.01,616.26843,1776168383000
1776168385.102,85.102,0.16,31.0,0.14,21.6,0.13,23.0,0.12,24.6,0.11,26.6,0.17,3.35,0.23,5.0,0.24,5.0,0.25,5.0,0.26,5.0,0.83,3.35,0.77,5.0,0.76,5.0,0.75,5.0,0.74,5.0,0.84,31.0,0.86,21.6,0.87,23.0,0.88,24.6,0.89,26.6,0.01,0.01,616.26816,1776168384000
1776168385.976,85.976,0.16,31.0,0.14,21.6,0.13,23.0,0.12,24.6,0.11,26.6,0.17,3.35,0.23,5.0,0.24,5.0,0.25,5.0,0.26,5.0,0.83,3.35,0.77,5.0,0.76,5.0,0.75,5.0,0.74,5.0,0.84,31.0,0.86,21.6,0.87,23.0,0.88,24.6,0.89,26.6,0.01,0.01,616.26842,1776168385000
1776168386.92,86.92,0.16,31.0,0.14,21.6,0.13,23.0,0.12,24.6,0.11,26.6,0.17,3.35,0.23,5.0,0.24,5.0,0.25,5.0,0.26,5.0,0.83,3.35,0.77,5.0,0.76,5.0,0.75,5.0,0.74,5.0,0.84,31.0,0.86,21.6,0.87,23.0,0.88,24.6,0.89,26.6,0.01,0.01,616.26812,1776168386000
1776168387.884,87.884,0.16,31.0,0.14,21.6,0.13,23.0,0.12,24.6,0.11,26.6,0.17,3.35,0.23,5.0,0.24,5.0,0.25,5.0,0.26,5.0,0.83,3.35,0.77,5.0,0.76,5.0,0.75,5.0,0.74,5.0,0.84,31.0,0.86,21.6,0.87,23.0,0.88,24.6,0.89,26.6,0.01,0.01,616.27192,1776168387000
1776168389.294,89.294,0.16,31.0,0.14,21.6,0.13,23.0,0.12,24.6,0.11,26.6,0.17,3.35,0.23,5.0,0.24,5.0,0.25,5.0,0.26,5.0,0.83,3.35,0.77,5.0,0.76,5.0,0.75,5.0,0.74,5.0,0.84,31.0,0.86,21.6,0.87,23.0,0.88,24.6,0.89,26.6,0.01,0.01,616.26939,1776168388000
1776168390.343,90.343,0.16,31.0,0.14,21.6,0.13,23.0,0.12,24.6,0.11,26.6,0.17,3.35,0.23,5.0,0.24,5.0,0.25,5.0,0.26,5.0,0.83,3.35,0.77,5.0,0.76,5.0,0.75,5.0,0.74,5.0,0.84,31.0,0.86,21.6,0.87,23.0,0.88,24.6,0.89,26.6,0.01,0.01,616.27333,1776168389000
1776168391.424,91.424,0.16,31.0,0.14,21.6,0.13,23.0,0.12,24.6,0.11,26.6,0.17,3.35,0.23,5.0,0.24,5.0,0.25,5.0,0.26,5.0,0.83,3.35,0.77,5.0,0.76,5.0,0.75,5.0,0.74,5.0,0.84,31.0,0.86,21.6,0.87,23.0,0.88,24.6,0.89,26.6,0.01,0.01,616.27339,1776168390000
1776168391.993,91.993,0.16,31.0,0.14,21.6,0.13,23.0,0.12,24.6,0.11,26.6,0.17,3.35,0.23,5.0,0.24,5.0,0.25,5.0,0.26,5.0,0.83,3.35,0.77,5.0,0.76,5.0,0.75,5.0,0.74,5.0,0.84,31.0,0.86,21.6,0.87,23.0,0.88,24.6,0.89,26.6,0.01,0.01,616.27341,1776168391000
1776168393.07,93.07,0.16,31.0,0.14,21.6,0.13,23.0,0.12,24.6,0.11,26.6,0.17,3.35,0.23,5.0,0.24,5.0,0.25,5.0,0.26,5.0,0.83,3.35,0.77,5.0,0.76,5.0,0.75,5.0,0.74,5.0,0.84,31.0,0.86,21.6,0.87,23.0,0.88,24.6,0.89,26.6,0.01,0.01,616.27533,1776168392000
1776168394.137,94.137,0.16,31.0,0.14,21.6,0.13,23.0,0.12,24.6,0.11,26.6,0.17,3.35,0.23,5.0,0.24,5.0,0.25,5.0,0.26,5.0,0.83,3.35,0.77,5.0,0.76,5.0,0.75,5.0,0.74,5.0,0.84,31.0,0.86,21.6,0.87,23.0,0.88,24.6,0.89,26.6,0.01,0.01,616.27547,1776168393000
1776168395.007,95.007,0.16,15.64,0.13,23.0,0.12,24.6,0.11,26.6,0.1,33.9,0.17,3.35,0.22,5.0,0.23,5.0,0.24,5.0,0.25,5.0,0.83,3.35,0.77,5.0,0.76,5.0,0.75,5.0,0.74,5.0,0.84,31.0,0.86,21.6,0.87,23.0,0.88,24.6,0.89,26.6,0.01,0.01,616.27547,1776168393000
1776168395.256,95.256,0.16,15.64,0.13,23.0,0.12,24.6,0.11,26.6,0.1,33.9,0.17,3.35,0.22,5.0,0.23,5.0,0.24,5.0,0.25,5.0,0.83,3.35,0.78,5.0,0.77,5.0,0.76,5.0,0.75,5.0,0.84,15.64,0.87,23.0,0.88,24.6,0.89,26.6,0.9,33.9,0.01,0.01,616.27545,1776168394000
1776168396.238,96.238,0.16,15.64,0.13,23.0,0.12,24.6,0.11,26.6,0.1,33.9,0.17,3.35,0.22,5.0,0.23,5.0,0.24,5.0,0.25,5.0,0.83,3.35,0.78,5.0,0.77,5.0,0.76,5.0,0.75,5.0,0.84,15.64,0.87,23.0,0.88,24.6,0.89,26.6,0.9,33.9,0.01,0.01,616.27583,1776168395000
1776168397.305,97.305,0.16,15.64,0.13,23.0,0.12,24.6,0.11,26.6,0.1,33.9,0.17,3.35,0.22,5.0,0.23,5.0,0.24,5.0,0.25,5.0,0.83,3.35,0.78,5.0,0.77,5.0,0.76,5.0,0.75,5.0,0.84,15.64,0.87,23.0,0.88,24.6,0.89,26.6,0.9,33.9,0.01,0.01,616.27601,1776168396000
1776168398.34,98.34,0.16,15.64,0.13,23.0,0.12,24.6,0.11,26.6,0.1,33.9,0.17,3.35,0.22,5.0,0.23,5.0,0.24,5.0,0.25,5.0,0.83,3.35,0.78,5.0,0.77,5.0,0.76,5.0,0.75,5.0,0.84,15.64,0.87,23.0,0.88,24.6,0.89,26.6,0.9,33.9,0.01,0.01,616.27585,1776168397000
1776168399.345,99.345,0.16,15.64,0.13,23.0,0.12,24.6,0.11,26.6,0.1,33.9,0.17,3.35,0.22,5.0,0.23,5.0,0.24,5.0,0.25,5.0,0.83,3.35,0.78,5.0,0.77,5.0,0.76,5.0,0.75,5.0,0.84,15.64,0.87,23.0,0.88,24.6,0.89,26.6,0.9,33.9,0.01,0.01,616.27581,1776168398000
1776168399.937,99.937,0.16,15.64,0.13,23.0,0.12,24.6,0.11,26.6,0.1,33.9,0.17,3.35,0.22,5.0,0.23,5.0,0.24,5.0,0.25,5.0,0.83,3.35,0.78,5.0,0.77,5.0,0.76,5.0,0.75,5.0,0.84,15.64,0.87,23.0,0.88,24.6,0.89,26.6,0.9,33.9,0.01,0.01,616.27594,1776168399000
1776168400.933,100.933,0.16,15.64,0.13,23.0,0.12,24.6,0.11,26.6,0.1,33.9,0.17,3.35,0.22,5.0,0.23,5.0,0.24,5.0,0.25,5.0,0.83,3.35,0.78,5.0,0.77,5.0,0.76,5.0,0.75,5.0,0.84,15.64,0.87,23.0,0.88,24.6,0.89,26.6,0.9,33.9,0.01,0.01,616.27588,1776168400000
1776168402.614,102.614,0.16,15.64,0.13,23.0,0.12,24.6,0.11,26.6,0.1,33.9,0.17,3.35,0.22,5.0,0.23,5.0,0.24,5.0,0.25,5.0,0.83,3.35,0.78,5.0,0.77,5.0,0.76,5.0,0.75,5.0,0.84,15.64,0.87,23.0,0.88,24.6,0.89,26.6,0.9,33.9,0.01,0.01,616.26411,1776168401000
1776168403.198,103.198,0.16,15.64,0.13,23.0,0.12,24.6,0.11,26.6,0.1,33.9,0.17,3.35,0.22,5.0,0.23,5.0,0.24,5.0,0.25,5.0,0.83,3.35,0.78,5.0,0.77,5.0,0.76,5.0,0.75,5.0,0.84,15.64,0.87,23.0,0.88,24.6,0.89,26.6,0.9,33.9,0.01,0.01,616.2834,1776168402000
1776168404.2,104.2,0.16,15.64,0.13,23.0,0.12,24.6,0.11,26.6,0.1,33.9,0.17,3.35,0.22,5.0,0.23,5.0,0.24,5.0,0.25,5.0,0.83,3.35,0.78,5.0,0.77,5.0,0.76,5.0,0.75,5.0,0.84,15.64,0.87,23.0,0.88,24.6,0.89,26.6,0.9,33.9,0.01,0.01,616.26147,1776168403000
1776168405.122,105.122,0.16,15.64,0.13,23.0,0.12,24.6,0.11,26.6,0.1,33.9,0.17,3.35,0.22,5.0,0.23,5.0,0.24,5.0,0.25,5.0,0.83,3.35,0.78,5.0,0.77,5.0,0.76,5.0,0.75,5.0,0.84,15.64,0.87,23.0,0.88,24.6,0.89,26.6,0.9,33.9,0.01,0.01,616.2602,1776168404000
1776168406.105,106.105,0.16,15.64,0.13,23.0,0.12,24.6,0.11,26.6,0.1,33.9,0.17,3.35,0.22,5.0,0.23,5.0,0.24,5.0,0.25,5.0,0.83,3.35,0.78,5.0,0.77,5.0,0.76,5.0,0.75,5.0,0.84,15.64,0.87,23.0,0.88,24.6,0.89,26.6,0.9,33.9,0.01,0.01,616.25985,1776168405000
1776168407.133,107.133,0.16,15.64,0.13,23.0,0.12,24.6,0.11,26.6,0.1,33.9,0.17,3.35,0.22,5.0,0.23,5.0,0.24,5.0,0.25,5.0,0.83,3.35,0.78,5.0,0.77,5.0,0.76,5.0,0.75,5.0,0.84,15.64,0.87,23.0,0.88,24.6,0.89,26.6,0.9,33.9,0.01,0.01,616.2598,1776168406000
1776168407.396,107.396,0.13,23.0,0.12,24.6,0.11,26.6,0.1,33.9,0.09,31.7,0.23,5.0,0.24,5.0,0.25,5.0,0.26,5.0,0.28,12.9,0.83,3.35,0.78,5.0,0.77,5.0,0.76,5.0,0.75,5.0,0.84,15.64,0.87,23.0,0.88,24.6,0.89,26.6,0.9,33.9,0.1,0.01,616.2598,1776168406000
1776168408.155,108.155,0.13,23.0,0.12,24.6,0.11,26.6,0.1,33.9,0.09,31.7,0.23,5.0,0.24,5.0,0.25,5.0,0.26,5.0,0.28,12.9,0.77,5.0,0.76,5.0,0.75,5.0,0.74,5.0,0.72,12.9,0.87,23.0,0.88,24.6,0.89,26.6,0.9,33.9,0.91,31.7,0.1,0.1,616.27383,1776168407000
1776168409.109,109.109,0.13,23.0,0.12,24.6,0.11,26.6,0.1,33.9,0.09,31.7,0.23,5.0,0.24,5.0,0.25,5.0,0.26,5.0,0.28,12.9,0.77,5.0,0.76,5.0,0.75,5.0,0.74,5.0,0.72,12.9,0.87,23.0,0.88,24.6,0.89,26.6,0.9,33.9,0.91,31.7,0.1,0.1,616.29811,1776168408000
1776168410.038,110.038,0.13,23.0,0.12,24.6,0.11,26.6,0.1,33.9,0.09,31.7,0.23,5.0,0.24,5.0,0.25,5.0,0.26,5.0,0.28,12.9,0.77,5.0,0.76,5.0,0.75,5.0,0.74,5.0,0.72,12.9,0.87,23.0,0.88,24.6,0.89,26.6,0.9,33.9,0.91,31.7,0.1,0.1,616.34124,1776168409000
1776168411.148,111.148,0.13,23.0,0.12,24.6,0.11,26.6,0.1,33.9,0.09,31.7,0.23,5.0,0.24,5.0,0.25,5.0,0.26,5.0,0.28,12.9,0.77,5.0,0.76,5.0,0.75,5.0,0.74,5.0,0.72,12.9,0.87,23.0,0.88,24.6,0.89,26.6,0.9,33.9,0.91,31.7,0.1,0.1,616.360293,1776168410000
1776168412.124,112.124,0.13,23.0,0.12,24.6,0.11,26.6,0.1,33.9,0.09,31.7,0.23,5.0,0.24,5.0,0.25,5.0,0.26,5.0,0.28,12.9,0.77,5.0,0.76,5.0,0.75,5.0,0.74,5.0,0.72,12.9,0.87,23.0,0.88,24.6,0.89,26.6,0.9,33.9,0.91,31.7,0.1,0.1,616.394135,1776168411000
1776168413.111,113.111,0.13,23.0,0.12,24.6,0.11,26.6,0.1,33.9,0.09,31.7,0.23,5.0,0.24,5.0,0.25,5.0,0.26,5.0,0.28,12.9,0.77,5.0,0.76,5.0,0.75,5.0,0.74,5.0,0.72,12.9,0.87,23.0,0.88,24.6,0.89,26.6,0.9,33.9,0.91,31.7,0.1,0.1,616.379029,1776168412000
1776168414.144,114.144,0.13,23.0,0.12,24.6,0.11,26.6,0.1,33.9,0.09,31.7,0.23,5.0,0.24,5.0,0.25,5.0,0.26,5.0,0.28,12.9,0.77,5.0,0.76,5.0,0.75,5.0,0.74,5.0,0.72,12.9,0.87,23.0,0.88,24.6,0.89,26.6,0.9,33.9,0.91,31.7,0.1,0.1,616.38421,1776168413000
1776168415.856,115.856,0.13,23.0,0.12,24.6,0.11,26.6,0.1,33.9,0.09,31.7,0.23,5.0,0.24,5.0,0.25,5.0,0.26,5.0,0.28,12.9,0.77,5.0,0.76,5.0,0.75,5.0,0.74,5.0,0.72,12.9,0.87,23.0,0.88,24.6,0.89,26.6,0.9,33.9,0.91,31.7,0.1,0.1,616.28077,1776168414000
1776168416.731,116.731,0.13,23.0,0.12,24.6,0.11,26.6,0.1,33.9,0.09,31.7,0.23,5.0,0.24,5.0,0.25,5.0,0.26,5.0,0.28,12.9,0.77,5.0,0.76,5.0,0.75,5.0,0.74,5.0,0.72,12.9,0.87,23.0,0.88,24.6,0.89,26.6,0.9,33.9,0.91,31.7,0.1,0.1,616.28101,1776168415000
1776168417.364,117.364,0.13,23.0,0.12,24.6,0.11,26.6,0.1,33.9,0.09,31.7,0.23,5.0,0.24,5.0,0.25,5.0,0.26,5.0,0.28,12.9,0.77,5.0,0.76,5.0,0.75,5.0,0.74,5.0,0.72,12.9,0.87,23.0,0.88,24.6,0.89,26.6,0.9,33.9,0.91,31.7,0.1,0.1,616.28132,1776168416000
1776168418.4,118.4,0.13,23.0,0.12,24.6,0.11,26.6,0.1,33.9,0.09,31.7,0.23,5.0,0.24,5.0,0.25,5.0,0.26,5.0,0.28,12.9,0.77,5.0,0.76,5.0,0.75,5.0,0.74,5.0,0.72,12.9,0.87,23.0,0.88,24.6,0.89,26.6,0.9,33.9,0.91,31.7,0.1,0.1,616.29841,1776168417000
1776168419.153,119.153,0.13,23.0,0.12,24.6,0.11,26.6,0.1,33.9,0.09,31.7,0.23,5.0,0.24,5.0,0.25,5.0,0.26,5.0,0.28,12.9,0.77,5.0,0.76,5.0,0.75,5.0,0.74,5.0,0.72,12.9,0.87,23.0,0.88,24.6,0.89,26.6,0.9,33.9,0.91,31.7,0.1,0.1,616.29881,1776168418000
1776168420.337,120.337,0.13,23.0,0.12,24.6,0.11,26.6,0.1,33.9,0.09,31.7,0.23,5.0,0.24,5.0,0.25,5.0,0.26,5.0,0.28,12.9,0.77,5.0,0.76,5.0,0.75,5.0,0.74,5.0,0.72,12.9,0.87,23.0,0.88,24.6,0.89,26.6,0.9,33.9,0.91,31.7,0.1,0.1,616.29906,1776168419000
1776168422.079,122.079,0.13,23.0,0.12,24.6,0.11,26.6,0.1,33.9,0.09,31.7,0.23,5.0,0.24,5.0,0.25,5.0,0.26,5.0,0.28,12.9,0.77,5.0,0.76,5.0,0.75,5.0,0.74,5.0,0.72,12.9,0.87,23.0,0.88,24.6,0.89,26.6,0.9,33.9,0.91,31.7,0.1,0.1,616.33907,1776168421000
1776168423.532,123.532,0.13,23.0,0.12,24.6,0.11,26.6,0.1,33.9,0.09,31.7,0.23,5.0,0.24,5.0,0.25,5.0,0.26,5.0,0.28,12.9,0.77,5.0,0.76,5.0,0.75,5.0,0.74,5.0,0.72,12.9,0.87,23.0,0.88,24.6,0.89,26.6,0.9,33.9,0.91,31.7,0.1,0.1,616.34004,1776168422000
1776168424.36,124.36,0.13,23.0,0.12,24.6,0.11,26.6,0.1,33.9,0.09,31.7,0.23,5.0,0.24,5.0,0.25,5.0,0.26,5.0,0.28,12.9,0.77,5.0,0.76,5.0,0.75,5.0,0.74,5.0,0.72,12.9,0.87,23.0,0.88,24.6,0.89,26.6,0.9,33.9,0.91,31.7,0.1,0.1,616.35058,1776168423000
1776168425.67,125.67,0.13,23.0,0.12,24.6,0.11,26.6,0.1,33.9,0.09,31.7,0.23,5.0,0.24,5.0,0.25,5.0,0.26,5.0,0.28,12.9,0.77,5.0,0.76,5.0,0.75,5.0,0.74,5.0,0.72,12.9,0.87,23.0,0.88,24.6,0.89,26.6,0.9,33.9,0.91,31.7,0.1,0.1,616.31936,1776168424000
1776168426.37,126.37,0.13,23.0,0.12,24.6,0.11,26.6,0.1,33.9,0.09,31.7,0.23,5.0,0.24,5.0,0.25,5.0,0.26,5.0,0.28,12.9,0.77,5.0,0.76,5.0,0.75,5.0,0.74,5.0,0.72,12.9,0.87,23.0,0.88,24.6,0.89,26.6,0.9,33.9,0.91,31.7,0.1,0.1,616.30203,1776168425000
1776168427.098,127.098,0.12,11.77,0.11,26.6,0.1,33.9,0.09,31.7,0.08,35.29,0.22,13.0,0.24,24.3,0.25,19.9,0.26,13.5,0.27,13.2,0.77,5.0,0.76,5.0,0.75,5.0,0.74,5.0,0.72,12.9,0.87,23.0,0.88,24.6,0.89,26.6,0.9,33.9,0.91,31.7,0.1,0.1,616.30203,1776168425000
1776168428.658,128.658,0.12,11.77,0.11,26.6,0.1,33.9,0.09,31.7,0.08,35.29,0.22,13.0,0.24,24.3,0.25,19.9,0.26,13.5,0.27,13.2,0.78,13.0,0.76,24.3,0.75,19.9,0.74,13.5,0.73,13.2,0.88,11.77,0.89,26.6,0.9,33.9,0.91,31.7,0.92,35.29,0.1,0.1,616.34806,1776168427000
1776168429.429,129.429,0.12,11.77,0.11,26.6,0.1,33.9,0.09,31.7,0.08,35.29,0.22,13.0,0.24,24.3,0.25,19.9,0.26,13.5,0.27,13.2,0.78,13.0,0.76,24.3,0.75,19.9,0.74,13.5,0.73,13.2,0.88,11.77,0.89,26.6,0.9,33.9,0.91,31.7,0.92,35.29,0.1,0.1,616.342505,1776168428000
1776168430.159,130.159,0.12,11.77,0.11,26.6,0.1,33.9,0.09,31.7,0.08,35.29,0.22,13.0,0.24,24.3,0.25,19.9,0.26,13.5,0.27,13.2,0.78,13.0,0.76,24.3,0.75,19.9,0.74,13.5,0.73,13.2,0.88,11.77,0.89,26.6,0.9,33.9,0.91,31.7,0.92,35.29,0.1,0.1,616.345445,1776168429000
1776168431.62,131.62,0.12,11.77,0.11,26.6,0.1,33.9,0.09,31.7,0.08,35.29,0.22,13.0,0.24,24.3,0.25,19.9,0.26,13.5,0.27,13.2,0.78,13.0,0.76,24.3,0.75,19.9,0.74,13.5,0.73,13.2,0.88,11.77,0.89,26.6,0.9,33.9,0.91,31.7,0.92,35.29,0.1,0.1,616.341356,1776168430000
1776168432.457,132.457,0.12,11.77,0.11,26.6,0.1,33.9,0.09,31.7,0.08,35.29,0.22,13.0,0.24,24.3,0.25,19.9,0.26,13.5,0.27,13.2,0.78,13.0,0.76,24.3,0.75,19.9,0.74,13.5,0.73,13.2,0.88,11.77,0.89,26.6,0.9,33.9,0.91,31.7,0.92,35.29,0.1,0.1,616.33495,1776168431000
1776168433.139,133.139,0.12,11.77,0.11,26.6,0.1,33.9,0.09,31.7,0.08,35.29,0.22,13.0,0.24,24.3,0.25,19.9,0.26,13.5,0.27,13.2,0.78,13.0,0.76,24.3,0.75,19.9,0.74,13.5,0.73,13.2,0.88,11.77,0.89,26.6,0.9,33.9,0.91,31.7,0.92,35.29,0.1,0.1,616.31996,1776168432000
1776168434.717,134.717,0.12,11.77,0.11,26.6,0.1,33.9,0.09,31.7,0.08,35.29,0.22,13.0,0.24,24.3,0.25,19.9,0.26,13.5,0.27,13.2,0.78,13.0,0.76,24.3,0.75,19.9,0.74,13.5,0.73,13.2,0.88,11.77,0.89,26.6,0.9,33.9,0.91,31.7,0.92,35.29,0.1,0.1,616.31849,1776168433000
1776168435.21,135.21,0.12,11.77,0.11,26.6,0.1,33.9,0.09,31.7,0.08,35.29,0.22,13.0,0.24,24.3,0.25,19.9,0.26,13.5,0.27,13.2,0.78,13.0,0.76,24.3,0.75,19.9,0.74,13.5,0.73,13.2,0.88,11.77,0.89,26.6,0.9,33.9,0.91,31.7,0.92,35.29,0.1,0.1,616.31819,1776168434000
1776168436.183,136.183,0.12,11.77,0.11,26.6,0.1,33.9,0.09,31.7,0.08,35.29,0.22,13.0,0.24,24.3,0.25,19.9,0.26,13.5,0.27,13.2,0.78,13.0,0.76,24.3,0.75,19.9,0.74,13.5,0.73,13.2,0.88,11.77,0.89,26.6,0.9,33.9,0.91,31.7,0.92,35.29,0.1,0.1,616.31808,1776168435000
1776168437.233,137.233,0.12,11.77,0.11,26.6,0.1,33.9,0.09,31.7,0.08,35.29,0.22,13.0,0.24,24.3,0.25,19.9,0.26,13.5,0.27,13.2,0.78,13.0,0.76,24.3,0.75,19.9,0.74,13.5,0.73,13.2,0.88,11.77,0.89,26.6,0.9,33.9,0.91,31.7,0.92,35.29,0.1,0.1,616.31739,1776168436000
1776168438.213,138.213,0.12,11.77,0.11,26.6,0.1,33.9,0.09,31.7,0.08,35.29,0.22,13.0,0.24,24.3,0.25,19.9,0.26,13.5,0.27,13.2,0.78,13.0,0.76,24.3,0.75,19.9,0.74,13.5,0.73,13.2,0.88,11.77,0.89,26.6,0.9,33.9,0.91,31.7,0.92,35.29,0.1,0.1,616.31756,1776168437000
1776168439.251,139.251,0.12,11.77,0.11,26.6,0.1,33.9,0.09,31.7,0.08,35.29,0.22,13.0,0.24,24.3,0.25,19.9,0.26,13.5,0.27,13.2,0.78,13.0,0.76,24.3,0.75,19.9,0.74,13.5,0.73,13.2,0.88,11.77,0.89,26.6,0.9,33.9,0.91,31.7,0.92,35.29,0.1,0.1,616.298218,1776168438000
1776168440.213,140.213,0.12,11.77,0.11,26.6,0.1,33.9,0.09,31.7,0.08,35.29,0.22,13.0,0.24,24.3,0.25,19.9,0.26,13.5,0.27,13.2,0.78,13.0,0.76,24.3,0.75,19.9,0.74,13.5,0.73,13.2,0.88,11.77,0.89,26.6,0.9,33.9,0.91,31.7,0.92,35.29,0.1,0.1,616.29437,1776168439000
1776168441.352,141.352,0.12,11.77,0.11,26.6,0.1,33.9,0.09,31.7,0.08,35.29,0.22,13.0,0.24,24.3,0.25,19.9,0.26,13.5,0.27,13.2,0.78,13.0,0.76,24.3,0.75,19.9,0.74,13.5,0.73,13.2,0.88,11.77,0.89,26.6,0.9,33.9,0.91,31.7,0.92,35.29,0.1,0.1,616.30276,1776168440000
1776168442.3,142.3,0.12,11.77,0.11,26.6,0.1,33.9,0.09,31.7,0.08,35.29,0.22,13.0,0.24,24.3,0.25,19.9,0.26,13.5,0.27,13.2,0.78,13.0,0.76,24.3,0.75,19.9,0.74,13.5,0.73,13.2,0.88,11.77,0.89,26.6,0.9,33.9,0.91,31.7,0.92,35.29,0.1,0.1,616.31428,1776168441000
1776168443.241,143.241,0.12,11.77,0.11,26.6,0.1,33.9,0.09,31.7,0.08,35.29,0.22,13.0,0.24,24.3,0.25,19.9,0.26,13.5,0.27,13.2,0.78,13.0,0.76,24.3,0.75,19.9,0.74,13.5,0.73,13.2,0.88,11.77,0.89,26.6,0.9,33.9,0.91,31.7,0.92,35.29,0.1,0.1,616.31344,1776168442000
1776168444.289,144.289,0.12,11.77,0.11,26.6,0.1,33.9,0.09,31.7,0.08,35.29,0.22,13.0,0.24,24.3,0.25,19.9,0.26,13.5,0.27,13.2,0.78,13.0,0.76,24.3,0.75,19.9,0.74,13.5,0.73,13.2,0.88,11.77,0.89,26.6,0.9,33.9,0.91,31.7,0.92,35.29,0.1,0.1,616.31356,1776168443000
1776168445.269,145.269,0.12,11.77,0.11,26.6,0.1,33.9,0.09,31.7,0.08,35.29,0.22,13.0,0.24,24.3,0.25,19.9,0.26,13.5,0.27,13.2,0.78,13.0,0.76,24.3,0.75,19.9,0.74,13.5,0.73,13.2,0.88,11.77,0.89,26.6,0.9,33.9,0.91,31.7,0.92,35.29,0.1,0.1,616.309,1776168444000
1776168446.304,146.304,0.12,11.77,0.11,26.6,0.1,33.9,0.09,31.7,0.08,35.29,0.22,13.0,0.24,24.3,0.25,19.9,0.26,13.5,0.27,13.2,0.78,13.0,0.76,24.3,0.75,19.9,0.74,13.5,0.73,13.2,0.88,11.77,0.89,26.6,0.9,33.9,0.91,31.7,0.92,35.29,0.1,0.1,616.31077,1776168445000
1776168448.028,148.028,0.12,11.77,0.11,26.6,0.1,33.9,0.09,31.7,0.08,35.29,0.22,13.0,0.24,24.3,0.25,19.9,0.26,13.5,0.27,13.2,0.78,13.0,0.76,24.3,0.75,19.9,0.74,13.5,0.73,13.2,0.88,11.77,0.89,26.6,0.9,33.9,0.91,31.7,0.92,35.29,0.1,0.1,616.314825,1776168447000
1776168449.696,149.696,0.12,11.77,0.11,26.6,0.1,33.9,0.09,31.7,0.08,35.29,0.22,13.0,0.24,24.3,0.25,19.9,0.26,13.5,0.27,13.2,0.78,13.0,0.76,24.3,0.75,19.9,0.74,13.5,0.73,13.2,0.88,11.77,0.89,26.6,0.9,33.9,0.91,31.7,0.92,35.29,0.1,0.1,616.306863,1776168448000
1776168450.349,150.349,0.12,11.77,0.11,26.6,0.1,33.9,0.09,31.7,0.08,35.29,0.22,13.0,0.24,24.3,0.25,19.9,0.26,13.5,0.27,13.2,0.78,13.0,0.76,24.3,0.75,19.9,0.74,13.5,0.73,13.2,0.88,11.77,0.89,26.6,0.9,33.9,0.91,31.7,0.92,35.29,0.1,0.1,616.31719,1776168449000
1776168451.381,151.381,0.12,11.77,0.11,26.6,0.1,33.9,0.09,31.7,0.08,35.29,0.22,13.0,0.24,24.3,0.25,19.9,0.26,13.5,0.27,13.2,0.78,13.0,0.76,24.3,0.75,19.9,0.74,13.5,0.73,13.2,0.88,11.77,0.89,26.6,0.9,33.9,0.91,31.7,0.92,35.29,0.1,0.1,616.304198,1776168450000
1776168452.2,152.2,0.12,11.77,0.11,26.6,0.1,33.9,0.09,31.7,0.08,35.29,0.22,13.0,0.24,24.3,0.25,19.9,0.26,13.5,0.27,13.2,0.78,13.0,0.76,24.3,0.75,19.9,0.74,13.5,0.73,13.2,0.88,11.77,0.89,26.6,0.9,33.9,0.91,31.7,0.92,35.29,0.1,0.1,616.304198,1776168451000
1776168453.609,153.609,0.12,11.77,0.11,26.6,0.1,33.9,0.09,31.7,0.08,35.29,0.22,13.0,0.24,24.3,0.25,19.9,0.26,13.5,0.27,13.2,0.78,13.0,0.76,24.3,0.75,19.9,0.74,13.5,0.73,13.2,0.88,11.77,0.89,26.6,0.9,33.9,0.91,31.7,0.92,35.29,0.1,0.1,616.32428,1776168452000
1776168454.204,154.204,0.12,11.77,0.11,26.6,0.1,33.9,0.09,31.7,0.08,35.29,0.22,13.0,0.24,24.3,0.25,19.9,0.26,13.5,0.27,13.2,0.78,13.0,0.76,24.3,0.75,19.9,0.74,13.5,0.73,13.2,0.88,11.77,0.89,26.6,0.9,33.9,0.91,31.7,0.92,35.29,0.1,0.1,616.32435,1776168453000
1776168454.633,154.633,0.13,13.71,0.12,24.6,0.11,26.6,0.1,33.9,0.09,31.7,0.16,19.0,0.24,10.0,0.25,13.9,0.26,13.5,0.27,13.2,0.78,13.0,0.76,24.3,0.75,19.9,0.74,13.5,0.73,13.2,0.88,11.77,0.89,26.6,0.9,33.9,0.91,31.7,0.92,35.29,0.03,0.1,616.32435,1776168453000
1776168455.01,155.01,0.12,22.98,0.11,26.6,0.1,33.9,0.09,31.7,0.08,35.29,0.16,19.0,0.24,10.0,0.25,13.9,0.26,13.5,0.27,13.2,0.84,19.0,0.76,10.0,0.75,13.9,0.74,13.5,0.73,13.2,0.87,13.71,0.88,24.6,0.89,26.6,0.9,33.9,0.91,31.7,0.04,0.03,616.32435,1776168453000
1776168455.589,155.589,0.12,22.98,0.11,26.6,0.1,33.9,0.09,31.7,0.08,35.29,0.16,19.0,0.24,10.0,0.25,13.9,0.26,13.5,0.27,13.2,0.84,19.0,0.76,10.0,0.75,13.9,0.74,13.5,0.73,13.2,0.88,22.98,0.89,26.6,0.9,33.9,0.91,31.7,0.92,35.29,0.04,0.04,616.42294,1776168454000
1776168456.211,156.211,0.12,22.98,0.11,26.6,0.1,33.9,0.09,31.7,0.08,35.29,0.16,19.0,0.24,10.0,0.25,13.9,0.26,13.5,0.27,13.2,0.84,19.0,0.76,10.0,0.75,13.9,0.74,13.5,0.73,13.2,0.88,22.98,0.89,26.6,0.9,33.9,0.91,31.7,0.92,35.29,0.04,0.04,616.42346,1776168455000
1776168457.461,157.461,0.12,22.98,0.11,26.6,0.1,33.9,0.09,31.7,0.08,35.29,0.16,19.0,0.24,10.0,0.25,13.9,0.26,13.5,0.27,13.2,0.84,19.0,0.76,10.0,0.75,13.9,0.74,13.5,0.73,13.2,0.88,22.98,0.89,26.6,0.9,33.9,0.91,31.7,0.92,35.29,0.04,0.04,616.42586,1776168456000
1776168458.074,158.074,0.12,22.98,0.11,26.6,0.1,33.9,0.09,31.7,0.08,35.29,0.16,19.0,0.24,10.0,0.25,13.9,0.26,13.5,0.27,13.2,0.84,19.0,0.76,10.0,0.75,13.9,0.74,13.5,0.73,13.2,0.88,22.98,0.89,26.6,0.9,33.9,0.91,31.7,0.92,35.29,0.04,0.04,616.42679,1776168457000
1776168459.368,159.368,0.12,22.98,0.11,26.6,0.1,33.9,0.09,31.7,0.08,35.29,0.16,19.0,0.24,10.0,0.25,13.9,0.26,13.5,0.27,13.2,0.84,19.0,0.76,10.0,0.75,13.9,0.74,13.5,0.73,13.2,0.88,22.98,0.89,26.6,0.9,33.9,0.91,31.7,0.92,35.29,0.04,0.04,616.42737,1776168458000
1776168460.09,160.09,0.12,22.98,0.11,26.6,0.1,33.9,0.09,31.7,0.08,35.29,0.16,19.0,0.24,10.0,0.25,13.9,0.26,13.5,0.27,13.2,0.84,19.0,0.76,10.0,0.75,13.9,0.74,13.5,0.73,13.2,0.88,22.98,0.89,26.6,0.9,33.9,0.91,31.7,0.92,35.29,0.04,0.04,616.43384,1776168459000
1776168461.229,161.229,0.12,22.98,0.11,26.6,0.1,33.9,0.09,31.7,0.08,35.29,0.16,19.0,0.24,10.0,0.25,13.9,0.26,13.5,0.27,13.2,0.84,19.0,0.76,10.0,0.75,13.9,0.74,13.5,0.73,13.2,0.88,22.98,0.89,26.6,0.9,33.9,0.91,31.7,0.92,35.29,0.04,0.04,616.40761,1776168460000
1776168462.601,162.601,0.12,22.98,0.11,26.6,0.1,33.9,0.09,31.7,0.08,35.29,0.16,19.0,0.24,10.0,0.25,13.9,0.26,13.5,0.27,13.2,0.84,19.0,0.76,10.0,0.75,13.9,0.74,13.5,0.73,13.2,0.88,22.98,0.89,26.6,0.9,33.9,0.91,31.7,0.92,35.29,0.04,0.04,616.43134,1776168461000
1776168463.201,163.201,0.12,22.98,0.11,26.6,0.1,33.9,0.09,31.7,0.08,35.29,0.16,19.0,0.24,10.0,0.25,13.9,0.26,13.5,0.27,13.2,0.84,19.0,0.76,10.0,0.75,13.9,0.74,13.5,0.73,13.2,0.88,22.98,0.89,26.6,0.9,33.9,0.91,31.7,0.92,35.29,0.04,0.04,616.425366,1776168462000
1776168464.933,164.933,0.12,22.98,0.11,26.6,0.1,33.9,0.09,31.7,0.08,35.29,0.16,19.0,0.24,10.0,0.25,13.9,0.26,13.5,0.27,13.2,0.84,19.0,0.76,10.0,0.75,13.9,0.74,13.5,0.73,13.2,0.88,22.98,0.89,26.6,0.9,33.9,0.91,31.7,0.92,35.29,0.04,0.04,616.418409,1776168463000
1776168465.543,165.543,0.12,22.98,0.11,26.6,0.1,33.9,0.09,31.7,0.08,35.29,0.16,19.0,0.24,10.0,0.25,13.9,0.26,13.5,0.27,13.2,0.84,19.0,0.76,10.0,0.75,13.9,0.74,13.5,0.73,13.2,0.88,22.98,0.89,26.6,0.9,33.9,0.91,31.7,0.92,35.29,0.04,0.04,616.418455,1776168464000
1776168466.116,166.116,0.12,22.98,0.11,26.6,0.1,33.9,0.09,31.7,0.08,35.29,0.16,19.0,0.24,10.0,0.25,13.9,0.26,13.5,0.27,13.2,0.84,19.0,0.76,10.0,0.75,13.9,0.74,13.5,0.73,13.2,0.88,22.98,0.89,26.6,0.9,33.9,0.91,31.7,0.92,35.29,0.04,0.04,616.418462,1776168465000
1776168467.166,167.166,0.12,22.98,0.11,26.6,0.1,33.9,0.09,31.7,0.08,35.29,0.16,19.0,0.24,10.0,0.25,13.9,0.26,13.5,0.27,13.2,0.84,19.0,0.76,10.0,0.75,13.9,0.74,13.5,0.73,13.2,0.88,22.98,0.89,26.6,0.9,33.9,0.91,31.7,0.92,35.29,0.04,0.04,616.43365,1776168466000
1776168468.332,168.332,0.12,22.98,0.11,26.6,0.1,33.9,0.09,31.7,0.08,35.29,0.16,19.0,0.24,10.0,0.25,13.9,0.26,13.5,0.27,13.2,0.84,19.0,0.76,10.0,0.75,13.9,0.74,13.5,0.73,13.2,0.88,22.98,0.89,26.6,0.9,33.9,0.91,31.7,0.92,35.29,0.04,0.04,616.389657,1776168467000
1776168468.972,168.972,0.12,22.98,0.11,26.6,0.1,33.9,0.09,31.7,0.08,35.29,0.16,19.0,0.24,10.0,0.25,13.9,0.26,13.5,0.27,13.2,0.84,19.0,0.76,10.0,0.75,13.9,0.74,13.5,0.73,13.2,0.88,22.98,0.89,26.6,0.9,33.9,0.91,31.7,0.92,35.29,0.04,0.04,616.389657,1776168468000
1776168470.1,170.1,0.12,22.98,0.11,26.6,0.1,33.9,0.09,31.7,0.08,35.29,0.16,19.0,0.24,10.0,0.25,13.9,0.26,13.5,0.27,13.2,0.84,19.0,0.76,10.0,0.75,13.9,0.74,13.5,0.73,13.2,0.88,22.98,0.89,26.6,0.9,33.9,0.91,31.7,0.92,35.29,0.04,0.04,616.390938,1776168469000
1776168471.133,171.133,0.12,22.98,0.11,26.6,0.1,33.9,0.09,31.7,0.08,35.29,0.16,19.0,0.24,10.0,0.25,13.9,0.26,13.5,0.27,13.2,0.84,19.0,0.76,10.0,0.75,13.9,0.74,13.5,0.73,13.2,0.88,22.98,0.89,26.6,0.9,33.9,0.91,31.7,0.92,35.29,0.04,0.04,616.391535,1776168470000
1776168472.306,172.306,0.12,22.98,0.11,26.6,0.1,33.9,0.09,31.7,0.08,35.29,0.16,19.0,0.24,10.0,0.25,13.9,0.26,13.5,0.27,13.2,0.84,19.0,0.76,10.0,0.75,13.9,0.74,13.5,0.73,13.2,0.88,22.98,0.89,26.6,0.9,33.9,0.91,31.7,0.92,35.29,0.04,0.04,616.396583,1776168471000
1776168473.346,173.346,0.12,22.98,0.11,26.6,0.1,33.9,0.09,31.7,0.08,35.29,0.16,19.0,0.24,10.0,0.25,13.9,0.26,13.5,0.27,13.2,0.84,19.0,0.76,10.0,0.75,13.9,0.74,13.5,0.73,13.2,0.88,22.98,0.89,26.6,0.9,33.9,0.91,31.7,0.92,35.29,0.04,0.04,616.39668,1776168472000
1776168473.975,173.975,0.12,22.98,0.11,26.6,0.1,33.9,0.09,31.7,0.08,35.29,0.16,19.0,0.24,10.0,0.25,13.9,0.26,13.5,0.27,13.2,0.84,19.0,0.76,10.0,0.75,13.9,0.74,13.5,0.73,13.2,0.88,22.98,0.89,26.6,0.9,33.9,0.91,31.7,0.92,35.29,0.04,0.04,616.40529,1776168473000
1776168475.088,175.088,0.12,22.98,0.11,26.6,0.1,33.9,0.09,31.7,0.08,35.29,0.16,19.0,0.24,10.0,0.25,13.9,0.26,13.5,0.27,13.2,0.84,19.0,0.76,10.0,0.75,13.9,0.74,13.5,0.73,13.2,0.88,22.98,0.89,26.6,0.9,33.9,0.91,31.7,0.92,35.29,0.04,0.04,616.397459,1776168474000
1776168476.219,176.219,0.12,22.98,0.11,26.6,0.1,33.9,0.09,31.7,0.08,35.29,0.16,19.0,0.24,10.0,0.25,13.9,0.26,13.5,0.27,13.2,0.84,19.0,0.76,10.0,0.75,13.9,0.74,13.5,0.73,13.2,0.88,22.98,0.89,26.6,0.9,33.9,0.91,31.7,0.92,35.29,0.04,0.04,616.395876,1776168475000
1776168477.315,177.315,0.12,22.98,0.11,26.6,0.1,33.9,0.09,31.7,0.08,35.29,0.16,19.0,0.24,10.0,0.25,13.9,0.26,13.5,0.27,13.2,0.84,19.0,0.76,10.0,0.75,13.9,0.74,13.5,0.73,13.2,0.88,22.98,0.89,26.6,0.9,33.9,0.91,31.7,0.92,35.29,0.04,0.04,616.395868,1776168476000
1776168478.539,178.539,0.12,22.98,0.11,26.6,0.1,33.9,0.09,31.7,0.08,35.29,0.16,19.0,0.24,10.0,0.25,13.9,0.26,13.5,0.27,13.2,0.84,19.0,0.76,10.0,0.75,13.9,0.74,13.5,0.73,13.2,0.88,22.98,0.89,26.6,0.9,33.9,0.91,31.7,0.92,35.29,0.04,0.04,616.39639,1776168477000
1776168479.688,179.688,0.12,22.98,0.11,26.6,0.1,33.9,0.09,31.7,0.08,35.29,0.16,19.0,0.24,10.0,0.25,13.9,0.26,13.5,0.27,13.2,0.84,19.0,0.76,10.0,0.75,13.9,0.74,13.5,0.73,13.2,0.88,22.98,0.89,26.6,0.9,33.9,0.91,31.7,0.92,35.29,0.04,0.04,616.40932,1776168478000
1776168480.114,180.114,0.12,22.98,0.11,26.6,0.1,33.9,0.09,31.7,0.08,35.29,0.16,19.0,0.24,10.0,0.25,13.9,0.26,13.5,0.27,13.2,0.84,19.0,0.76,10.0,0.75,13.9,0.74,13.5,0.73,13.2,0.88,22.98,0.89,26.6,0.9,33.9,0.91,31.7,0.92,35.29,0.04,0.04,616.40932,1776168479000
1776168481.185,181.185,0.12,22.98,0.11,26.6,0.1,33.9,0.09,31.7,0.08,35.29,0.16,19.0,0.24,10.0,0.25,13.9,0.26,13.5,0.27,13.2,0.84,19.0,0.76,10.0,0.75,13.9,0.74,13.5,0.73,13.2,0.88,22.98,0.89,26.6,0.9,33.9,0.91,31.7,0.92,35.29,0.04,0.04,616.411,1776168480000
1776168482.166,182.166,0.12,22.98,0.11,26.6,0.1,33.9,0.09,31.7,0.08,35.29,0.16,19.0,0.24,10.0,0.25,13.9,0.26,13.5,0.27,13.2,0.84,19.0,0.76,10.0,0.75,13.9,0.74,13.5,0.73,13.2,0.88,22.98,0.89,26.6,0.9,33.9,0.91,31.7,0.92,35.29,0.04,0.04,616.41018,1776168481000
1776168483.286,183.286,0.12,22.98,0.11,26.6,0.1,33.9,0.09,31.7,0.08,35.29,0.16,19.0,0.24,10.0,0.25,13.9,0.26,13.5,0.27,13.2,0.84,19.0,0.76,10.0,0.75,13.9,0.74,13.5,0.73,13.2,0.88,22.98,0.89,26.6,0.9,33.9,0.91,31.7,0.92,35.29,0.04,0.04,616.41041,1776168482000
1776168484.344,184.344,0.12,22.98,0.11,26.6,0.1,33.9,0.09,31.7,0.08,35.29,0.16,19.0,0.24,10.0,0.25,13.9,0.26,13.5,0.27,13.2,0.84,19.0,0.76,10.0,0.75,13.9,0.74,13.5,0.73,13.2,0.88,22.98,0.89,26.6,0.9,33.9,0.91,31.7,0.92,35.29,0.04,0.04,616.41035,1776168483000
1776168485.503,185.503,0.12,22.98,0.11,26.6,0.1,33.9,0.09,31.7,0.08,35.29,0.16,19.0,0.24,10.0,0.25,13.9,0.26,13.5,0.27,13.2,0.84,19.0,0.76,10.0,0.75,13.9,0.74,13.5,0.73,13.2,0.88,22.98,0.89,26.6,0.9,33.9,0.91,31.7,0.92,35.29,0.04,0.04,616.40975,1776168484000
1776168485.918,185.918,0.12,22.98,0.11,26.6,0.1,33.9,0.09,31.7,0.08,35.29,0.16,19.0,0.24,10.0,0.25,13.9,0.26,13.5,0.27,13.2,0.84,19.0,0.76,10.0,0.75,13.9,0.74,13.5,0.73,13.2,0.88,22.98,0.89,26.6,0.9,33.9,0.91,31.7,0.92,35.29,0.04,0.04,616.40975,1776168485000
1776168487.026,187.026,0.12,22.98,0.11,26.6,0.1,33.9,0.09,31.7,0.08,35.29,0.16,19.0,0.24,10.0,0.25,13.9,0.26,13.5,0.27,13.2,0.84,19.0,0.76,10.0,0.75,13.9,0.74,13.5,0.73,13.2,0.88,22.98,0.89,26.6,0.9,33.9,0.91,31.7,0.92,35.29,0.04,0.04,616.41007,1776168486000
1776168488.161,188.161,0.12,22.98,0.11,26.6,0.1,33.9,0.09,31.7,0.08,35.29,0.16,19.0,0.24,10.0,0.25,13.9,0.26,13.5,0.27,13.2,0.84,19.0,0.76,10.0,0.75,13.9,0.74,13.5,0.73,13.2,0.88,22.98,0.89,26.6,0.9,33.9,0.91,31.7,0.92,35.29,0.04,0.04,616.40996,1776168487000
1776168489.012,189.012,0.12,22.98,0.11,26.6,0.1,33.9,0.09,31.7,0.08,35.29,0.16,19.0,0.24,10.0,0.25,13.9,0.26,13.5,0.27,13.2,0.84,19.0,0.76,10.0,0.75,13.9,0.74,13.5,0.73,13.2,0.88,22.98,0.89,26.6,0.9,33.9,0.91,31.7,0.92,35.29,0.04,0.04,616.40996,1776168488000
1776168490.014,190.014,0.12,22.98,0.11,26.6,0.1,33.9,0.09,31.7,0.08,35.29,0.16,19.0,0.24,10.0,0.25,13.9,0.26,13.5,0.27,13.2,0.84,19.0,0.76,10.0,0.75,13.9,0.74,13.5,0.73,13.2,0.88,22.98,0.89,26.6,0.9,33.9,0.91,31.7,0.92,35.29,0.04,0.04,616.41041,1776168489000
1776168491.059,191.059,0.12,22.98,0.11,26.6,0.1,33.9,0.09,31.7,0.08,35.29,0.16,19.0,0.24,10.0,0.25,13.9,0.26,13.5,0.27,13.2,0.84,19.0,0.76,10.0,0.75,13.9,0.74,13.5,0.73,13.2,0.88,22.98,0.89,26.6,0.9,33.9,0.91,31.7,0.92,35.29,0.04,0.04,616.40522,1776168490000
1776168491.95,191.95,0.12,22.98,0.11,26.6,0.1,33.9,0.09,31.7,0.08,35.29,0.16,19.0,0.24,10.0,0.25,13.9,0.26,13.5,0.27,13.2,0.84,19.0,0.76,10.0,0.75,13.9,0.74,13.5,0.73,13.2,0.88,22.98,0.89,26.6,0.9,33.9,0.91,31.7,0.92,35.29,0.04,0.04,616.38586,1776168491000
1776168493.99,193.99,0.12,22.98,0.11,26.6,0.1,33.9,0.09,31.7,0.08,35.29,0.16,19.0,0.24,10.0,0.25,13.9,0.26,13.5,0.27,13.2,0.84,19.0,0.76,10.0,0.75,13.9,0.74,13.5,0.73,13.2,0.88,22.98,0.89,26.6,0.9,33.9,0.91,31.7,0.92,35.29,0.04,0.04,616.38513,1776168493000
1776168495.821,195.821,0.12,22.98,0.11,26.6,0.1,33.9,0.09,31.7,0.08,35.29,0.16,19.0,0.24,10.0,0.25,13.9,0.26,13.5,0.27,13.2,0.84,19.0,0.76,10.0,0.75,13.9,0.74,13.5,0.73,13.2,0.88,22.98,0.89,26.6,0.9,33.9,0.91,31.7,0.92,35.29,0.04,0.04,616.385,1776168494000
1776168496.297,196.297,0.12,22.98,0.11,26.6,0.1,33.9,0.09,31.7,0.08,35.29,0.16,19.0,0.24,10.0,0.25,13.9,0.26,13.5,0.27,13.2,0.84,19.0,0.76,10.0,0.75,13.9,0.74,13.5,0.73,13.2,0.88,22.98,0.89,26.6,0.9,33.9,0.91,31.7,0.92,35.29,0.04,0.04,616.38671,1776168495000
1776168496.984,196.984,0.12,22.98,0.11,26.6,0.1,33.9,0.09,31.7,0.08,35.29,0.16,19.0,0.24,10.0,0.25,13.9,0.26,13.5,0.27,13.2,0.84,19.0,0.76,10.0,0.75,13.9,0.74,13.5,0.73,13.2,0.88,22.98,0.89,26.6,0.9,33.9,0.91,31.7,0.92,35.29,0.04,0.04,616.38671,1776168496000
1776168498.069,198.069,0.12,22.98,0.11,26.6,0.1,33.9,0.09,31.7,0.08,35.29,0.16,19.0,0.24,10.0,0.25,13.9,0.26,13.5,0.27,13.2,0.84,19.0,0.76,10.0,0.75,13.9,0.74,13.5,0.73,13.2,0.88,22.98,0.89,26.6,0.9,33.9,0.91,31.7,0.92,35.29,0.04,0.04,616.470572,1776168497000
1776168499.112,199.112,0.12,22.98,0.11,26.6,0.1,33.9,0.09,31.7,0.08,35.29,0.16,19.0,0.24,10.0,0.25,13.9,0.26,13.5,0.27,13.2,0.84,19.0,0.76,10.0,0.75,13.9,0.74,13.5,0.73,13.2,0.88,22.98,0.89,26.6,0.9,33.9,0.91,31.7,0.92,35.29,0.04,0.04,616.49719,1776168498000
1776168499.55,199.55,0.15,20.39,0.14,21.6,0.13,23.0,0.12,49.2,0.11,26.6,0.21,27.0,0.29,10.0,0.31,57.0,0.32,11.9,0.33,18.8,0.84,19.0,0.76,10.0,0.75,13.9,0.74,13.5,0.73,13.2,0.88,22.98,0.89,26.6,0.9,33.9,0.91,31.7,0.92,35.29,0.06,0.04,616.49719,1776168498000
1776168500.137,200.137,0.15,20.39,0.14,21.6,0.13,23.0,0.12,49.2,0.11,26.6,0.21,27.0,0.29,10.0,0.31,57.0,0.32,11.9,0.33,18.8,0.79,27.0,0.71,10.0,0.69,57.0,0.68,11.9,0.67,18.8,0.85,20.39,0.86,21.6,0.87,23.0,0.88,49.2,0.89,26.6,0.06,0.06,616.48,1776168499000
1776168501.226,201.226,0.15,20.39,0.14,21.6,0.13,23.0,0.12,49.2,0.11,26.6,0.21,27.0,0.29,10.0,0.31,57.0,0.32,11.9,0.33,18.8,0.79,27.0,0.71,10.0,0.69,57.0,0.68,11.9,0.67,18.8,0.85,20.39,0.86,21.6,0.87,23.0,0.88,49.2,0.89,26.6,0.06,0.06,616.517219,1776168500000
1776168502.268,202.268,0.15,20.39,0.14,21.6,0.13,23.0,0.12,49.2,0.11,26.6,0.21,27.0,0.29,10.0,0.31,57.0,0.32,11.9,0.33,18.8,0.79,27.0,0.71,10.0,0.69,57.0,0.68,11.9,0.67,18.8,0.85,20.39,0.86,21.6,0.87,23.0,0.88,49.2,0.89,26.6,0.06,0.06,616.523144,1776168501000
1776168503.361,203.361,0.15,20.39,0.14,21.6,0.13,23.0,0.12,49.2,0.11,26.6,0.21,27.0,0.29,10.0,0.31,57.0,0.32,11.9,0.33,18.8,0.79,27.0,0.71,10.0,0.69,57.0,0.68,11.9,0.67,18.8,0.85,20.39,0.86,21.6,0.87,23.0,0.88,49.2,0.89,26.6,0.06,0.06,616.539,1776168502000
1776168503.982,203.982,0.15,20.39,0.14,21.6,0.13,23.0,0.12,49.2,0.11,26.6,0.21,27.0,0.29,10.0,0.31,57.0,0.32,11.9,0.33,18.8,0.79,27.0,0.71,10.0,0.69,57.0,0.68,11.9,0.67,18.8,0.85,20.39,0.86,21.6,0.87,23.0,0.88,49.2,0.89,26.6,0.06,0.06,616.539,1776168503000
1776168505.109,205.109,0.15,20.39,0.14,21.6,0.13,23.0,0.12,49.2,0.11,26.6,0.21,27.0,0.29,10.0,0.31,57.0,0.32,11.9,0.33,18.8,0.79,27.0,0.71,10.0,0.69,57.0,0.68,11.9,0.67,18.8,0.85,20.39,0.86,21.6,0.87,23.0,0.88,49.2,0.89,26.6,0.06,0.06,616.533074,1776168504000
1776168506.131,206.131,0.15,20.39,0.14,21.6,0.13,23.0,0.12,49.2,0.11,26.6,0.21,27.0,0.29,10.0,0.31,57.0,0.32,11.9,0.33,18.8,0.79,27.0,0.71,10.0,0.69,57.0,0.68,11.9,0.67,18.8,0.85,20.39,0.86,21.6,0.87,23.0,0.88,49.2,0.89,26.6,0.06,0.06,616.526758,1776168505000
1776168507.213,207.213,0.15,20.39,0.14,21.6,0.13,23.0,0.12,49.2,0.11,26.6,0.21,27.0,0.29,10.0,0.31,57.0,0.32,11.9,0.33,18.8,0.79,27.0,0.71,10.0,0.69,57.0,0.68,11.9,0.67,18.8,0.85,20.39,0.86,21.6,0.87,23.0,0.88,49.2,0.89,26.6,0.06,0.06,616.53545,1776168506000
1776168508.634,208.634,0.15,20.39,0.14,21.6,0.13,23.0,0.12,49.2,0.11,26.6,0.21,27.0,0.29,10.0,0.31,57.0,0.32,11.9,0.33,18.8,0.79,27.0,0.71,10.0,0.69,57.0,0.68,11.9,0.67,18.8,0.85,20.39,0.86,21.6,0.87,23.0,0.88,49.2,0.89,26.6,0.06,0.06,616.53379,1776168507000
1776168509.732,209.732,0.15,20.39,0.14,21.6,0.13,23.0,0.12,49.2,0.11,26.6,0.21,27.0,0.29,10.0,0.31,57.0,0.32,11.9,0.33,18.8,0.79,27.0,0.71,10.0,0.69,57.0,0.68,11.9,0.67,18.8,0.85,20.39,0.86,21.6,0.87,23.0,0.88,49.2,0.89,26.6,0.06,0.06,616.5327,1776168508000
1776168510.305,210.305,0.15,20.39,0.14,21.6,0.13,23.0,0.12,49.2,0.11,26.6,0.21,27.0,0.29,10.0,0.31,57.0,0.32,11.9,0.33,18.8,0.79,27.0,0.71,10.0,0.69,57.0,0.68,11.9,0.67,18.8,0.85,20.39,0.86,21.6,0.87,23.0,0.88,49.2,0.89,26.6,0.06,0.06,616.46383,1776168509000
1776168511.412,211.412,0.15,20.39,0.14,21.6,0.13,23.0,0.12,49.2,0.11,26.6,0.21,27.0,0.29,10.0,0.31,57.0,0.32,11.9,0.33,18.8,0.79,27.0,0.71,10.0,0.69,57.0,0.68,11.9,0.67,18.8,0.85,20.39,0.86,21.6,0.87,23.0,0.88,49.2,0.89,26.6,0.06,0.06,616.51353,1776168510000
1776168512.053,212.053,0.15,20.39,0.14,21.6,0.13,23.0,0.12,49.2,0.11,26.6,0.21,27.0,0.29,10.0,0.31,57.0,0.32,11.9,0.33,18.8,0.79,27.0,0.71,10.0,0.69,57.0,0.68,11.9,0.67,18.8,0.85,20.39,0.86,21.6,0.87,23.0,0.88,49.2,0.89,26.6,0.06,0.06,616.52713,1776168511000
1776168513.181,213.181,0.15,20.39,0.14,21.6,0.13,23.0,0.12,49.2,0.11,26.6,0.21,27.0,0.29,10.0,0.31,57.0,0.32,11.9,0.33,18.8,0.79,27.0,0.71,10.0,0.69,57.0,0.68,11.9,0.67,18.8,0.85,20.39,0.86,21.6,0.87,23.0,0.88,49.2,0.89,26.6,0.06,0.06,616.52697,1776168512000
1776168514.28,214.28,0.15,20.39,0.14,21.6,0.13,23.0,0.12,49.2,0.11,26.6,0.21,27.0,0.29,10.0,0.31,57.0,0.32,11.9,0.33,18.8,0.79,27.0,0.71,10.0,0.69,57.0,0.68,11.9,0.67,18.8,0.85,20.39,0.86,21.6,0.87,23.0,0.88,49.2,0.89,26.6,0.06,0.06,616.52492,1776168513000
1776168514.694,214.694,0.16,19.3,0.15,20.39,0.14,21.6,0.13,23.0,0.12,49.2,0.21,10.0,0.31,7.0,0.33,10.0,0.35,11.4,0.36,11.3,0.79,27.0,0.71,10.0,0.69,57.0,0.68,11.9,0.67,18.8,0.85,20.39,0.86,21.6,0.87,23.0,0.88,49.2,0.89,26.6,0.05,0.06,616.52492,1776168513000
1776168515.44,215.44,0.16,19.3,0.15,20.39,0.14,21.6,0.13,23.0,0.12,49.2,0.21,10.0,0.31,7.0,0.33,10.0,0.35,11.4,0.36,11.3,0.79,10.0,0.69,7.0,0.67,10.0,0.65,11.4,0.64,11.3,0.84,19.3,0.85,20.39,0.86,21.6,0.87,23.0,0.88,49.2,0.05,0.05,616.52454,1776168514000
1776168515.964,215.964,0.16,19.3,0.15,20.39,0.14,21.6,0.13,23.0,0.12,49.2,0.21,10.0,0.31,7.0,0.33,10.0,0.35,11.4,0.36,11.3,0.79,10.0,0.69,7.0,0.67,10.0,0.65,11.4,0.64,11.3,0.84,19.3,0.85,20.39,0.86,21.6,0.87,23.0,0.88,49.2,0.05,0.05,616.52562,1776168515000
1776168517.068,217.068,0.16,19.3,0.15,20.39,0.14,21.6,0.13,23.0,0.12,49.2,0.21,10.0,0.31,7.0,0.33,10.0,0.35,11.4,0.36,11.3,0.79,10.0,0.69,7.0,0.67,10.0,0.65,11.4,0.64,11.3,0.84,19.3,0.85,20.39,0.86,21.6,0.87,23.0,0.88,49.2,0.05,0.05,616.52735,1776168516000
1776168518.183,218.183,0.16,19.3,0.15,20.39,0.14,21.6,0.13,23.0,0.12,49.2,0.21,10.0,0.31,7.0,0.33,10.0,0.35,11.4,0.36,11.3,0.79,10.0,0.69,7.0,0.67,10.0,0.65,11.4,0.64,11.3,0.84,19.3,0.85,20.39,0.86,21.6,0.87,23.0,0.88,49.2,0.05,0.05,616.47546,1776168517000
1776168519.302,219.302,0.19,16.89,0.18,17.6,0.17,18.39,0.16,19.3,0.15,20.39,0.21,4.0,0.31,7.0,0.38,10.0,0.4,10.8,0.41,60.7,0.79,10.0,0.69,7.0,0.67,10.0,0.65,11.4,0.64,11.3,0.84,19.3,0.85,20.39,0.86,21.6,0.87,23.0,0.88,49.2,0.02,0.05,616.47546,1776168517000
1776168520.479,220.479,0.19,16.89,0.18,17.6,0.17,18.39,0.16,19.3,0.15,20.39,0.21,4.0,0.31,7.0,0.38,10.0,0.4,10.8,0.41,60.7,0.79,4.0,0.69,7.0,0.62,10.0,0.6,10.8,0.59,60.7,0.81,16.89,0.82,17.6,0.83,18.39,0.84,19.3,0.85,20.39,0.02,0.02,616.55288,1776168519000
1776168521.091,221.091,0.19,16.89,0.18,17.6,0.17,18.39,0.16,19.3,0.15,20.39,0.21,4.0,0.31,7.0,0.38,10.0,0.4,10.8,0.41,60.7,0.79,4.0,0.69,7.0,0.62,10.0,0.6,10.8,0.59,60.7,0.81,16.89,0.82,17.6,0.83,18.39,0.84,19.3,0.85,20.39,0.02,0.02,616.55325,1776168520000
1776168522.125,222.125,0.19,16.89,0.18,17.6,0.17,18.39,0.16,19.3,0.15,20.39,0.21,4.0,0.31,7.0,0.38,10.0,0.4,10.8,0.41,60.7,0.79,4.0,0.69,7.0,0.62,10.0,0.6,10.8,0.59,60.7,0.81,16.89,0.82,17.6,0.83,18.39,0.84,19.3,0.85,20.39,0.02,0.02,616.557469,1776168521000
1776168523.49,223.49,0.17,18.39,0.16,19.3,0.15,20.39,0.14,21.6,0.13,23.0,0.31,7.0,0.37,21.2,0.38,11.0,0.39,10.9,0.4,10.8,0.79,4.0,0.69,7.0,0.62,10.0,0.6,10.8,0.59,60.7,0.81,16.89,0.82,17.6,0.83,18.39,0.84,19.3,0.85,20.39,0.14,0.02,616.557469,1776168521000
1776168524.023,224.023,0.17,18.39,0.16,19.3,0.15,20.39,0.14,21.6,0.13,23.0,0.31,7.0,0.37,21.2,0.38,11.0,0.39,10.9,0.4,10.8,0.69,7.0,0.63,21.2,0.62,11.0,0.61,10.9,0.6,10.8,0.83,18.39,0.84,19.3,0.85,20.39,0.86,21.6,0.87,23.0,0.14,0.14,616.558802,1776168522000
1776168524.516,224.516,0.17,18.39,0.16,19.3,0.15,20.39,0.14,21.6,0.13,23.0,0.31,7.0,0.37,21.2,0.38,11.0,0.39,10.9,0.4,10.8,0.69,7.0,0.63,21.2,0.62,11.0,0.61,10.9,0.6,10.8,0.83,18.39,0.84,19.3,0.85,20.39,0.86,21.6,0.87,23.0,0.14,0.14,616.563389,1776168523000
1776168525.094,225.094,0.17,18.39,0.16,19.3,0.15,20.39,0.14,21.6,0.13,23.0,0.31,7.0,0.37,21.2,0.38,11.0,0.39,10.9,0.4,10.8,0.69,7.0,0.63,21.2,0.62,11.0,0.61,10.9,0.6,10.8,0.83,18.39,0.84,19.3,0.85,20.39,0.86,21.6,0.87,23.0,0.14,0.14,616.563389,1776168524000
1776168526.323,226.323,0.17,18.39,0.16,19.3,0.15,20.39,0.14,21.6,0.13,23.0,0.31,7.0,0.37,21.2,0.38,11.0,0.39,10.9,0.4,10.8,0.69,7.0,0.63,21.2,0.62,11.0,0.61,10.9,0.6,10.8,0.83,18.39,0.84,19.3,0.85,20.39,0.86,21.6,0.87,23.0,0.14,0.14,616.56762,1776168525000
1776168527.521,227.521,0.17,18.39,0.16,19.3,0.15,20.39,0.14,21.6,0.13,23.0,0.31,7.0,0.37,21.2,0.38,11.0,0.39,10.9,0.4,10.8,0.69,7.0,0.63,21.2,0.62,11.0,0.61,10.9,0.6,10.8,0.83,18.39,0.84,19.3,0.85,20.39,0.86,21.6,0.87,23.0,0.14,0.14,616.58447,1776168526000
1776168527.875,227.875,0.17,18.39,0.16,19.3,0.15,20.39,0.14,21.6,0.13,23.0,0.31,7.0,0.37,21.2,0.38,11.0,0.39,10.9,0.4,10.8,0.69,7.0,0.63,21.2,0.62,11.0,0.61,10.9,0.6,10.8,0.83,18.39,0.84,19.3,0.85,20.39,0.86,21.6,0.87,23.0,0.14,0.14,616.58471,1776168527000
1776168528.98,228.98,0.17,18.39,0.16,19.3,0.15,20.39,0.14,21.6,0.13,23.0,0.31,7.0,0.37,21.2,0.38,11.0,0.39,10.9,0.4,10.8,0.69,7.0,0.63,21.2,0.62,11.0,0.61,10.9,0.6,10.8,0.83,18.39,0.84,19.3,0.85,20.39,0.86,21.6,0.87,23.0,0.14,0.14,616.6174,1776168528000
1776168530.152,230.152,0.17,18.39,0.16,19.3,0.15,20.39,0.14,21.6,0.13,23.0,0.31,7.0,0.37,21.2,0.38,11.0,0.39,10.9,0.4,10.8,0.69,7.0,0.63,21.2,0.62,11.0,0.61,10.9,0.6,10.8,0.83,18.39,0.84,19.3,0.85,20.39,0.86,21.6,0.87,23.0,0.14,0.14,616.607948,1776168529000
1776168530.497,230.497,0.31,43.0,0.24,14.3,0.23,14.7,0.22,15.2,0.21,65.7,0.49,9.0,0.55,10.0,0.56,10.6,0.57,10.6,0.58,10.7,0.69,7.0,0.63,21.2,0.62,11.0,0.61,10.9,0.6,10.8,0.83,18.39,0.84,19.3,0.85,20.39,0.86,21.6,0.87,23.0,0.18,0.14,616.607948,1776168529000
1776168531.238,231.238,0.31,43.0,0.24,14.3,0.23,14.7,0.22,15.2,0.21,65.7,0.49,9.0,0.55,10.0,0.56,10.6,0.57,10.6,0.58,10.7,0.51,9.0,0.45,10.0,0.44,10.6,0.43,10.6,0.42,10.7,0.69,43.0,0.76,14.3,0.77,14.7,0.78,15.2,0.79,65.7,0.18,0.18,616.60859,1776168530000
1776168532.295,232.295,0.31,43.0,0.24,14.3,0.23,14.7,0.22,15.2,0.21,65.7,0.49,9.0,0.55,10.0,0.56,10.6,0.57,10.6,0.58,10.7,0.51,9.0,0.45,10.0,0.44,10.6,0.43,10.6,0.42,10.7,0.69,43.0,0.76,14.3,0.77,14.7,0.78,15.2,0.79,65.7,0.18,0.18,616.673,1776168531000
1776168532.912,232.912,0.31,43.0,0.24,14.3,0.23,14.7,0.22,15.2,0.21,65.7,0.49,9.0,0.55,10.0,0.56,10.6,0.57,10.6,0.58,10.7,0.51,9.0,0.45,10.0,0.44,10.6,0.43,10.6,0.42,10.7,0.69,43.0,0.76,14.3,0.77,14.7,0.78,15.2,0.79,65.7,0.18,0.18,616.673,1776168532000
1776168534.0,234.0,0.31,43.0,0.24,14.3,0.23,14.7,0.22,15.2,0.21,65.7,0.49,9.0,0.55,10.0,0.56,10.6,0.57,10.6,0.58,10.7,0.51,9.0,0.45,10.0,0.44,10.6,0.43,10.6,0.42,10.7,0.69,43.0,0.76,14.3,0.77,14.7,0.78,15.2,0.79,65.7,0.18,0.18,616.638,1776168533000
1776168535.109,235.109,0.31,43.0,0.24,14.3,0.23,14.7,0.22,15.2,0.21,65.7,0.49,9.0,0.55,10.0,0.56,10.6,0.57,10.6,0.58,10.7,0.51,9.0,0.45,10.0,0.44,10.6,0.43,10.6,0.42,10.7,0.69,43.0,0.76,14.3,0.77,14.7,0.78,15.2,0.79,65.7,0.18,0.18,616.675312,1776168534000
1776168536.174,236.174,0.31,43.0,0.24,14.3,0.23,14.7,0.22,15.2,0.21,65.7,0.49,9.0,0.55,10.0,0.56,10.6,0.57,10.6,0.58,10.7,0.51,9.0,0.45,10.0,0.44,10.6,0.43,10.6,0.42,10.7,0.69,43.0,0.76,14.3,0.77,14.7,0.78,15.2,0.79,65.7,0.18,0.18,616.68,1776168535000
1776168537.278,237.278,0.31,43.0,0.24,14.3,0.23,14.7,0.22,15.2,0.21,65.7,0.49,9.0,0.55,10.0,0.56,10.6,0.57,10.6,0.58,10.7,0.51,9.0,0.45,10.0,0.44,10.6,0.43,10.6,0.42,10.7,0.69,43.0,0.76,14.3,0.77,14.7,0.78,15.2,0.79,65.7,0.18,0.18,616.675654,1776168536000
1776168538.377,238.377,0.31,43.0,0.24,14.3,0.23,14.7,0.22,15.2,0.21,65.7,0.49,9.0,0.55,10.0,0.56,10.6,0.57,10.6,0.58,10.7,0.51,9.0,0.45,10.0,0.44,10.6,0.43,10.6,0.42,10.7,0.69,43.0,0.76,14.3,0.77,14.7,0.78,15.2,0.79,65.7,0.18,0.18,616.674703,1776168537000
1776168539.32,239.32,0.31,43.0,0.24,14.3,0.23,14.7,0.22,15.2,0.21,65.7,0.49,9.0,0.55,10.0,0.56,10.6,0.57,10.6,0.58,10.7,0.51,9.0,0.45,10.0,0.44,10.6,0.43,10.6,0.42,10.7,0.69,43.0,0.76,14.3,0.77,14.7,0.78,15.2,0.79,65.7,0.18,0.18,616.674,1776168538000
1776168540.379,240.379,0.31,43.0,0.24,14.3,0.23,14.7,0.22,15.2,0.21,65.7,0.49,9.0,0.55,10.0,0.56,10.6,0.57,10.6,0.58,10.7,0.51,9.0,0.45,10.0,0.44,10.6,0.43,10.6,0.42,10.7,0.69,43.0,0.76,14.3,0.77,14.7,0.78,15.2,0.79,65.7,0.18,0.18,616.674,1776168539000
1776168540.915,240.915,0.31,43.0,0.24,14.3,0.23,14.7,0.22,15.2,0.21,65.7,0.49,9.0,0.55,10.0,0.56,10.6,0.57,10.6,0.58,10.7,0.51,9.0,0.45,10.0,0.44,10.6,0.43,10.6,0.42,10.7,0.69,43.0,0.76,14.3,0.77,14.7,0.78,15.2,0.79,65.7,0.18,0.18,616.674,1776168540000
1776168541.972,241.972,0.31,43.0,0.24,14.3,0.23,14.7,0.22,15.2,0.21,65.7,0.49,9.0,0.55,10.0,0.56,10.6,0.57,10.6,0.58,10.7,0.51,9.0,0.45,10.0,0.44,10.6,0.43,10.6,0.42,10.7,0.69,43.0,0.76,14.3,0.77,14.7,0.78,15.2,0.79,65.7,0.18,0.18,616.668,1776168541000
1776168543.049,243.049,0.31,43.0,0.24,14.3,0.23,14.7,0.22,15.2,0.21,65.7,0.49,9.0,0.55,10.0,0.56,10.6,0.57,10.6,0.58,10.7,0.51,9.0,0.45,10.0,0.44,10.6,0.43,10.6,0.42,10.7,0.69,43.0,0.76,14.3,0.77,14.7,0.78,15.2,0.79,65.7,0.18,0.18,616.673,1776168542000
1776168544.144,244.144,0.31,43.0,0.24,14.3,0.23,14.7,0.22,15.2,0.21,65.7,0.49,9.0,0.55,10.0,0.56,10.6,0.57,10.6,0.58,10.7,0.51,9.0,0.45,10.0,0.44,10.6,0.43,10.6,0.42,10.7,0.69,43.0,0.76,14.3,0.77,14.7,0.78,15.2,0.79,65.7,0.18,0.18,616.673,1776168543000
1776168544.997,244.997,0.31,43.0,0.24,14.3,0.23,14.7,0.22,15.2,0.21,65.7,0.49,9.0,0.55,10.0,0.56,10.6,0.57,10.6,0.58,10.7,0.51,9.0,0.45,10.0,0.44,10.6,0.43,10.6,0.42,10.7,0.69,43.0,0.76,14.3,0.77,14.7,0.78,15.2,0.79,65.7,0.18,0.18,616.652683,1776168544000
1776168545.987,245.987,0.31,43.0,0.24,14.3,0.23,14.7,0.22,15.2,0.21,65.7,0.49,9.0,0.55,10.0,0.56,10.6,0.57,10.6,0.58,10.7,0.51,9.0,0.45,10.0,0.44,10.6,0.43,10.6,0.42,10.7,0.69,43.0,0.76,14.3,0.77,14.7,0.78,15.2,0.79,65.7,0.18,0.18,616.656722,1776168545000
1776168547.003,247.003,0.31,43.0,0.24,14.3,0.23,14.7,0.22,15.2,0.21,65.7,0.49,9.0,0.55,10.0,0.56,10.6,0.57,10.6,0.58,10.7,0.51,9.0,0.45,10.0,0.44,10.6,0.43,10.6,0.42,10.7,0.69,43.0,0.76,14.3,0.77,14.7,0.78,15.2,0.79,65.7,0.18,0.18,616.673,1776168546000
1776168547.941,247.941,0.31,43.0,0.24,14.3,0.23,14.7,0.22,15.2,0.21,65.7,0.49,9.0,0.55,10.0,0.56,10.6,0.57,10.6,0.58,10.7,0.51,9.0,0.45,10.0,0.44,10.6,0.43,10.6,0.42,10.7,0.69,43.0,0.76,14.3,0.77,14.7,0.78,15.2,0.79,65.7,0.18,0.18,616.669,1776168547000
1776168548.914,248.914,0.31,43.0,0.24,14.3,0.23,14.7,0.22,15.2,0.21,65.7,0.49,9.0,0.55,10.0,0.56,10.6,0.57,10.6,0.58,10.7,0.51,9.0,0.45,10.0,0.44,10.6,0.43,10.6,0.42,10.7,0.69,43.0,0.76,14.3,0.77,14.7,0.78,15.2,0.79,65.7,0.18,0.18,616.671,1776168548000
1776168549.859,249.859,0.31,43.0,0.24,14.3,0.23,14.7,0.22,15.2,0.21,65.7,0.49,9.0,0.55,10.0,0.56,10.6,0.57,10.6,0.58,10.7,0.51,9.0,0.45,10.0,0.44,10.6,0.43,10.6,0.42,10.7,0.69,43.0,0.76,14.3,0.77,14.7,0.78,15.2,0.79,65.7,0.18,0.18,616.658906,1776168549000
1776168551.562,251.562,0.31,43.0,0.24,14.3,0.23,14.7,0.22,15.2,0.21,65.7,0.49,9.0,0.55,10.0,0.56,10.6,0.57,10.6,0.58,10.7,0.51,9.0,0.45,10.0,0.44,10.6,0.43,10.6,0.42,10.7,0.69,43.0,0.76,14.3,0.77,14.7,0.78,15.2,0.79,65.7,0.18,0.18,616.673486,1776168550000
1776168552.376,252.376,0.31,43.0,0.24,14.3,0.23,14.7,0.22,15.2,0.21,65.7,0.49,9.0,0.55,10.0,0.56,10.6,0.57,10.6,0.58,10.7,0.51,9.0,0.45,10.0,0.44,10.6,0.43,10.6,0.42,10.7,0.69,43.0,0.76,14.3,0.77,14.7,0.78,15.2,0.79,65.7,0.18,0.18,616.673486,1776168551000
1776168552.94,252.94,0.31,43.0,0.24,14.3,0.23,14.7,0.22,15.2,0.21,65.7,0.49,9.0,0.55,10.0,0.56,10.6,0.57,10.6,0.58,10.7,0.51,9.0,0.45,10.0,0.44,10.6,0.43,10.6,0.42,10.7,0.69,43.0,0.76,14.3,0.77,14.7,0.78,15.2,0.79,65.7,0.18,0.18,616.663679,1776168552000
1776168554.671,254.671,0.31,43.0,0.24,14.3,0.23,14.7,0.22,15.2,0.21,65.7,0.49,9.0,0.55,10.0,0.56,10.6,0.57,10.6,0.58,10.7,0.51,9.0,0.45,10.0,0.44,10.6,0.43,10.6,0.42,10.7,0.69,43.0,0.76,14.3,0.77,14.7,0.78,15.2,0.79,65.7,0.18,0.18,616.658617,1776168553000
1776168555.318,255.318,0.31,43.0,0.24,14.3,0.23,14.7,0.22,15.2,0.21,65.7,0.49,9.0,0.55,10.0,0.56,10.6,0.57,10.6,0.58,10.7,0.51,9.0,0.45,10.0,0.44,10.6,0.43,10.6,0.42,10.7,0.69,43.0,0.76,14.3,0.77,14.7,0.78,15.2,0.79,65.7,0.18,0.18,616.6586,1776168554000
1776168556.139,256.139,0.31,43.0,0.24,14.3,0.23,14.7,0.22,15.2,0.21,65.7,0.49,9.0,0.55,10.0,0.56,10.6,0.57,10.6,0.58,10.7,0.51,9.0,0.45,10.0,0.44,10.6,0.43,10.6,0.42,10.7,0.69,43.0,0.76,14.3,0.77,14.7,0.78,15.2,0.79,65.7,0.18,0.18,616.671169,1776168555000
1776168557.685,257.685,0.31,43.0,0.24,14.3,0.23,14.7,0.22,15.2,0.21,65.7,0.49,9.0,0.55,10.0,0.56,10.6,0.57,10.6,0.58,10.7,0.51,9.0,0.45,10.0,0.44,10.6,0.43,10.6,0.42,10.7,0.69,43.0,0.76,14.3,0.77,14.7,0.78,15.2,0.79,65.7,0.18,0.18,616.665502,1776168556000
1776168558.457,258.457,0.31,43.0,0.24,14.3,0.23,14.7,0.22,15.2,0.21,65.7,0.49,9.0,0.55,10.0,0.56,10.6,0.57,10.6,0.58,10.7,0.51,9.0,0.45,10.0,0.44,10.6,0.43,10.6,0.42,10.7,0.69,43.0,0.76,14.3,0.77,14.7,0.78,15.2,0.79,65.7,0.18,0.18,616.666122,1776168557000
1776168559.163,259.163,0.31,43.0,0.24,14.3,0.23,14.7,0.22,15.2,0.21,65.7,0.49,9.0,0.55,10.0,0.56,10.6,0.57,10.6,0.58,10.7,0.51,9.0,0.45,10.0,0.44,10.6,0.43,10.6,0.42,10.7,0.69,43.0,0.76,14.3,0.77,14.7,0.78,15.2,0.79,65.7,0.18,0.18,616.666094,1776168558000
1776168559.943,259.943,0.38,8.88,0.31,43.0,0.23,14.7,0.22,15.2,0.21,65.7,0.42,16.7,0.43,10.6,0.44,10.6,0.45,10.5,0.46,10.5,0.51,9.0,0.45,10.0,0.44,10.6,0.43,10.6,0.42,10.7,0.69,43.0,0.76,14.3,0.77,14.7,0.78,15.2,0.79,65.7,0.04,0.18,616.666094,1776168558000
1776168560.554,260.554,0.31,43.0,0.22,15.2,0.21,65.7,0.2,16.2,0.19,16.89,0.42,16.7,0.43,10.6,0.44,10.6,0.45,10.5,0.46,10.5,0.58,16.7,0.57,10.6,0.56,10.6,0.55,10.5,0.54,10.5,0.62,8.88,0.69,43.0,0.77,14.7,0.78,15.2,0.79,65.7,0.11,0.04,616.666094,1776168558000
1776168561.466,261.466,0.31,43.0,0.22,15.2,0.21,65.7,0.2,16.2,0.19,16.89,0.42,16.7,0.43,10.6,0.44,10.6,0.45,10.5,0.46,10.5,0.58,16.7,0.57,10.6,0.56,10.6,0.55,10.5,0.54,10.5,0.69,43.0,0.78,15.2,0.79,65.7,0.8,16.2,0.81,16.89,0.11,0.11,616.65844,1776168560000
1776168562.272,262.272,0.31,43.0,0.22,15.2,0.21,65.7,0.2,16.2,0.19,16.89,0.42,16.7,0.43,10.6,0.44,10.6,0.45,10.5,0.46,10.5,0.58,16.7,0.57,10.6,0.56,10.6,0.55,10.5,0.54,10.5,0.69,43.0,0.78,15.2,0.79,65.7,0.8,16.2,0.81,16.89,0.11,0.11,616.65375,1776168561000
1776168563.72,263.72,0.31,43.0,0.22,15.2,0.21,65.7,0.2,16.2,0.19,16.89,0.42,16.7,0.43,10.6,0.44,10.6,0.45,10.5,0.46,10.5,0.58,16.7,0.57,10.6,0.56,10.6,0.55,10.5,0.54,10.5,0.69,43.0,0.78,15.2,0.79,65.7,0.8,16.2,0.81,16.89,0.11,0.11,616.65304,1776168562000
1776168564.589,264.589,0.31,43.0,0.22,15.2,0.21,65.7,0.2,16.2,0.19,16.89,0.42,16.7,0.43,10.6,0.44,10.6,0.45,10.5,0.46,10.5,0.58,16.7,0.57,10.6,0.56,10.6,0.55,10.5,0.54,10.5,0.69,43.0,0.78,15.2,0.79,65.7,0.8,16.2,0.81,16.89,0.11,0.11,616.65309,1776168563000
1776168565.329,265.329,0.31,43.0,0.22,15.2,0.21,65.7,0.2,16.2,0.19,16.89,0.42,16.7,0.43,10.6,0.44,10.6,0.45,10.5,0.46,10.5,0.58,16.7,0.57,10.6,0.56,10.6,0.55,10.5,0.54,10.5,0.69,43.0,0.78,15.2,0.79,65.7,0.8,16.2,0.81,16.89,0.11,0.11,616.651723,1776168564000
1776168566.011,266.011,0.31,43.0,0.22,15.2,0.21,65.7,0.2,16.2,0.19,16.89,0.42,16.7,0.43,10.6,0.44,10.6,0.45,10.5,0.46,10.5,0.58,16.7,0.57,10.6,0.56,10.6,0.55,10.5,0.54,10.5,0.69,43.0,0.78,15.2,0.79,65.7,0.8,16.2,0.81,16.89,0.11,0.11,616.65579,1776168565000
1776168567.678,267.678,0.31,43.0,0.22,15.2,0.21,65.7,0.2,16.2,0.19,16.89,0.42,16.7,0.43,10.6,0.44,10.6,0.45,10.5,0.46,10.5,0.58,16.7,0.57,10.6,0.56,10.6,0.55,10.5,0.54,10.5,0.69,43.0,0.78,15.2,0.79,65.7,0.8,16.2,0.81,16.89,0.11,0.11,616.65564,1776168566000
1776168568.585,268.585,0.31,43.0,0.22,15.2,0.21,65.7,0.2,16.2,0.19,16.89,0.42,16.7,0.43,10.6,0.44,10.6,0.45,10.5,0.46,10.5,0.58,16.7,0.57,10.6,0.56,10.6,0.55,10.5,0.54,10.5,0.69,43.0,0.78,15.2,0.79,65.7,0.8,16.2,0.81,16.89,0.11,0.11,616.6554,1776168567000
1776168569.145,269.145,0.31,43.0,0.22,15.2,0.21,65.7,0.2,16.2,0.19,16.89,0.42,16.7,0.43,10.6,0.44,10.6,0.45,10.5,0.46,10.5,0.58,16.7,0.57,10.6,0.56,10.6,0.55,10.5,0.54,10.5,0.69,43.0,0.78,15.2,0.79,65.7,0.8,16.2,0.81,16.89,0.11,0.11,616.65684,1776168568000
1776168570.901,270.901,0.31,43.0,0.22,15.2,0.21,65.7,0.2,16.2,0.19,16.89,0.42,16.7,0.43,10.6,0.44,10.6,0.45,10.5,0.46,10.5,0.58,16.7,0.57,10.6,0.56,10.6,0.55,10.5,0.54,10.5,0.69,43.0,0.78,15.2,0.79,65.7,0.8,16.2,0.81,16.89,0.11,0.11,616.648461,1776168569000
1776168571.472,271.472,0.31,43.0,0.22,15.2,0.21,65.7,0.2,16.2,0.19,16.89,0.42,16.7,0.43,10.6,0.44,10.6,0.45,10.5,0.46,10.5,0.58,16.7,0.57,10.6,0.56,10.6,0.55,10.5,0.54,10.5,0.69,43.0,0.78,15.2,0.79,65.7,0.8,16.2,0.81,16.89,0.11,0.11,616.66093,1776168570000
1776168572.003,272.003,0.21,43.67,0.2,16.2,0.19,16.89,0.18,17.6,0.17,47.8,0.38,11.0,0.39,10.9,0.4,10.8,0.41,10.7,0.42,10.7,0.62,11.0,0.61,10.9,0.6,10.8,0.59,10.7,0.58,10.7,0.79,43.67,0.8,16.2,0.81,16.89,0.82,17.6,0.83,47.8,0.17,0.17,616.658477,1776168571000
1776168573.006,273.006,0.21,43.67,0.2,16.2,0.19,16.89,0.18,17.6,0.17,47.8,0.38,11.0,0.39,10.9,0.4,10.8,0.41,10.7,0.42,10.7,0.62,11.0,0.61,10.9,0.6,10.8,0.59,10.7,0.58,10.7,0.79,43.67,0.8,16.2,0.81,16.89,0.82,17.6,0.83,47.8,0.17,0.17,616.657731,1776168572000
1776168573.985,273.985,0.21,43.67,0.2,16.2,0.19,16.89,0.18,17.6,0.17,47.8,0.38,11.0,0.39,10.9,0.4,10.8,0.41,10.7,0.42,10.7,0.62,11.0,0.61,10.9,0.6,10.8,0.59,10.7,0.58,10.7,0.79,43.67,0.8,16.2,0.81,16.89,0.82,17.6,0.83,47.8,0.17,0.17,616.650503,1776168573000
1776168574.929,274.929,0.21,43.67,0.2,16.2,0.19,16.89,0.18,17.6,0.17,47.8,0.38,11.0,0.39,10.9,0.4,10.8,0.41,10.7,0.42,10.7,0.62,11.0,0.61,10.9,0.6,10.8,0.59,10.7,0.58,10.7,0.79,43.67,0.8,16.2,0.81,16.89,0.82,17.6,0.83,47.8,0.17,0.17,616.638959,1776168574000
1776168575.944,275.944,0.21,43.67,0.2,16.2,0.19,16.89,0.18,17.6,0.17,47.8,0.38,11.0,0.39,10.9,0.4,10.8,0.41,10.7,0.42,10.7,0.62,11.0,0.61,10.9,0.6,10.8,0.59,10.7,0.58,10.7,0.79,43.67,0.8,16.2,0.81,16.89,0.82,17.6,0.83,47.8,0.17,0.17,616.650452,1776168575000
1776168576.882,276.882,0.21,43.67,0.2,16.2,0.19,16.89,0.18,17.6,0.17,47.8,0.38,11.0,0.39,10.9,0.4,10.8,0.41,10.7,0.42,10.7,0.62,11.0,0.61,10.9,0.6,10.8,0.59,10.7,0.58,10.7,0.79,43.67,0.8,16.2,0.81,16.89,0.82,17.6,0.83,47.8,0.17,0.17,616.650565,1776168576000
1776168577.921,277.921,0.21,43.67,0.2,16.2,0.19,16.89,0.18,17.6,0.17,47.8,0.38,11.0,0.39,10.9,0.4,10.8,0.41,10.7,0.42,10.7,0.62,11.0,0.61,10.9,0.6,10.8,0.59,10.7,0.58,10.7,0.79,43.67,0.8,16.2,0.81,16.89,0.82,17.6,0.83,47.8,0.17,0.17,616.653376,1776168577000
1776168578.809,278.809,0.21,43.67,0.2,16.2,0.19,16.89,0.18,17.6,0.17,47.8,0.38,11.0,0.39,10.9,0.4,10.8,0.41,10.7,0.42,10.7,0.62,11.0,0.61,10.9,0.6,10.8,0.59,10.7,0.58,10.7,0.79,43.67,0.8,16.2,0.81,16.89,0.82,17.6,0.83,47.8,0.17,0.17,616.653484,1776168578000
1776168580.303,280.303,0.21,43.67,0.2,16.2,0.19,16.89,0.18,17.6,0.17,47.8,0.38,11.0,0.39,10.9,0.4,10.8,0.41,10.7,0.42,10.7,0.62,11.0,0.61,10.9,0.6,10.8,0.59,10.7,0.58,10.7,0.79,43.67,0.8,16.2,0.81,16.89,0.82,17.6,0.83,47.8,0.17,0.17,616.657193,1776168579000
1776168581.236,281.236,0.21,43.67,0.2,16.2,0.19,16.89,0.18,17.6,0.17,47.8,0.38,11.0,0.39,10.9,0.4,10.8,0.41,10.7,0.42,10.7,0.62,11.0,0.61,10.9,0.6,10.8,0.59,10.7,0.58,10.7,0.79,43.67,0.8,16.2,0.81,16.89,0.82,17.6,0.83,47.8,0.17,0.17,616.66186,1776168580000
1776168582.26,282.26,0.21,43.67,0.2,16.2,0.19,16.89,0.18,17.6,0.17,47.8,0.38,11.0,0.39,10.9,0.4,10.8,0.41,10.7,0.42,10.7,0.62,11.0,0.61,10.9,0.6,10.8,0.59,10.7,0.58,10.7,0.79,43.67,0.8,16.2,0.81,16.89,0.82,17.6,0.83,47.8,0.17,0.17,616.65674,1776168581000
1776168583.762,283.762,0.21,43.67,0.2,16.2,0.19,16.89,0.18,17.6,0.17,47.8,0.38,11.0,0.39,10.9,0.4,10.8,0.41,10.7,0.42,10.7,0.62,11.0,0.61,10.9,0.6,10.8,0.59,10.7,0.58,10.7,0.79,43.67,0.8,16.2,0.81,16.89,0.82,17.6,0.83,47.8,0.17,0.17,616.659846,1776168582000
1776168584.667,284.667,0.21,43.67,0.2,16.2,0.19,16.89,0.18,17.6,0.17,47.8,0.38,11.0,0.39,10.9,0.4,10.8,0.41,10.7,0.42,10.7,0.62,11.0,0.61,10.9,0.6,10.8,0.59,10.7,0.58,10.7,0.79,43.67,0.8,16.2,0.81,16.89,0.82,17.6,0.83,47.8,0.17,0.17,616.659616,1776168583000
1776168585.192,285.192,0.21,43.67,0.2,16.2,0.19,16.89,0.18,17.6,0.17,47.8,0.38,11.0,0.39,10.9,0.4,10.8,0.41,10.7,0.42,10.7,0.62,11.0,0.61,10.9,0.6,10.8,0.59,10.7,0.58,10.7,0.79,43.67,0.8,16.2,0.81,16.89,0.82,17.6,0.83,47.8,0.17,0.17,616.654287,1776168584000
1776168586.725,286.725,0.21,40.67,0.17,29.41,0.11,50.0,0.04,5.0,0.02,260.0,0.51,67.0,0.52,10.0,0.61,50.0,0.71,50.0,0.79,10.0,0.62,11.0,0.61,10.9,0.6,10.8,0.59,10.7,0.58,10.7,0.79,43.67,0.8,16.2,0.81,16.89,0.82,17.6,0.83,47.8,0.3,0.17,616.654287,1776168584000
1776168587.556,287.556,0.21,40.67,0.17,29.41,0.11,50.0,0.04,5.0,0.02,260.0,0.51,67.0,0.52,10.0,0.61,50.0,0.71,50.0,0.79,10.0,0.49,67.0,0.48,10.0,0.39,50.0,0.29,50.0,0.21,10.0,0.79,40.67,0.83,29.41,0.89,50.0,0.96,5.0,0.98,260.0,0.3,0.3,616.667,1776168586000
1776168588.255,288.255,0.21,40.67,0.17,29.41,0.11,50.0,0.04,5.0,0.02,260.0,0.51,67.0,0.52,10.0,0.61,50.0,0.71,50.0,0.79,10.0,0.49,67.0,0.48,10.0,0.39,50.0,0.29,50.0,0.21,10.0,0.79,40.67,0.83,29.41,0.89,50.0,0.96,5.0,0.98,260.0,0.3,0.3,616.67317,1776168587000
1776168589.919,289.919,0.21,40.67,0.17,29.41,0.11,50.0,0.04,5.0,0.02,260.0,0.51,67.0,0.52,10.0,0.61,50.0,0.71,50.0,0.79,10.0,0.49,67.0,0.48,10.0,0.39,50.0,0.29,50.0,0.21,10.0,0.79,40.67,0.83,29.41,0.89,50.0,0.96,5.0,0.98,260.0,0.3,0.3,616.67405,1776168588000
1776168590.547,290.547,0.21,40.67,0.17,29.41,0.11,50.0,0.04,5.0,0.02,260.0,0.51,67.0,0.52,10.0,0.61,50.0,0.71,50.0,0.79,10.0,0.49,67.0,0.48,10.0,0.39,50.0,0.29,50.0,0.21,10.0,0.79,40.67,0.83,29.41,0.89,50.0,0.96,5.0,0.98,260.0,0.3,0.3,616.6745,1776168589000
1776168590.901,290.901,0.21,8.74,0.17,29.41,0.11,50.0,0.04,5.0,0.02,210.0,0.41,50.0,0.51,50.0,0.52,10.0,0.61,50.0,0.71,50.0,0.49,67.0,0.48,10.0,0.39,50.0,0.29,50.0,0.21,10.0,0.79,40.67,0.83,29.41,0.89,50.0,0.96,5.0,0.98,260.0,0.2,0.3,616.6745,1776168589000
1776168591.147,291.147,0.21,8.74,0.17,29.41,0.11,50.0,0.04,5.0,0.02,210.0,0.41,50.0,0.51,50.0,0.52,10.0,0.61,50.0,0.71,50.0,0.59,50.0,0.49,50.0,0.48,10.0,0.39,50.0,0.29,50.0,0.79,8.74,0.83,29.41,0.89,50.0,0.96,5.0,0.98,210.0,0.2,0.2,616.669542,1776168590000
1776168592.756,292.756,0.17,29.41,0.11,50.0,0.04,5.0,0.02,110.0,0.01,1516.09,0.41,50.0,0.51,50.0,0.52,10.0,0.61,50.0,0.71,50.0,0.59,50.0,0.49,50.0,0.48,10.0,0.39,50.0,0.29,50.0,0.83,29.41,0.89,50.0,0.96,5.0,0.98,110.0,0.99,1516.09,0.24,0.24,616.688,1776168591000
1776168593.329,293.329,0.17,28.21,0.04,5.0,0.02,110.0,0.01,416.09,,,0.31,50.0,0.41,50.0,0.51,50.0,0.53,10.0,0.61,50.0,0.69,50.0,0.59,50.0,0.49,50.0,0.47,10.0,0.39,50.0,0.83,28.21,0.96,5.0,0.98,110.0,0.99,416.09,,,0.14,0.14,616.688,1776168592000
1776168594.109,294.109,0.17,28.21,0.04,5.0,0.02,110.0,0.01,416.09,,,0.31,50.0,0.41,50.0,0.51,50.0,0.53,10.0,0.61,50.0,0.69,50.0,0.59,50.0,0.49,50.0,0.47,10.0,0.39,50.0,0.83,28.21,0.96,5.0,0.98,110.0,0.99,416.09,,,0.14,0.14,616.689,1776168593000
1776168595.451,295.451,0.17,28.21,0.04,5.0,0.02,110.0,0.01,416.09,,,0.31,50.0,0.41,50.0,0.51,50.0,0.53,10.0,0.61,50.0,0.69,50.0,0.59,50.0,0.49,50.0,0.47,10.0,0.39,50.0,0.83,28.21,0.96,5.0,0.98,110.0,0.99,416.09,,,0.14,0.14,616.691,1776168594000
1776168596.117,296.117,0.17,28.21,0.04,5.0,0.02,110.0,0.01,416.09,,,0.31,50.0,0.41,50.0,0.51,50.0,0.53,10.0,0.61,50.0,0.69,50.0,0.59,50.0,0.49,50.0,0.47,10.0,0.39,50.0,0.83,28.21,0.96,5.0,0.98,110.0,0.99,416.09,,,0.14,0.14,616.691,1776168595000
1776168596.493,296.493,0.21,50.0,0.17,28.21,0.11,50.0,0.04,5.0,0.02,10.0,0.51,44.17,0.59,10.0,0.61,50.0,0.71,50.0,0.81,50.0,0.69,50.0,0.59,50.0,0.49,50.0,0.47,10.0,0.39,50.0,0.83,28.21,0.96,5.0,0.98,110.0,0.99,416.09,,,0.3,0.14,616.691,1776168595000
1776168597.405,297.405,0.21,50.0,0.17,28.21,0.11,50.0,0.04,5.0,0.02,10.0,0.51,44.17,0.59,10.0,0.61,50.0,0.71,50.0,0.81,50.0,0.49,44.17,0.41,10.0,0.39,50.0,0.29,50.0,0.19,50.0,0.79,50.0,0.83,28.21,0.89,50.0,0.96,5.0,0.98,10.0,0.3,0.3,616.705,1776168596000
1776168598.119,298.119,0.21,31.01,0.17,28.21,0.11,50.0,0.04,5.0,0.02,10.0,0.39,6.0,0.49,7.0,0.51,50.0,0.59,8.0,0.61,50.0,0.29,60.0,0.19,50.0,0.09,50.0,0.04,5.0,0.02,15.0,0.69,41.17,0.79,50.0,0.83,28.21,0.89,50.0,0.9,50.0,0.18,0.4,616.705,1776168596000
1776168598.322,298.322,0.21,13.35,0.17,28.21,0.11,50.0,0.04,5.0,0.02,10.0,0.39,6.0,0.49,7.0,0.51,50.0,0.59,8.0,0.61,50.0,0.61,6.0,0.51,7.0,0.49,50.0,0.41,8.0,0.39,50.0,0.79,13.35,0.83,28.21,0.89,50.0,0.96,5.0,0.98,10.0,0.18,0.18,616.699988,1776168597000
1776168598.798,298.798,0.11,31.56,0.05,225.0,0.04,5.0,0.02,10.0,0.01,329.09,0.39,6.0,0.49,7.0,0.51,50.0,0.59,8.0,0.61,50.0,0.61,6.0,0.51,7.0,0.49,50.0,0.41,8.0,0.39,50.0,0.79,13.35,0.83,28.21,0.89,50.0,0.96,5.0,0.98,10.0,0.28,0.18,616.699988,1776168597000
1776168599.375,299.375,0.05,205.0,0.04,5.0,0.02,10.0,0.01,279.09,,,0.11,5.0,0.39,6.0,0.49,7.0,0.5,104.0,0.59,8.0,0.61,6.0,0.51,7.0,0.49,50.0,0.41,8.0,0.39,50.0,0.89,31.56,0.95,225.0,0.96,5.0,0.98,10.0,0.99,329.09,0.06,0.28,616.699988,1776168597000
1776168599.673,299.673,0.05,205.0,0.04,5.0,0.02,10.0,0.01,279.09,,,0.11,5.0,0.39,6.0,0.49,7.0,0.5,104.0,0.59,8.0,0.89,5.0,0.61,6.0,0.51,7.0,0.5,104.0,0.41,8.0,0.95,205.0,0.96,5.0,0.98,10.0,0.99,279.09,,,0.06,0.06,616.726,1776168598000
1776168600.101,300.101,0.08,7.78,0.04,5.0,0.02,10.0,0.01,279.09,,,0.11,5.0,0.34,5.0,0.39,6.0,0.45,8.0,0.49,7.0,0.89,5.0,0.61,6.0,0.51,7.0,0.5,104.0,0.41,8.0,0.95,205.0,0.96,5.0,0.98,10.0,0.99,279.09,,,0.03,0.06,616.726,1776168598000
1776168600.305,300.305,0.08,2.61,0.04,5.0,0.02,10.0,0.01,279.09,,,0.11,5.0,0.34,5.0,0.35,100.0,0.39,6.0,0.45,158.0,0.89,5.0,0.66,5.0,0.65,100.0,0.61,6.0,0.55,158.0,0.92,2.61,0.96,5.0,0.98,10.0,0.99,279.09,,,0.03,0.03,616.72925,1776168599000
1776168600.515,300.515,0.09,64.0,0.08,2.61,0.04,5.0,0.02,10.0,0.01,261.09,0.35,11.2,0.39,6.0,0.45,158.0,0.49,7.0,0.5,22.0,0.65,85.4,0.61,6.0,0.55,158.0,0.51,7.0,0.5,22.0,0.91,64.0,0.92,2.61,0.96,5.0,0.98,10.0,0.99,261.09,0.26,0.26,616.72925,1776168599000

# RESULT,winner=Up,slug=bnb-updown-5m-1776168300,ticks=313
