timestamp,elapsed_sec,up_bid_p1,up_bid_s1,up_bid_p2,up_bid_s2,up_ask_p1,up_ask_s1,up_ask_p2,up_ask_s2,down_bid_p1,down_bid_s1,down_bid_p2,down_bid_s2,down_ask_p1,down_ask_s1,down_ask_p2,down_ask_s2,up_spread,down_spread,bnb_price,bnb_oracle_ts
1776234301.432,1.432,0.41,5.0,0.33,300.0,0.48,10.45,0.49,5.0,0.52,10.45,0.51,5.0,0.59,5.0,0.67,300.0,0.07,0.07,614.312619,1776234300000
1776234301.734,1.734,0.41,5.0,0.33,300.0,0.48,10.45,0.49,5.0,0.52,10.45,0.51,5.0,0.58,6.0,0.67,300.0,0.07,0.06,614.312619,1776234300000
1776234301.996,1.996,0.42,6.0,0.33,300.0,0.48,10.45,0.49,5.0,0.52,10.45,0.51,5.0,0.58,6.0,0.67,300.0,0.06,0.06,614.3115,1776234301000
1776234302.974,2.974,0.42,6.0,0.33,300.0,0.48,10.45,0.49,5.0,0.52,10.45,0.51,5.0,0.58,6.0,0.67,300.0,0.06,0.06,614.32556,1776234302000
1776234304.615,4.615,0.42,6.0,0.33,300.0,0.48,10.45,0.49,5.0,0.52,10.45,0.51,5.0,0.58,6.0,0.67,300.0,0.06,0.06,614.354,1776234303000
1776234305.119,5.119,0.42,6.0,0.33,300.0,0.48,10.45,0.49,5.0,0.52,10.45,0.51,5.0,0.58,6.0,0.67,300.0,0.06,0.06,614.354,1776234304000
1776234306.167,6.167,0.42,6.0,0.33,300.0,0.48,10.45,0.49,5.0,0.52,10.45,0.51,5.0,0.58,6.0,0.67,300.0,0.06,0.06,614.351989,1776234305000
1776234307.285,7.285,0.42,6.0,0.33,300.0,0.48,10.45,0.49,5.0,0.52,10.45,0.51,5.0,0.58,6.0,0.67,300.0,0.06,0.06,614.335522,1776234306000
1776234308.875,8.875,0.42,6.0,0.33,300.0,0.48,10.45,0.49,5.0,0.52,10.45,0.51,5.0,0.58,6.0,0.67,300.0,0.06,0.06,614.335726,1776234307000
1776234309.735,9.735,0.42,6.0,0.33,300.0,0.48,10.45,0.49,5.0,0.52,10.45,0.51,5.0,0.58,6.0,0.67,300.0,0.06,0.06,614.345,1776234308000
1776234310.377,10.377,0.42,6.0,0.33,300.0,0.48,10.45,0.49,5.0,0.52,10.45,0.51,5.0,0.58,6.0,0.67,300.0,0.06,0.06,614.342933,1776234309000
1776234311.729,11.729,0.42,6.0,0.33,300.0,0.48,10.45,0.49,5.0,0.52,10.45,0.51,5.0,0.58,6.0,0.67,300.0,0.06,0.06,614.348056,1776234310000
1776234312.687,12.687,0.42,6.0,0.33,300.0,0.48,10.45,0.49,5.0,0.52,10.45,0.51,5.0,0.58,6.0,0.67,300.0,0.06,0.06,614.350422,1776234311000
1776234313.258,13.258,0.42,6.0,0.33,300.0,0.48,10.45,0.49,5.0,0.52,10.45,0.51,5.0,0.58,6.0,0.67,300.0,0.06,0.06,614.34985,1776234312000
1776234314.63,14.63,0.42,6.0,0.33,300.0,0.48,10.45,0.49,5.0,0.52,10.45,0.51,5.0,0.58,6.0,0.67,300.0,0.06,0.06,614.349259,1776234313000
1776234315.275,15.275,0.42,6.0,0.33,300.0,0.48,10.45,0.49,5.0,0.52,10.45,0.51,5.0,0.58,6.0,0.67,300.0,0.06,0.06,614.33179,1776234314000
1776234315.489,15.489,0.47,6.0,0.45,5.0,0.55,10.0,0.61,50.0,0.52,10.45,0.51,5.0,0.58,6.0,0.67,300.0,0.08,0.06,614.33179,1776234314000
1776234315.997,15.997,0.47,6.0,0.45,5.0,0.55,8.18,0.61,50.0,0.45,10.0,0.39,50.0,0.53,6.0,0.55,5.0,0.08,0.08,614.33179,1776234314000
1776234316.674,16.674,0.47,6.0,0.45,5.0,0.55,8.18,0.61,50.0,0.45,8.18,0.39,50.0,0.53,6.0,0.55,5.0,0.08,0.08,614.34895,1776234315000
1776234317.333,17.333,0.47,6.0,0.45,5.0,0.55,8.18,0.61,50.0,0.45,8.18,0.39,50.0,0.53,6.0,0.55,5.0,0.08,0.08,614.34903,1776234316000
1776234318.178,18.178,0.47,6.0,0.45,5.0,0.55,8.18,0.61,50.0,0.45,8.18,0.39,50.0,0.53,6.0,0.55,5.0,0.08,0.08,614.34904,1776234317000
1776234319.396,19.396,0.47,6.0,0.45,5.0,0.55,8.18,0.61,50.0,0.45,8.18,0.39,50.0,0.53,6.0,0.55,5.0,0.08,0.08,614.34912,1776234318000
1776234320.04,20.04,0.47,6.0,0.45,5.0,0.55,8.18,0.61,50.0,0.45,8.18,0.39,50.0,0.53,6.0,0.55,5.0,0.08,0.08,614.34901,1776234319000
1776234321.136,21.136,0.47,6.0,0.45,5.0,0.55,8.18,0.61,50.0,0.45,8.18,0.39,50.0,0.53,6.0,0.55,5.0,0.08,0.08,614.34908,1776234320000
1776234322.513,22.513,0.47,6.0,0.45,5.0,0.55,8.18,0.61,50.0,0.45,8.18,0.39,50.0,0.53,6.0,0.55,5.0,0.08,0.08,614.34862,1776234321000
1776234323.227,23.227,0.47,6.0,0.45,5.0,0.55,8.0,0.61,50.0,0.45,8.18,0.39,50.0,0.53,6.0,0.55,5.0,0.08,0.08,614.34862,1776234321000
1776234324.464,24.464,0.47,6.0,0.45,5.0,0.55,8.0,0.61,50.0,0.45,8.0,0.39,50.0,0.53,6.0,0.55,5.0,0.08,0.08,614.34872,1776234323000
1776234325.181,25.181,0.47,6.0,0.45,5.0,0.55,8.0,0.61,50.0,0.45,8.0,0.39,50.0,0.53,6.0,0.55,5.0,0.08,0.08,614.34871,1776234324000
1776234326.424,26.424,0.47,6.0,0.45,5.0,0.55,8.0,0.61,50.0,0.45,8.0,0.39,50.0,0.53,6.0,0.55,5.0,0.08,0.08,614.34861,1776234325000
1776234327.002,27.002,0.47,6.0,0.45,5.0,0.55,8.0,0.61,50.0,0.45,8.0,0.39,50.0,0.53,6.0,0.55,5.0,0.08,0.08,614.34863,1776234326000
1776234328.205,28.205,0.47,6.0,0.45,5.0,0.55,8.0,0.61,50.0,0.45,8.0,0.39,50.0,0.53,6.0,0.55,5.0,0.08,0.08,614.34887,1776234327000
1776234329.482,29.482,0.47,6.0,0.45,5.0,0.55,8.0,0.61,50.0,0.45,8.0,0.39,50.0,0.53,6.0,0.55,5.0,0.08,0.08,614.34963,1776234328000
1776234330.156,30.156,0.47,6.0,0.45,5.0,0.55,8.0,0.61,50.0,0.45,8.0,0.39,50.0,0.53,6.0,0.55,5.0,0.08,0.08,614.334375,1776234329000
1776234331.381,31.381,0.47,6.0,0.45,5.0,0.55,8.0,0.61,50.0,0.45,8.0,0.39,50.0,0.53,6.0,0.55,5.0,0.08,0.08,614.334364,1776234330000
1776234332.068,32.068,0.47,6.0,0.45,5.0,0.55,8.0,0.61,50.0,0.45,8.0,0.39,50.0,0.53,6.0,0.55,5.0,0.08,0.08,614.329795,1776234331000
1776234333.254,33.254,0.47,6.0,0.45,5.0,0.55,8.0,0.61,50.0,0.45,8.0,0.39,50.0,0.53,6.0,0.55,5.0,0.08,0.08,614.34415,1776234332000
1776234334.43,34.43,0.47,6.0,0.45,5.0,0.55,8.0,0.61,50.0,0.45,8.0,0.39,50.0,0.53,6.0,0.55,5.0,0.08,0.08,614.298453,1776234333000
1776234335.106,35.106,0.47,6.0,0.45,5.0,0.55,8.0,0.61,50.0,0.45,8.0,0.39,50.0,0.53,6.0,0.55,5.0,0.08,0.08,614.300759,1776234334000
1776234336.337,36.337,0.47,6.0,0.45,5.0,0.55,8.0,0.61,50.0,0.45,8.0,0.39,50.0,0.53,6.0,0.55,5.0,0.08,0.08,614.34598,1776234335000
1776234337.585,37.585,0.47,6.0,0.45,5.0,0.55,8.0,0.61,50.0,0.45,8.0,0.39,50.0,0.53,6.0,0.55,5.0,0.08,0.08,614.34603,1776234336000
1776234338.261,38.261,0.47,6.0,0.45,5.0,0.55,8.0,0.61,50.0,0.45,8.0,0.39,50.0,0.53,6.0,0.55,5.0,0.08,0.08,614.321217,1776234337000
1776234339.631,39.631,0.47,6.0,0.45,5.0,0.55,8.0,0.61,50.0,0.45,8.0,0.39,50.0,0.53,6.0,0.55,5.0,0.08,0.08,614.282048,1776234338000
1776234340.217,40.217,0.47,6.0,0.45,5.0,0.55,8.0,0.61,50.0,0.45,8.0,0.39,50.0,0.53,6.0,0.55,5.0,0.08,0.08,614.283876,1776234339000
1776234340.481,40.481,0.44,5.0,0.39,15.0,0.55,6.0,0.56,10.0,0.45,8.0,0.39,50.0,0.53,6.0,0.55,5.0,0.11,0.08,614.283876,1776234339000
1776234341.653,41.653,0.44,5.0,0.39,15.0,0.55,6.0,0.56,10.0,0.45,6.0,0.44,10.0,0.56,5.0,0.61,15.0,0.11,0.11,614.286435,1776234340000
1776234342.421,42.421,0.44,5.0,0.39,15.0,0.55,6.0,0.56,10.0,0.45,6.0,0.44,10.0,0.56,5.0,0.61,15.0,0.11,0.11,614.34494,1776234341000
1776234343.254,43.254,0.44,5.0,0.39,15.0,0.55,6.0,0.56,10.0,0.45,6.0,0.44,10.0,0.56,5.0,0.61,15.0,0.11,0.11,614.284606,1776234342000
1776234344.605,44.605,0.44,5.0,0.39,15.0,0.55,6.0,0.56,10.0,0.45,6.0,0.44,10.0,0.56,5.0,0.61,15.0,0.11,0.11,614.34509,1776234343000
1776234345.158,45.158,0.44,5.0,0.39,15.0,0.55,6.0,0.56,10.0,0.45,6.0,0.44,10.0,0.56,5.0,0.61,15.0,0.11,0.11,614.341194,1776234344000
1776234346.552,46.552,0.44,5.0,0.39,15.0,0.55,6.0,0.56,10.0,0.45,6.0,0.44,10.0,0.56,5.0,0.61,15.0,0.11,0.11,614.3257,1776234345000
1776234347.171,47.171,0.44,5.0,0.39,15.0,0.55,6.0,0.56,10.0,0.45,6.0,0.44,10.0,0.56,5.0,0.61,15.0,0.11,0.11,614.32553,1776234346000
1776234348.492,48.492,0.44,5.0,0.39,15.0,0.55,6.0,0.56,10.0,0.45,6.0,0.44,10.0,0.56,5.0,0.61,15.0,0.11,0.11,614.32488,1776234347000
1776234349.116,49.116,0.44,5.0,0.39,15.0,0.55,6.0,0.56,10.0,0.45,6.0,0.44,10.0,0.56,5.0,0.61,15.0,0.11,0.11,614.32469,1776234348000
1776234350.345,50.345,0.44,5.0,0.39,15.0,0.55,6.0,0.56,10.0,0.45,6.0,0.44,10.0,0.56,5.0,0.61,15.0,0.11,0.11,614.32521,1776234349000
1776234350.995,50.995,0.44,5.0,0.39,15.0,0.55,6.0,0.56,10.0,0.45,6.0,0.44,10.0,0.56,5.0,0.61,15.0,0.11,0.11,614.305232,1776234350000
1776234352.244,52.244,0.44,5.0,0.39,15.0,0.55,6.0,0.56,10.0,0.45,6.0,0.44,10.0,0.56,5.0,0.61,15.0,0.11,0.11,614.340422,1776234351000
1776234353.454,53.454,0.44,5.0,0.39,15.0,0.55,6.0,0.56,10.0,0.45,6.0,0.44,10.0,0.56,5.0,0.61,15.0,0.11,0.11,614.353,1776234352000
1776234354.385,54.385,0.44,5.0,0.39,15.0,0.55,6.0,0.56,10.0,0.45,6.0,0.44,10.0,0.56,5.0,0.61,15.0,0.11,0.11,614.34134,1776234353000
1776234355.164,55.164,0.44,5.0,0.39,15.0,0.55,6.0,0.56,10.0,0.45,6.0,0.44,10.0,0.56,5.0,0.61,15.0,0.11,0.11,614.34098,1776234354000
1776234356.539,56.539,0.44,5.0,0.39,15.0,0.55,6.0,0.56,10.0,0.45,6.0,0.44,10.0,0.56,5.0,0.61,15.0,0.11,0.11,614.33355,1776234355000
1776234357.109,57.109,0.44,5.0,0.39,15.0,0.55,6.0,0.56,10.0,0.45,6.0,0.44,10.0,0.56,5.0,0.61,15.0,0.11,0.11,614.3211,1776234356000
1776234358.497,58.497,0.44,5.0,0.39,15.0,0.55,6.0,0.56,10.0,0.45,6.0,0.44,10.0,0.56,5.0,0.61,15.0,0.11,0.11,614.32058,1776234357000
1776234359.088,59.088,0.44,5.0,0.39,15.0,0.55,6.0,0.56,10.0,0.45,6.0,0.44,10.0,0.56,5.0,0.61,15.0,0.11,0.11,614.310837,1776234358000
1776234360.457,60.457,0.44,5.0,0.39,15.0,0.55,6.0,0.56,10.0,0.45,6.0,0.44,10.0,0.56,5.0,0.61,15.0,0.11,0.11,614.30164,1776234359000
1776234361.075,61.075,0.44,5.0,0.39,15.0,0.55,6.0,0.56,10.0,0.45,6.0,0.44,10.0,0.56,5.0,0.61,15.0,0.11,0.11,614.297252,1776234360000
1776234362.61,62.61,0.44,5.0,0.39,15.0,0.55,6.0,0.56,10.0,0.45,6.0,0.44,10.0,0.56,5.0,0.61,15.0,0.11,0.11,614.280626,1776234361000
1776234363.392,63.392,0.44,5.0,0.39,15.0,0.55,6.0,0.56,10.0,0.45,6.0,0.44,10.0,0.56,5.0,0.61,15.0,0.11,0.11,614.281835,1776234362000
1776234364.367,64.367,0.43,5.0,0.39,15.9,0.54,6.0,0.55,5.0,0.46,6.0,0.45,5.0,0.57,5.0,0.61,15.9,0.11,0.11,614.271011,1776234363000
1776234365.141,65.141,0.43,5.0,0.39,15.9,0.54,6.0,0.55,5.0,0.46,6.0,0.45,5.0,0.57,5.0,0.61,15.9,0.11,0.11,614.272668,1776234364000
1776234365.363,65.363,0.42,10.7,0.41,10.7,0.54,6.0,0.55,5.0,0.46,6.0,0.45,5.0,0.57,5.0,0.61,15.9,0.12,0.11,614.272668,1776234364000
1776234366.539,66.539,0.42,10.7,0.41,10.7,0.54,6.0,0.55,5.0,0.46,6.0,0.45,5.0,0.58,10.7,0.59,10.7,0.12,0.12,614.272837,1776234365000
1776234367.571,67.571,0.42,10.7,0.41,10.7,0.54,6.0,0.55,5.0,0.46,6.0,0.45,5.0,0.58,10.7,0.59,10.7,0.12,0.12,614.303726,1776234366000
1776234368.651,68.651,0.42,10.7,0.41,10.7,0.54,6.0,0.55,5.0,0.46,6.0,0.45,5.0,0.58,10.7,0.59,10.7,0.12,0.12,614.303602,1776234367000
1776234369.378,69.378,0.42,10.7,0.41,10.7,0.54,6.0,0.55,5.0,0.46,6.0,0.45,5.0,0.58,10.7,0.59,10.7,0.12,0.12,614.286463,1776234368000
1776234370.718,70.718,0.42,10.7,0.41,10.7,0.54,6.0,0.55,5.0,0.46,6.0,0.45,5.0,0.58,10.7,0.59,10.7,0.12,0.12,614.285119,1776234369000
1776234371.478,71.478,0.42,10.7,0.41,10.7,0.54,6.0,0.55,5.0,0.46,6.0,0.45,5.0,0.58,10.7,0.59,10.7,0.12,0.12,614.282,1776234370000
1776234372.138,72.138,0.42,10.7,0.41,10.7,0.54,6.0,0.55,5.0,0.46,6.0,0.45,5.0,0.58,10.7,0.59,10.7,0.12,0.12,614.287,1776234371000
1776234373.062,73.062,0.42,10.7,0.41,10.7,0.54,6.0,0.55,5.0,0.46,6.0,0.45,5.0,0.58,10.7,0.59,10.7,0.12,0.12,614.287,1776234372000
1776234373.338,73.338,0.49,5.2,0.48,10.4,0.55,6.0,0.56,5.0,0.46,6.0,0.45,5.0,0.58,10.7,0.59,10.7,0.06,0.12,614.287,1776234372000
1776234374.144,74.144,0.49,0.15,0.48,10.4,0.55,6.0,0.56,5.0,0.45,6.0,0.44,5.0,0.51,0.15,0.52,10.4,0.06,0.06,614.281,1776234373000
1776234375.356,75.356,0.49,0.15,0.48,10.4,0.55,6.0,0.56,5.0,0.45,6.0,0.44,5.0,0.51,0.15,0.52,10.4,0.06,0.06,614.280128,1776234374000
1776234375.947,75.947,0.49,0.15,0.48,10.4,0.55,6.0,0.56,5.0,0.45,6.0,0.44,5.0,0.51,0.15,0.52,10.4,0.06,0.06,614.276013,1776234375000
1776234377.162,77.162,0.49,0.15,0.48,10.4,0.55,6.0,0.56,5.0,0.45,6.0,0.44,5.0,0.51,0.15,0.52,10.4,0.06,0.06,614.261589,1776234376000
1776234378.256,78.256,0.49,0.15,0.48,10.4,0.55,6.0,0.56,5.0,0.45,6.0,0.44,5.0,0.51,0.15,0.52,10.4,0.06,0.06,614.247097,1776234377000
1776234379.332,79.332,0.49,0.15,0.48,10.4,0.55,6.0,0.56,5.0,0.45,6.0,0.44,5.0,0.51,0.15,0.52,10.4,0.06,0.06,614.26912,1776234378000
1776234379.953,79.953,0.49,0.15,0.48,10.4,0.55,6.0,0.56,5.0,0.45,6.0,0.44,5.0,0.51,0.15,0.52,10.4,0.06,0.06,614.26933,1776234379000
1776234380.985,80.985,0.49,0.15,0.48,10.4,0.55,6.0,0.56,5.0,0.45,6.0,0.44,5.0,0.51,0.15,0.52,10.4,0.06,0.06,614.26923,1776234380000
1776234382.107,82.107,0.49,0.15,0.48,10.4,0.55,6.0,0.56,5.0,0.45,6.0,0.44,5.0,0.51,0.15,0.52,10.4,0.06,0.06,614.26878,1776234381000
1776234382.44,82.44,0.31,50.0,0.29,10.0,0.39,5.0,0.4,5.0,0.61,5.0,0.6,5.0,0.64,4.43,0.69,50.0,0.08,0.03,614.26878,1776234381000
1776234383.171,83.171,0.31,50.0,0.29,10.0,0.39,5.0,0.4,5.0,0.61,5.0,0.6,5.0,0.69,50.0,0.71,10.0,0.08,0.08,614.209292,1776234382000
1776234384.264,84.264,0.31,50.0,0.29,10.0,0.39,5.0,0.4,5.0,0.61,5.0,0.6,5.0,0.69,50.0,0.71,10.0,0.08,0.08,614.2045,1776234383000
1776234385.354,85.354,0.31,50.0,0.29,10.0,0.39,5.0,0.4,5.0,0.61,5.0,0.6,5.0,0.69,50.0,0.71,10.0,0.08,0.08,614.19925,1776234384000
1776234386.435,86.435,0.31,50.0,0.29,10.0,0.39,5.0,0.4,5.0,0.61,5.0,0.6,5.0,0.69,50.0,0.71,10.0,0.08,0.08,614.19929,1776234385000
1776234387.33,87.33,0.31,50.0,0.29,10.0,0.39,5.0,0.4,5.0,0.61,5.0,0.6,5.0,0.69,50.0,0.71,10.0,0.08,0.08,614.1995,1776234386000
1776234387.895,87.895,0.31,50.0,0.29,10.0,0.39,5.0,0.4,5.0,0.61,5.0,0.6,5.0,0.69,50.0,0.71,10.0,0.08,0.08,614.19946,1776234387000
1776234388.88,88.88,0.31,50.0,0.29,10.0,0.39,5.0,0.4,5.0,0.61,5.0,0.6,5.0,0.69,50.0,0.71,10.0,0.08,0.08,614.19906,1776234388000
1776234389.895,89.895,0.31,50.0,0.29,10.0,0.39,5.0,0.4,5.0,0.61,5.0,0.6,5.0,0.69,50.0,0.71,10.0,0.08,0.08,614.19867,1776234389000
1776234390.852,90.852,0.31,50.0,0.29,10.0,0.39,5.0,0.4,5.0,0.61,5.0,0.6,5.0,0.69,50.0,0.71,10.0,0.08,0.08,614.19879,1776234390000
1776234391.902,91.902,0.31,50.0,0.29,10.0,0.39,5.0,0.4,5.0,0.61,5.0,0.6,5.0,0.69,50.0,0.71,10.0,0.08,0.08,614.20385,1776234391000
1776234392.935,92.935,0.31,50.0,0.29,10.0,0.39,5.0,0.4,5.0,0.61,5.0,0.6,5.0,0.69,50.0,0.71,10.0,0.08,0.08,614.20534,1776234392000
1776234393.962,93.962,0.31,50.0,0.29,10.0,0.39,5.0,0.4,5.0,0.61,5.0,0.6,5.0,0.69,50.0,0.71,10.0,0.08,0.08,614.21587,1776234393000
1776234394.943,94.943,0.31,50.0,0.29,10.0,0.39,5.0,0.4,5.0,0.61,5.0,0.6,5.0,0.69,50.0,0.71,10.0,0.08,0.08,614.21625,1776234394000
1776234396.034,96.034,0.31,50.0,0.29,10.0,0.39,5.0,0.4,5.0,0.61,5.0,0.6,5.0,0.69,50.0,0.71,10.0,0.08,0.08,614.213173,1776234395000
1776234397.044,97.044,0.31,50.0,0.29,10.0,0.39,5.0,0.4,5.0,0.61,5.0,0.6,5.0,0.69,50.0,0.71,10.0,0.08,0.08,614.20109,1776234396000
1776234398.149,98.149,0.31,50.0,0.29,10.0,0.39,5.0,0.4,5.0,0.61,5.0,0.6,5.0,0.69,50.0,0.71,10.0,0.08,0.08,614.1869,1776234397000
1776234399.16,99.16,0.31,50.0,0.29,10.0,0.39,5.0,0.4,5.0,0.61,5.0,0.6,5.0,0.69,50.0,0.71,10.0,0.08,0.08,614.1769,1776234398000
1776234400.753,100.753,0.31,50.0,0.29,10.0,0.39,5.0,0.4,5.0,0.61,5.0,0.6,5.0,0.69,50.0,0.71,10.0,0.08,0.08,614.134659,1776234399000
1776234401.329,101.329,0.31,50.0,0.29,10.0,0.39,5.0,0.4,5.0,0.61,5.0,0.6,5.0,0.69,50.0,0.71,10.0,0.08,0.08,614.132575,1776234400000
1776234402.39,102.39,0.31,50.0,0.29,10.0,0.39,5.0,0.4,5.0,0.61,5.0,0.6,5.0,0.69,50.0,0.71,10.0,0.08,0.08,614.075479,1776234401000
1776234402.902,102.902,0.31,50.0,0.29,10.0,0.39,5.0,0.4,5.0,0.61,5.0,0.6,5.0,0.69,50.0,0.71,10.0,0.08,0.08,614.075179,1776234402000
1776234403.976,103.976,0.31,50.0,0.29,10.0,0.39,5.0,0.4,5.0,0.61,5.0,0.6,5.0,0.69,50.0,0.71,10.0,0.08,0.08,614.075548,1776234403000
1776234404.957,104.957,0.31,50.0,0.29,10.0,0.39,5.0,0.4,5.0,0.61,5.0,0.6,5.0,0.69,50.0,0.71,10.0,0.08,0.08,614.0751,1776234404000
1776234405.969,105.969,0.31,50.0,0.29,10.0,0.39,5.0,0.4,5.0,0.61,5.0,0.6,5.0,0.69,50.0,0.71,10.0,0.08,0.08,614.060259,1776234405000
1776234406.958,106.958,0.31,50.0,0.29,10.0,0.39,5.0,0.4,5.0,0.61,5.0,0.6,5.0,0.69,50.0,0.71,10.0,0.08,0.08,614.060647,1776234406000
1776234408.002,108.002,0.31,50.0,0.29,10.0,0.39,5.0,0.4,5.0,0.61,5.0,0.6,5.0,0.69,50.0,0.71,10.0,0.08,0.08,614.060647,1776234407000
1776234409.035,109.035,0.31,50.0,0.29,10.0,0.39,5.0,0.4,5.0,0.61,5.0,0.6,5.0,0.69,50.0,0.71,10.0,0.08,0.08,614.060973,1776234408000
1776234410.087,110.087,0.31,50.0,0.29,10.0,0.39,5.0,0.4,5.0,0.61,5.0,0.6,5.0,0.69,50.0,0.71,10.0,0.08,0.08,614.060972,1776234409000
1776234411.17,111.17,0.31,50.0,0.29,10.0,0.39,5.0,0.4,5.0,0.61,5.0,0.6,5.0,0.69,50.0,0.71,10.0,0.08,0.08,614.060492,1776234410000
1776234412.2,112.2,0.31,50.0,0.29,10.0,0.39,5.0,0.4,5.0,0.61,5.0,0.6,5.0,0.69,50.0,0.71,10.0,0.08,0.08,614.060548,1776234411000
1776234413.197,113.197,0.31,50.0,0.29,10.0,0.39,5.0,0.4,5.0,0.61,5.0,0.6,5.0,0.69,50.0,0.71,10.0,0.08,0.08,614.061991,1776234412000
1776234414.05,114.05,0.31,50.0,0.29,10.0,0.39,5.0,0.4,5.0,0.61,5.0,0.6,5.0,0.69,50.0,0.71,10.0,0.08,0.08,614.063569,1776234413000
1776234415.17,115.17,0.31,50.0,0.29,10.0,0.39,5.0,0.4,5.0,0.61,5.0,0.6,5.0,0.69,50.0,0.71,10.0,0.08,0.08,614.063569,1776234414000
1776234416.174,116.174,0.31,50.0,0.29,10.0,0.39,5.0,0.4,5.0,0.61,5.0,0.6,5.0,0.69,50.0,0.71,10.0,0.08,0.08,614.060521,1776234415000
1776234416.742,116.742,0.15,25.39,0.14,21.6,0.26,17.98,0.27,13.2,0.61,5.0,0.6,5.0,0.69,50.0,0.71,10.0,0.11,0.08,614.060521,1776234415000
1776234417.217,117.217,0.15,25.39,0.14,21.6,0.26,17.98,0.27,13.2,0.74,17.98,0.73,13.2,0.85,25.39,0.86,21.6,0.11,0.11,614.056751,1776234416000
1776234419.05,119.05,0.15,25.39,0.14,21.6,0.26,17.98,0.27,13.2,0.74,17.98,0.73,13.2,0.85,25.39,0.86,21.6,0.11,0.11,614.06435,1776234418000
1776234420.239,120.239,0.15,25.39,0.14,21.6,0.26,17.98,0.27,13.2,0.74,17.98,0.73,13.2,0.85,25.39,0.86,21.6,0.11,0.11,614.052543,1776234419000
1776234421.427,121.427,0.15,25.39,0.14,21.6,0.26,17.98,0.27,13.2,0.74,17.98,0.73,13.2,0.85,25.39,0.86,21.6,0.11,0.11,614.052556,1776234420000
1776234422.061,122.061,0.15,25.39,0.14,21.6,0.26,17.98,0.27,13.2,0.74,17.98,0.73,13.2,0.85,25.39,0.86,21.6,0.11,0.11,614.043416,1776234421000
1776234423.236,123.236,0.15,25.39,0.14,21.6,0.26,17.98,0.27,13.2,0.74,17.98,0.73,13.2,0.85,25.39,0.86,21.6,0.11,0.11,614.038383,1776234422000
1776234424.436,124.436,0.15,25.39,0.14,21.6,0.26,17.98,0.27,13.2,0.74,17.98,0.73,13.2,0.85,25.39,0.86,21.6,0.11,0.11,614.047457,1776234423000
1776234425.024,125.024,0.15,25.39,0.14,21.6,0.26,17.98,0.27,13.2,0.74,17.98,0.73,13.2,0.85,25.39,0.86,21.6,0.11,0.11,614.04039,1776234424000
1776234426.222,126.222,0.15,25.39,0.14,21.6,0.26,17.98,0.27,13.2,0.74,17.98,0.73,13.2,0.85,25.39,0.86,21.6,0.11,0.11,614.04729,1776234425000
1776234427.411,127.411,0.15,25.39,0.14,21.6,0.26,17.98,0.27,13.2,0.74,17.98,0.73,13.2,0.85,25.39,0.86,21.6,0.11,0.11,614.059862,1776234426000
1776234427.943,127.943,0.15,25.39,0.14,21.6,0.26,17.98,0.27,13.2,0.74,17.98,0.73,13.2,0.85,25.39,0.86,21.6,0.11,0.11,614.07268,1776234427000
1776234429.453,129.453,0.15,25.39,0.14,21.6,0.26,17.98,0.27,13.2,0.74,17.98,0.73,13.2,0.85,25.39,0.86,21.6,0.11,0.11,614.07268,1776234428000
1776234430.01,130.01,0.15,25.39,0.14,21.6,0.26,17.98,0.27,13.2,0.74,17.98,0.73,13.2,0.85,25.39,0.86,21.6,0.11,0.11,614.07446,1776234429000
1776234430.993,130.993,0.15,25.39,0.14,21.6,0.26,17.98,0.27,13.2,0.74,17.98,0.73,13.2,0.85,25.39,0.86,21.6,0.11,0.11,614.07361,1776234430000
1776234432.159,132.159,0.15,25.39,0.14,21.6,0.26,17.98,0.27,13.2,0.74,17.98,0.73,13.2,0.85,25.39,0.86,21.6,0.11,0.11,614.07482,1776234431000
1776234433.157,133.157,0.15,25.39,0.14,21.6,0.26,17.98,0.27,13.2,0.74,17.98,0.73,13.2,0.85,25.39,0.86,21.6,0.11,0.11,614.07417,1776234432000
1776234434.269,134.269,0.15,25.39,0.14,21.6,0.26,17.98,0.27,13.2,0.74,17.98,0.73,13.2,0.85,25.39,0.86,21.6,0.11,0.11,614.07446,1776234433000
1776234435.464,135.464,0.15,25.39,0.14,21.6,0.26,17.98,0.27,13.2,0.74,17.98,0.73,13.2,0.85,25.39,0.86,21.6,0.11,0.11,614.065357,1776234434000
1776234435.898,135.898,0.15,25.39,0.14,21.6,0.26,17.98,0.27,13.2,0.74,17.98,0.73,13.2,0.85,25.39,0.86,21.6,0.11,0.11,614.066026,1776234435000
1776234436.984,136.984,0.15,25.39,0.14,21.6,0.26,17.98,0.27,13.2,0.74,17.98,0.73,13.2,0.85,25.39,0.86,21.6,0.11,0.11,614.082997,1776234436000
1776234437.974,137.974,0.15,25.39,0.14,21.6,0.26,17.98,0.27,13.2,0.74,17.98,0.73,13.2,0.85,25.39,0.86,21.6,0.11,0.11,614.08875,1776234437000
1776234439.058,139.058,0.15,25.39,0.14,21.6,0.26,17.98,0.27,13.2,0.74,17.98,0.73,13.2,0.85,25.39,0.86,21.6,0.11,0.11,614.08875,1776234438000
1776234440.032,140.032,0.15,25.39,0.14,21.6,0.26,17.98,0.27,13.2,0.74,17.98,0.73,13.2,0.85,25.39,0.86,21.6,0.11,0.11,614.09047,1776234439000
1776234441.008,141.008,0.15,25.39,0.14,21.6,0.26,17.98,0.27,13.2,0.74,17.98,0.73,13.2,0.85,25.39,0.86,21.6,0.11,0.11,614.08944,1776234440000
1776234442.023,142.023,0.15,25.39,0.14,21.6,0.26,17.98,0.27,13.2,0.74,17.98,0.73,13.2,0.85,25.39,0.86,21.6,0.11,0.11,614.08782,1776234441000
1776234443.394,143.394,0.15,25.39,0.14,21.6,0.26,17.98,0.27,13.2,0.74,17.98,0.73,13.2,0.85,25.39,0.86,21.6,0.11,0.11,614.08719,1776234442000
1776234443.986,143.986,0.15,25.39,0.14,21.6,0.26,17.98,0.27,13.2,0.74,17.98,0.73,13.2,0.85,25.39,0.86,21.6,0.11,0.11,614.08593,1776234443000
1776234445.49,145.49,0.15,25.39,0.14,21.6,0.26,17.98,0.27,13.2,0.74,17.98,0.73,13.2,0.85,25.39,0.86,21.6,0.11,0.11,614.08246,1776234444000
1776234446.066,146.066,0.15,25.39,0.14,21.6,0.26,17.98,0.27,13.2,0.74,17.98,0.73,13.2,0.85,25.39,0.86,21.6,0.11,0.11,614.08252,1776234445000
1776234447.183,147.183,0.15,25.39,0.14,21.6,0.26,17.98,0.27,13.2,0.74,17.98,0.73,13.2,0.85,25.39,0.86,21.6,0.11,0.11,614.08034,1776234446000
1776234447.903,147.903,0.15,25.39,0.14,21.6,0.26,17.98,0.27,13.2,0.74,17.98,0.73,13.2,0.85,25.39,0.86,21.6,0.11,0.11,614.08029,1776234447000
1776234449.226,149.226,0.15,25.39,0.14,21.6,0.26,17.98,0.27,13.2,0.74,17.98,0.73,13.2,0.85,25.39,0.86,21.6,0.11,0.11,614.07997,1776234448000
1776234450.472,150.472,0.15,25.39,0.14,21.6,0.26,17.98,0.27,13.2,0.74,17.98,0.73,13.2,0.85,25.39,0.86,21.6,0.11,0.11,614.0754,1776234449000
1776234451.002,151.002,0.15,25.39,0.14,21.6,0.26,17.98,0.27,13.2,0.74,17.98,0.73,13.2,0.85,25.39,0.86,21.6,0.11,0.11,614.07475,1776234450000
1776234452.211,152.211,0.15,25.39,0.14,21.6,0.26,17.98,0.27,13.2,0.74,17.98,0.73,13.2,0.85,25.39,0.86,21.6,0.11,0.11,614.07578,1776234451000
1776234452.977,152.977,0.15,25.39,0.14,21.6,0.26,17.98,0.27,13.2,0.74,17.98,0.73,13.2,0.85,25.39,0.86,21.6,0.11,0.11,614.07573,1776234452000
1776234454.305,154.305,0.15,25.39,0.14,21.6,0.26,17.98,0.27,13.2,0.74,17.98,0.73,13.2,0.85,25.39,0.86,21.6,0.11,0.11,614.07955,1776234453000
1776234455.437,155.437,0.15,25.39,0.14,21.6,0.26,17.98,0.27,13.2,0.74,17.98,0.73,13.2,0.85,25.39,0.86,21.6,0.11,0.11,614.08631,1776234454000
1776234455.99,155.99,0.15,25.39,0.14,21.6,0.26,17.98,0.27,13.2,0.74,17.98,0.73,13.2,0.85,25.39,0.86,21.6,0.11,0.11,614.08631,1776234455000
1776234457.187,157.187,0.15,25.39,0.14,21.6,0.26,17.98,0.27,13.2,0.74,17.98,0.73,13.2,0.85,25.39,0.86,21.6,0.11,0.11,614.08563,1776234456000
1776234458.43,158.43,0.15,25.39,0.14,21.6,0.26,17.98,0.27,13.2,0.74,17.98,0.73,13.2,0.85,25.39,0.86,21.6,0.11,0.11,614.077,1776234457000
1776234459.699,159.699,0.15,25.39,0.14,21.6,0.26,17.98,0.27,13.2,0.74,17.98,0.73,13.2,0.85,25.39,0.86,21.6,0.11,0.11,614.07788,1776234458000
1776234461.098,161.098,0.15,25.39,0.14,21.6,0.26,17.98,0.27,13.2,0.74,17.98,0.73,13.2,0.85,25.39,0.86,21.6,0.11,0.11,614.072733,1776234459000
1776234461.738,161.738,0.15,25.39,0.14,21.6,0.26,17.98,0.27,13.2,0.74,17.98,0.73,13.2,0.85,25.39,0.86,21.6,0.11,0.11,614.054759,1776234460000
1776234462.629,162.629,0.15,25.39,0.14,21.6,0.26,17.98,0.27,13.2,0.74,17.98,0.73,13.2,0.85,25.39,0.86,21.6,0.11,0.11,614.072,1776234461000
1776234463.371,163.371,0.15,25.39,0.14,21.6,0.26,17.98,0.27,13.2,0.74,17.98,0.73,13.2,0.85,25.39,0.86,21.6,0.11,0.11,614.066024,1776234462000
1776234464.06,164.06,0.15,25.39,0.14,21.6,0.26,17.98,0.27,13.2,0.74,17.98,0.73,13.2,0.85,25.39,0.86,21.6,0.11,0.11,614.055446,1776234463000
1776234465.558,165.558,0.15,25.39,0.14,21.6,0.26,17.98,0.27,13.2,0.74,17.98,0.73,13.2,0.85,25.39,0.86,21.6,0.11,0.11,614.025298,1776234464000
1776234466.296,166.296,0.15,25.39,0.14,21.6,0.26,17.98,0.27,13.2,0.74,17.98,0.73,13.2,0.85,25.39,0.86,21.6,0.11,0.11,614.025271,1776234465000
1776234467.737,167.737,0.15,25.39,0.14,21.6,0.26,17.98,0.27,13.2,0.74,17.98,0.73,13.2,0.85,25.39,0.86,21.6,0.11,0.11,614.076,1776234466000
1776234468.362,168.362,0.15,25.39,0.14,21.6,0.26,17.98,0.27,13.2,0.74,17.98,0.73,13.2,0.85,25.39,0.86,21.6,0.11,0.11,614.075,1776234467000
1776234469.142,169.142,0.15,25.39,0.14,21.6,0.26,17.98,0.27,13.2,0.74,17.98,0.73,13.2,0.85,25.39,0.86,21.6,0.11,0.11,614.075,1776234468000
1776234470.619,170.619,0.15,25.39,0.14,21.6,0.26,17.98,0.27,13.2,0.74,17.98,0.73,13.2,0.85,25.39,0.86,21.6,0.11,0.11,614.035416,1776234469000
1776234471.463,171.463,0.15,25.39,0.14,21.6,0.26,17.98,0.27,13.2,0.74,17.98,0.73,13.2,0.85,25.39,0.86,21.6,0.11,0.11,614.033385,1776234470000
1776234472.181,172.181,0.15,25.39,0.14,21.6,0.26,17.98,0.27,13.2,0.74,17.98,0.73,13.2,0.85,25.39,0.86,21.6,0.11,0.11,614.027476,1776234471000
1776234473.57,173.57,0.15,25.39,0.14,21.6,0.26,17.98,0.27,13.2,0.74,17.98,0.73,13.2,0.85,25.39,0.86,21.6,0.11,0.11,614.035934,1776234472000
1776234474.271,174.271,0.15,25.39,0.14,21.6,0.26,17.98,0.27,13.2,0.74,17.98,0.73,13.2,0.85,25.39,0.86,21.6,0.11,0.11,614.036017,1776234473000
1776234475.775,175.775,0.15,25.39,0.14,21.6,0.26,17.98,0.27,13.2,0.74,17.98,0.73,13.2,0.85,25.39,0.86,21.6,0.11,0.11,614.06482,1776234474000
1776234476.496,176.496,0.15,25.39,0.14,21.6,0.26,17.98,0.27,13.2,0.74,17.98,0.73,13.2,0.85,25.39,0.86,21.6,0.11,0.11,614.069849,1776234475000
1776234477.376,177.376,0.15,25.39,0.14,21.6,0.26,17.98,0.27,13.2,0.74,17.98,0.73,13.2,0.85,25.39,0.86,21.6,0.11,0.11,614.069673,1776234476000
1776234478.071,178.071,0.15,25.39,0.14,21.6,0.26,17.98,0.27,13.2,0.74,17.98,0.73,13.2,0.85,25.39,0.86,21.6,0.11,0.11,614.068234,1776234477000
1776234479.008,179.008,0.15,25.39,0.14,21.6,0.26,17.98,0.27,13.2,0.74,17.98,0.73,13.2,0.85,25.39,0.86,21.6,0.11,0.11,614.067928,1776234478000
1776234480.059,180.059,0.15,25.39,0.14,21.6,0.26,17.98,0.27,13.2,0.74,17.98,0.73,13.2,0.85,25.39,0.86,21.6,0.11,0.11,614.08559,1776234479000
1776234481.065,181.065,0.15,25.39,0.14,21.6,0.26,17.98,0.27,13.2,0.74,17.98,0.73,13.2,0.85,25.39,0.86,21.6,0.11,0.11,614.068164,1776234480000
1776234482.152,182.152,0.15,25.39,0.14,21.6,0.26,17.98,0.27,13.2,0.74,17.98,0.73,13.2,0.85,25.39,0.86,21.6,0.11,0.11,614.067797,1776234481000
1776234483.331,183.331,0.15,25.39,0.14,21.6,0.26,17.98,0.27,13.2,0.74,17.98,0.73,13.2,0.85,25.39,0.86,21.6,0.11,0.11,614.08474,1776234482000
1776234484.327,184.327,0.15,25.39,0.14,21.6,0.26,17.98,0.27,13.2,0.74,17.98,0.73,13.2,0.85,25.39,0.86,21.6,0.11,0.11,614.08876,1776234483000
1776234485.324,185.324,0.15,25.39,0.14,21.6,0.26,17.98,0.27,13.2,0.74,17.98,0.73,13.2,0.85,25.39,0.86,21.6,0.11,0.11,614.08858,1776234484000
1776234486.307,186.307,0.15,25.39,0.14,21.6,0.26,17.98,0.27,13.2,0.74,17.98,0.73,13.2,0.85,25.39,0.86,21.6,0.11,0.11,614.08734,1776234485000
1776234487.453,187.453,0.15,25.39,0.14,21.6,0.26,17.98,0.27,13.2,0.74,17.98,0.73,13.2,0.85,25.39,0.86,21.6,0.11,0.11,614.078449,1776234486000
1776234487.985,187.985,0.15,25.39,0.14,21.6,0.26,17.98,0.27,13.2,0.74,17.98,0.73,13.2,0.85,25.39,0.86,21.6,0.11,0.11,614.078306,1776234487000
1776234488.902,188.902,0.15,25.39,0.14,21.6,0.26,17.98,0.27,13.2,0.74,17.98,0.73,13.2,0.85,25.39,0.86,21.6,0.11,0.11,614.073585,1776234488000
1776234489.907,189.907,0.15,25.39,0.14,21.6,0.26,17.98,0.27,13.2,0.74,17.98,0.73,13.2,0.85,25.39,0.86,21.6,0.11,0.11,614.058492,1776234489000
1776234490.987,190.987,0.15,25.39,0.14,21.6,0.26,17.98,0.27,13.2,0.74,17.98,0.73,13.2,0.85,25.39,0.86,21.6,0.11,0.11,614.07667,1776234490000
1776234492.513,192.513,0.15,25.39,0.14,21.6,0.26,17.98,0.27,13.2,0.74,17.98,0.73,13.2,0.85,25.39,0.86,21.6,0.11,0.11,614.060697,1776234491000
1776234493.045,193.045,0.15,25.39,0.14,21.6,0.26,17.98,0.27,13.2,0.74,17.98,0.73,13.2,0.85,25.39,0.86,21.6,0.11,0.11,614.060697,1776234492000
1776234494.09,194.09,0.15,25.39,0.14,21.6,0.26,17.98,0.27,13.2,0.74,17.98,0.73,13.2,0.85,25.39,0.86,21.6,0.11,0.11,614.0658,1776234493000
1776234495.079,195.079,0.15,25.39,0.14,21.6,0.26,17.98,0.27,13.2,0.74,17.98,0.73,13.2,0.85,25.39,0.86,21.6,0.11,0.11,614.06598,1776234494000
1776234496.211,196.211,0.15,25.39,0.14,21.6,0.26,17.98,0.27,13.2,0.74,17.98,0.73,13.2,0.85,25.39,0.86,21.6,0.11,0.11,614.06606,1776234495000
1776234497.106,197.106,0.15,25.39,0.14,21.6,0.26,17.98,0.27,13.2,0.74,17.98,0.73,13.2,0.85,25.39,0.86,21.6,0.11,0.11,614.0539,1776234496000
1776234498.149,198.149,0.15,25.39,0.14,21.6,0.26,17.98,0.27,13.2,0.74,17.98,0.73,13.2,0.85,25.39,0.86,21.6,0.11,0.11,614.05508,1776234497000
1776234499.227,199.227,0.15,25.39,0.14,21.6,0.26,17.98,0.27,13.2,0.74,17.98,0.73,13.2,0.85,25.39,0.86,21.6,0.11,0.11,614.037146,1776234498000
1776234500.273,200.273,0.15,25.39,0.14,21.6,0.26,17.98,0.27,13.2,0.74,17.98,0.73,13.2,0.85,25.39,0.86,21.6,0.11,0.11,614.037864,1776234499000
1776234501.251,201.251,0.15,25.39,0.14,21.6,0.26,17.98,0.27,13.2,0.74,17.98,0.73,13.2,0.85,25.39,0.86,21.6,0.11,0.11,614.05891,1776234500000
1776234502.227,202.227,0.15,25.39,0.14,21.6,0.26,17.98,0.27,13.2,0.74,17.98,0.73,13.2,0.85,25.39,0.86,21.6,0.11,0.11,614.06253,1776234501000
1776234503.23,203.23,0.15,25.39,0.14,21.6,0.26,17.98,0.27,13.2,0.74,17.98,0.73,13.2,0.85,25.39,0.86,21.6,0.11,0.11,614.06151,1776234502000
1776234504.229,204.229,0.15,25.39,0.14,21.6,0.26,17.98,0.27,13.2,0.74,17.98,0.73,13.2,0.85,25.39,0.86,21.6,0.11,0.11,614.06143,1776234503000
1776234505.774,205.774,0.15,25.39,0.14,21.6,0.26,17.98,0.27,13.2,0.74,17.98,0.73,13.2,0.85,25.39,0.86,21.6,0.11,0.11,614.05921,1776234504000
1776234506.309,206.309,0.15,25.39,0.14,21.6,0.26,17.98,0.27,13.2,0.74,17.98,0.73,13.2,0.85,25.39,0.86,21.6,0.11,0.11,614.05915,1776234505000
1776234507.433,207.433,0.15,25.39,0.14,21.6,0.26,17.98,0.27,13.2,0.74,17.98,0.73,13.2,0.85,25.39,0.86,21.6,0.11,0.11,614.04305,1776234506000
1776234508.06,208.06,0.15,25.39,0.14,21.6,0.26,17.98,0.27,13.2,0.74,17.98,0.73,13.2,0.85,25.39,0.86,21.6,0.11,0.11,614.043066,1776234507000
1776234509.169,209.169,0.15,25.39,0.14,21.6,0.26,17.98,0.27,13.2,0.74,17.98,0.73,13.2,0.85,25.39,0.86,21.6,0.11,0.11,614.038943,1776234508000
1776234510.296,210.296,0.08,24.96,0.07,39.9,0.13,5.0,0.14,5.0,0.87,5.0,0.86,5.0,0.92,24.96,0.93,39.9,0.05,0.05,614.04581,1776234509000
1776234511.324,211.324,0.08,24.96,0.07,39.9,0.13,5.0,0.14,5.0,0.87,5.0,0.86,5.0,0.92,24.96,0.93,39.9,0.05,0.05,614.05531,1776234510000
1776234511.928,211.928,0.08,24.96,0.07,39.9,0.13,5.0,0.14,5.0,0.87,5.0,0.86,5.0,0.92,24.96,0.93,39.9,0.05,0.05,614.05531,1776234511000
1776234512.997,212.997,0.08,24.96,0.07,39.9,0.13,5.0,0.14,5.0,0.87,5.0,0.86,5.0,0.92,24.96,0.93,39.9,0.05,0.05,614.05576,1776234512000
1776234514.13,214.13,0.08,24.96,0.07,39.9,0.13,5.0,0.14,5.0,0.87,5.0,0.86,5.0,0.92,24.96,0.93,39.9,0.05,0.05,614.05104,1776234513000
1776234515.219,215.219,0.08,24.96,0.07,39.9,0.13,5.0,0.14,5.0,0.87,5.0,0.86,5.0,0.92,24.96,0.93,39.9,0.05,0.05,614.0511,1776234514000
1776234516.534,216.534,0.08,24.96,0.07,39.9,0.13,5.0,0.14,5.0,0.87,5.0,0.86,5.0,0.92,24.96,0.93,39.9,0.05,0.05,614.05127,1776234515000
1776234516.994,216.994,0.08,24.96,0.07,39.9,0.13,5.0,0.14,5.0,0.87,5.0,0.86,5.0,0.92,24.96,0.93,39.9,0.05,0.05,614.039056,1776234516000
1776234518.111,218.111,0.08,24.96,0.07,39.9,0.13,5.0,0.14,5.0,0.87,5.0,0.86,5.0,0.92,24.96,0.93,39.9,0.05,0.05,614.04263,1776234517000
1776234519.205,219.205,0.08,24.96,0.07,39.9,0.13,5.0,0.14,5.0,0.87,5.0,0.86,5.0,0.92,24.96,0.93,39.9,0.05,0.05,614.06217,1776234518000
1776234520.18,220.18,0.08,24.96,0.07,39.9,0.13,5.0,0.14,5.0,0.87,5.0,0.86,5.0,0.92,24.96,0.93,39.9,0.05,0.05,614.0677,1776234519000
1776234521.16,221.16,0.08,24.96,0.07,39.9,0.13,5.0,0.14,5.0,0.87,5.0,0.86,5.0,0.92,24.96,0.93,39.9,0.05,0.05,614.08035,1776234520000
1776234522.209,222.209,0.08,24.96,0.07,39.9,0.13,5.0,0.14,5.0,0.87,5.0,0.86,5.0,0.92,24.96,0.93,39.9,0.05,0.05,614.08029,1776234521000
1776234523.295,223.295,0.08,24.96,0.07,39.9,0.13,5.0,0.14,5.0,0.87,5.0,0.86,5.0,0.92,24.96,0.93,39.9,0.05,0.05,614.08005,1776234522000
1776234524.375,224.375,0.08,24.96,0.07,39.9,0.13,5.0,0.14,5.0,0.87,5.0,0.86,5.0,0.92,24.96,0.93,39.9,0.05,0.05,614.064224,1776234523000
1776234524.988,224.988,0.08,24.96,0.07,39.9,0.13,5.0,0.14,5.0,0.87,5.0,0.86,5.0,0.92,24.96,0.93,39.9,0.05,0.05,614.07692,1776234524000
1776234526.004,226.004,0.06,46.1,0.05,54.7,0.11,26.6,0.12,24.6,0.89,26.6,0.88,24.6,0.94,46.1,0.95,54.7,0.05,0.05,614.065581,1776234525000
1776234527.048,227.048,0.06,46.1,0.05,54.7,0.11,26.6,0.12,24.6,0.89,26.6,0.88,24.6,0.94,46.1,0.95,54.7,0.05,0.05,614.04577,1776234526000
1776234528.088,228.088,0.06,46.1,0.05,54.7,0.11,26.6,0.12,24.6,0.89,26.6,0.88,24.6,0.94,46.1,0.95,54.7,0.05,0.05,614.077997,1776234527000
1776234529.139,229.139,0.06,46.1,0.05,54.7,0.11,26.6,0.12,24.6,0.89,26.6,0.88,24.6,0.94,46.1,0.95,54.7,0.05,0.05,614.09228,1776234528000
1776234530.211,230.211,0.06,46.1,0.05,54.7,0.11,26.6,0.12,24.6,0.89,26.6,0.88,24.6,0.94,46.1,0.95,54.7,0.05,0.05,614.08212,1776234529000
1776234531.276,231.276,0.06,46.1,0.05,54.7,0.11,26.6,0.12,24.6,0.89,26.6,0.88,24.6,0.94,46.1,0.95,54.7,0.05,0.05,614.082108,1776234530000
1776234532.431,232.431,0.06,46.1,0.05,54.7,0.11,26.6,0.12,24.6,0.89,26.6,0.88,24.6,0.94,46.1,0.95,54.7,0.05,0.05,614.082018,1776234531000
1776234534.211,234.211,0.06,46.1,0.05,54.7,0.11,26.6,0.12,24.6,0.89,26.6,0.88,24.6,0.94,46.1,0.95,54.7,0.05,0.05,614.08866,1776234533000
1776234535.666,235.666,0.06,46.1,0.05,54.7,0.11,26.6,0.12,24.6,0.89,26.6,0.88,24.6,0.94,46.1,0.95,54.7,0.05,0.05,614.087044,1776234534000
1776234536.425,236.425,0.06,46.1,0.05,54.7,0.11,26.6,0.12,24.6,0.89,26.6,0.88,24.6,0.94,46.1,0.95,54.7,0.05,0.05,614.089698,1776234535000
1776234537.207,237.207,0.06,46.1,0.05,54.7,0.11,26.6,0.12,24.6,0.89,26.6,0.88,24.6,0.94,46.1,0.95,54.7,0.05,0.05,614.0928,1776234536000
1776234538.074,238.074,0.06,46.1,0.05,54.7,0.11,26.6,0.12,24.6,0.89,26.6,0.88,24.6,0.94,46.1,0.95,54.7,0.05,0.05,614.0928,1776234537000
1776234539.432,239.432,0.06,46.1,0.05,54.7,0.11,26.6,0.12,24.6,0.89,26.6,0.88,24.6,0.94,46.1,0.95,54.7,0.05,0.05,614.08931,1776234538000
1776234540.144,240.144,0.06,46.1,0.05,54.7,0.11,26.6,0.12,24.6,0.89,26.6,0.88,24.6,0.94,46.1,0.95,54.7,0.05,0.05,614.08815,1776234539000
1776234541.508,241.508,0.06,46.1,0.05,54.7,0.11,26.6,0.12,24.6,0.89,26.6,0.88,24.6,0.94,46.1,0.95,54.7,0.05,0.05,614.099866,1776234540000
1776234542.402,242.402,0.06,46.1,0.05,54.7,0.11,26.6,0.12,24.6,0.89,26.6,0.88,24.6,0.94,46.1,0.95,54.7,0.05,0.05,614.100283,1776234541000
1776234543.229,243.229,0.06,46.1,0.05,54.7,0.11,26.6,0.12,24.6,0.89,26.6,0.88,24.6,0.94,46.1,0.95,54.7,0.05,0.05,614.10365,1776234542000
1776234544.722,244.722,0.06,46.1,0.05,54.7,0.11,26.6,0.12,24.6,0.89,26.6,0.88,24.6,0.94,46.1,0.95,54.7,0.05,0.05,614.08908,1776234543000
1776234545.525,245.525,0.06,46.1,0.05,54.7,0.11,26.6,0.12,24.6,0.89,26.6,0.88,24.6,0.94,46.1,0.95,54.7,0.05,0.05,614.08837,1776234544000
1776234546.496,246.496,0.06,46.1,0.05,54.7,0.11,26.6,0.12,24.6,0.89,26.6,0.88,24.6,0.94,46.1,0.95,54.7,0.05,0.05,614.072093,1776234545000
1776234547.211,247.211,0.04,67.61,0.03,89.3,0.09,31.7,0.1,28.9,0.89,26.6,0.88,24.6,0.94,46.1,0.95,54.7,0.05,0.05,614.072093,1776234545000
1776234548.846,248.846,0.04,67.61,0.03,89.3,0.09,31.7,0.1,28.9,0.91,31.7,0.9,28.9,0.96,67.61,0.97,89.3,0.05,0.05,614.095,1776234547000
1776234549.79,249.79,0.04,67.61,0.03,89.3,0.09,31.7,0.1,28.9,0.91,31.7,0.9,28.9,0.96,67.61,0.97,89.3,0.05,0.05,614.095,1776234548000
1776234550.528,250.528,0.04,67.61,0.03,89.3,0.09,31.7,0.1,28.9,0.91,31.7,0.9,28.9,0.96,67.61,0.97,89.3,0.05,0.05,614.095,1776234549000
1776234551.128,251.128,0.04,67.61,0.03,89.3,0.09,31.7,0.1,28.9,0.91,31.7,0.9,28.9,0.96,67.61,0.97,89.3,0.05,0.05,614.095,1776234550000
1776234552.579,252.579,0.04,67.61,0.03,89.3,0.09,31.7,0.1,28.9,0.91,31.7,0.9,28.9,0.96,67.61,0.97,89.3,0.05,0.05,614.086841,1776234551000
1776234553.004,253.004,0.03,69.3,0.02,142.69,0.07,39.9,0.08,35.29,0.91,31.7,0.9,28.9,0.96,67.61,0.97,89.3,0.04,0.05,614.086841,1776234551000
1776234554.72,254.72,0.03,69.3,0.02,142.69,0.07,39.9,0.08,35.29,0.93,39.9,0.92,35.29,0.97,69.3,0.98,142.69,0.04,0.04,614.092,1776234553000
1776234555.24,255.24,0.03,69.3,0.02,142.69,0.07,39.9,0.08,35.29,0.93,39.9,0.92,35.29,0.97,69.3,0.98,142.69,0.04,0.04,614.092,1776234554000
1776234556.202,256.202,0.03,69.3,0.02,142.69,0.07,39.9,0.08,35.29,0.93,39.9,0.92,35.29,0.97,69.3,0.98,142.69,0.04,0.04,614.092,1776234555000
1776234557.248,257.248,0.03,69.3,0.02,142.69,0.07,39.9,0.08,35.29,0.93,39.9,0.92,35.29,0.97,69.3,0.98,142.69,0.04,0.04,614.089,1776234556000
1776234558.286,258.286,0.03,69.3,0.02,142.69,0.07,39.9,0.08,35.29,0.93,39.9,0.92,35.29,0.97,69.3,0.98,142.69,0.04,0.04,614.09,1776234557000
1776234559.157,259.157,0.03,69.3,0.02,142.69,0.07,39.9,0.08,35.29,0.93,39.9,0.92,35.29,0.97,69.3,0.98,142.69,0.04,0.04,614.09,1776234558000
1776234560.182,260.182,0.03,69.3,0.02,142.69,0.07,39.9,0.08,35.29,0.93,39.9,0.92,35.29,0.97,69.3,0.98,142.69,0.04,0.04,614.08091,1776234559000
1776234561.255,261.255,0.03,69.3,0.02,142.69,0.07,39.9,0.08,35.29,0.93,39.9,0.92,35.29,0.97,69.3,0.98,142.69,0.04,0.04,614.08112,1776234560000
1776234562.189,262.189,0.03,69.3,0.02,142.69,0.07,39.9,0.08,35.29,0.93,39.9,0.92,35.29,0.97,69.3,0.98,142.69,0.04,0.04,614.073,1776234561000
1776234563.102,263.102,0.03,69.3,0.02,142.69,0.07,39.9,0.08,35.29,0.93,39.9,0.92,35.29,0.97,69.3,0.98,142.69,0.04,0.04,614.073,1776234562000
1776234564.102,264.102,0.03,69.3,0.02,142.69,0.07,39.9,0.08,35.29,0.93,39.9,0.92,35.29,0.97,69.3,0.98,142.69,0.04,0.04,614.091989,1776234563000
1776234564.528,264.528,0.02,141.66,0.01,683.6,0.04,72.7,0.05,59.7,0.93,39.9,0.92,35.29,0.97,69.3,0.98,142.69,0.02,0.04,614.091989,1776234563000
1776234565.021,265.021,0.02,141.66,0.01,683.6,0.04,72.7,0.05,59.7,0.96,72.7,0.95,59.7,0.98,141.66,0.99,683.6,0.02,0.02,614.0899,1776234564000
1776234566.036,266.036,0.02,141.66,0.01,683.6,0.04,72.7,0.05,59.7,0.96,72.7,0.95,59.7,0.98,141.66,0.99,683.6,0.02,0.02,614.091,1776234565000
1776234567.668,267.668,0.02,141.66,0.01,683.6,0.04,72.7,0.05,59.7,0.96,72.7,0.95,59.7,0.98,141.66,0.99,683.6,0.02,0.02,614.092,1776234566000
1776234568.747,268.747,0.02,141.66,0.01,683.6,0.04,72.7,0.05,59.7,0.96,72.7,0.95,59.7,0.98,141.66,0.99,683.6,0.02,0.02,614.081507,1776234567000
1776234569.391,269.391,0.02,141.66,0.01,683.6,0.04,72.7,0.05,59.7,0.96,72.7,0.95,59.7,0.98,141.66,0.99,683.6,0.02,0.02,614.103622,1776234568000
1776234569.985,269.985,0.02,141.66,0.01,683.6,0.04,47.45,0.05,59.7,0.96,47.45,0.95,59.7,0.98,141.66,0.99,683.6,0.02,0.02,614.103882,1776234569000
1776234570.659,270.659,0.02,7.94,0.01,683.6,0.04,47.45,0.05,54.7,0.96,47.45,0.95,59.7,0.98,141.66,0.99,683.6,0.02,0.02,614.103882,1776234569000
1776234571.874,271.874,0.02,7.94,0.01,683.6,0.04,21.2,0.05,54.7,0.96,21.2,0.95,54.7,0.98,7.94,0.99,683.6,0.02,0.02,614.109,1776234570000
1776234572.753,272.753,0.02,7.94,0.01,683.6,0.04,21.2,0.05,54.7,0.96,21.2,0.95,54.7,0.98,7.94,0.99,683.6,0.02,0.02,614.108,1776234571000
1776234573.627,273.627,0.02,7.94,0.01,683.6,0.04,0.95,0.05,54.7,0.96,0.95,0.95,54.7,0.98,7.94,0.99,683.6,0.02,0.02,614.083,1776234572000
1776234574.464,274.464,0.01,683.6,,,0.03,5.0,0.04,0.95,0.97,5.0,0.96,0.95,0.99,683.6,,,0.02,0.02,614.078,1776234573000
1776234575.098,275.098,0.01,683.6,,,0.03,5.0,0.04,0.95,0.97,5.0,0.96,0.95,0.99,683.6,,,0.02,0.02,614.079,1776234574000
1776234576.605,276.605,0.01,683.6,,,0.03,5.0,0.04,0.95,0.97,5.0,0.96,0.95,0.99,683.6,,,0.02,0.02,614.077,1776234575000
1776234577.357,277.357,0.01,683.6,,,0.03,5.0,0.04,0.95,0.97,5.0,0.96,0.95,0.99,683.6,,,0.02,0.02,614.094,1776234576000
1776234578.048,278.048,0.01,683.6,,,0.03,5.0,0.04,0.95,0.97,5.0,0.96,0.95,0.99,683.6,,,0.02,0.02,614.094,1776234577000
1776234579.705,279.705,0.01,683.6,,,0.03,5.0,0.04,0.95,0.97,5.0,0.96,0.95,0.99,683.6,,,0.02,0.02,614.091,1776234578000
1776234580.433,280.433,0.01,683.6,,,0.03,5.0,0.04,0.95,0.97,5.0,0.96,0.95,0.99,683.6,,,0.02,0.02,614.091,1776234579000
1776234581.335,281.335,0.01,683.6,,,0.03,5.0,0.04,0.95,0.97,5.0,0.96,0.95,0.99,683.6,,,0.02,0.02,614.094125,1776234580000
1776234582.928,282.928,0.01,683.6,,,0.03,5.0,0.04,0.95,0.97,5.0,0.96,0.95,0.99,683.6,,,0.02,0.02,614.097,1776234581000
1776234583.656,283.656,0.01,683.6,,,0.03,5.0,0.04,0.95,0.97,5.0,0.96,0.95,0.99,683.6,,,0.02,0.02,614.094,1776234582000
1776234584.329,284.329,0.01,683.6,,,0.03,5.0,0.04,0.95,0.97,5.0,0.96,0.95,0.99,683.6,,,0.02,0.02,614.094,1776234583000
1776234585.178,285.178,0.01,683.6,,,0.03,5.0,0.04,0.95,0.97,5.0,0.96,0.95,0.99,683.6,,,0.02,0.02,614.07471,1776234584000
1776234586.747,286.747,0.01,683.6,,,0.03,5.0,0.04,0.95,0.97,5.0,0.96,0.95,0.99,683.6,,,0.02,0.02,614.0828,1776234585000
1776234587.795,287.795,0.01,683.6,,,0.03,5.0,0.04,0.95,0.97,5.0,0.96,0.95,0.99,683.6,,,0.02,0.02,614.0726,1776234586000
1776234588.316,288.316,0.01,683.6,,,0.03,5.0,0.04,0.95,0.97,5.0,0.96,0.95,0.99,683.6,,,0.02,0.02,614.06117,1776234587000
1776234588.853,288.853,0.01,683.6,,,0.03,5.0,0.04,0.95,0.97,5.0,0.96,0.95,0.99,683.6,,,0.02,0.02,614.052374,1776234588000
1776234590.343,290.343,0.01,683.6,,,0.03,5.0,0.04,0.95,0.97,5.0,0.96,0.95,0.99,683.6,,,0.02,0.02,614.040423,1776234589000
1776234591.198,291.198,0.01,218.57,,,0.11,50.0,0.16,5.95,0.89,50.0,0.84,5.95,0.99,218.57,,,0.1,0.1,614.04684,1776234590000
1776234592.267,292.267,0.01,218.57,,,0.11,50.0,0.16,5.95,0.89,50.0,0.84,5.95,0.99,218.57,,,0.1,0.1,614.046869,1776234591000
1776234593.192,293.192,0.01,218.57,,,0.11,50.0,0.16,5.95,0.89,50.0,0.84,5.95,0.99,218.57,,,0.1,0.1,614.06034,1776234592000
1776234594.262,294.262,0.01,218.57,,,0.11,50.0,0.16,5.95,0.89,50.0,0.84,5.95,0.99,218.57,,,0.1,0.1,614.06063,1776234593000
1776234594.734,294.734,,,,,0.01,901.43,0.11,50.0,0.89,50.0,0.84,5.95,0.99,218.57,,,,0.1,614.06063,1776234593000
1776234595.169,295.169,,,,,0.01,901.43,0.11,50.0,0.99,901.43,0.89,50.0,,,,,,,614.06231,1776234594000
1776234596.14,296.14,,,,,0.01,901.43,0.11,50.0,0.99,901.43,0.89,50.0,,,,,,,614.06183,1776234595000
1776234597.134,297.134,,,,,0.01,901.43,0.11,50.0,0.99,901.43,0.89,50.0,,,,,,,614.06027,1776234596000
1776234598.181,298.181,,,,,0.01,901.43,0.11,50.0,0.99,901.43,0.89,50.0,,,,,,,614.05747,1776234597000
1776234599.121,299.121,,,,,0.01,901.43,0.11,50.0,0.99,901.43,0.89,50.0,,,,,,,614.051834,1776234598000
1776234600.746,300.746,,,,,0.01,901.43,0.11,50.0,0.99,901.43,0.89,50.0,,,,,,,614.03439,1776234599000

# RESULT,winner=Down,slug=bnb-updown-5m-1776234300,ticks=309
