timestamp,elapsed_sec,up_bid_p1,up_bid_s1,up_bid_p2,up_bid_s2,up_ask_p1,up_ask_s1,up_ask_p2,up_ask_s2,down_bid_p1,down_bid_s1,down_bid_p2,down_bid_s2,down_ask_p1,down_ask_s1,down_ask_p2,down_ask_s2,up_spread,down_spread,bnb_price,bnb_oracle_ts
1776226201.397,1.397,0.33,300.0,0.31,375.0,0.5,5.0,0.67,300.0,0.5,5.0,0.33,300.0,0.58,6.0,0.67,300.0,0.17,0.08,616.667086,1776226200000
1776226201.69,1.69,0.42,6.0,0.33,300.0,0.5,5.0,0.67,300.0,0.5,5.0,0.33,300.0,0.58,6.0,0.67,300.0,0.08,0.08,616.667086,1776226200000
1776226201.894,1.894,0.42,6.0,0.33,300.0,0.5,5.0,0.67,300.0,0.5,5.0,0.33,300.0,0.58,6.0,0.67,300.0,0.08,0.08,616.66093,1776226201000
1776226202.911,2.911,0.42,6.0,0.33,300.0,0.5,5.0,0.67,300.0,0.5,5.0,0.33,300.0,0.58,6.0,0.67,300.0,0.08,0.08,616.652765,1776226202000
1776226203.899,3.899,0.42,6.0,0.33,300.0,0.5,5.0,0.67,300.0,0.5,5.0,0.33,300.0,0.58,6.0,0.67,300.0,0.08,0.08,616.678,1776226203000
1776226204.891,4.891,0.42,6.0,0.33,300.0,0.5,5.0,0.67,300.0,0.5,5.0,0.33,300.0,0.58,6.0,0.67,300.0,0.08,0.08,616.681,1776226204000
1776226205.802,5.802,0.42,6.0,0.33,300.0,0.5,5.0,0.67,300.0,0.5,5.0,0.33,300.0,0.58,6.0,0.67,300.0,0.08,0.08,616.640184,1776226205000
1776226206.882,6.882,0.42,6.0,0.33,300.0,0.5,5.0,0.67,300.0,0.5,5.0,0.33,300.0,0.58,6.0,0.67,300.0,0.08,0.08,616.62799,1776226206000
1776226207.515,7.515,0.47,5.0,0.45,5.0,0.5,1.0,0.56,10.0,0.5,5.0,0.33,300.0,0.58,6.0,0.67,300.0,0.03,0.08,616.62799,1776226206000
1776226207.893,7.893,0.47,5.0,0.45,5.0,0.5,1.0,0.56,10.0,0.5,1.0,0.44,10.0,0.53,5.0,0.55,5.0,0.03,0.03,616.634477,1776226207000
1776226208.974,8.974,0.47,5.0,0.45,5.0,0.5,1.0,0.56,10.0,0.5,1.0,0.44,10.0,0.53,5.0,0.55,5.0,0.03,0.03,616.633052,1776226208000
1776226209.911,9.911,0.47,5.0,0.45,5.0,0.5,1.0,0.56,10.0,0.5,1.0,0.44,10.0,0.53,5.0,0.55,5.0,0.03,0.03,616.656877,1776226209000
1776226210.578,10.578,0.45,5.0,0.39,5.12,0.48,5.0,0.5,1.0,0.5,1.0,0.44,10.0,0.53,5.0,0.55,5.0,0.03,0.03,616.656877,1776226209000
1776226210.969,10.969,0.45,5.0,0.39,5.12,0.48,5.0,0.5,1.0,0.52,5.0,0.5,1.0,0.55,5.0,0.61,5.12,0.03,0.03,616.642951,1776226210000
1776226211.19,11.19,0.45,6.15,0.39,5.12,0.48,5.0,0.56,10.0,0.52,5.0,0.5,1.0,0.55,5.0,0.61,5.12,0.03,0.03,616.642951,1776226210000
1776226211.607,11.607,0.45,1.36,0.43,5.0,0.48,5.0,0.56,10.0,0.52,5.0,0.44,10.0,0.55,6.15,0.61,5.12,0.03,0.03,616.642951,1776226210000
1776226212.133,12.133,0.45,1.36,0.43,5.0,0.48,5.0,0.56,10.0,0.52,5.0,0.44,10.0,0.55,1.36,0.57,5.0,0.03,0.03,616.642955,1776226211000
1776226213.131,13.131,0.45,1.36,0.43,5.0,0.48,5.0,0.56,10.0,0.52,5.0,0.44,10.0,0.55,1.36,0.57,5.0,0.03,0.03,616.641987,1776226212000
1776226214.257,14.257,0.45,1.36,0.43,5.0,0.48,5.0,0.56,10.0,0.52,5.0,0.44,10.0,0.55,1.36,0.57,5.0,0.03,0.03,616.642118,1776226213000
1776226215.274,15.274,0.45,1.36,0.43,5.0,0.48,5.0,0.56,10.0,0.52,5.0,0.44,10.0,0.55,1.36,0.57,5.0,0.03,0.03,616.613574,1776226214000
1776226215.499,15.499,0.54,36.68,0.43,5.0,0.56,10.0,0.59,10.0,0.44,10.0,0.41,10.0,0.57,5.0,0.61,5.12,0.02,0.13,616.613574,1776226214000
1776226215.898,15.898,0.54,111.41,0.43,5.0,0.55,2.49,0.56,10.0,0.44,10.0,0.41,10.0,0.46,36.68,0.57,5.0,0.01,0.02,616.613574,1776226214000
1776226216.319,16.319,0.54,111.41,0.43,5.0,0.55,2.49,0.56,10.0,0.45,2.49,0.44,10.0,0.46,111.41,0.57,5.0,0.01,0.01,616.650911,1776226215000
1776226216.964,16.964,0.54,111.41,0.43,5.0,0.55,2.49,0.56,10.0,0.45,2.49,0.44,10.0,0.46,111.41,0.57,5.0,0.01,0.01,616.650911,1776226216000
1776226217.225,17.225,0.54,88.01,0.43,5.0,0.55,2.49,0.56,10.0,0.45,2.49,0.44,10.0,0.46,111.41,0.57,5.0,0.01,0.01,616.650911,1776226216000
1776226217.911,17.911,0.54,88.01,0.43,5.0,0.55,2.49,0.56,10.0,0.45,2.49,0.44,10.0,0.46,88.01,0.57,5.0,0.01,0.01,616.653127,1776226217000
1776226218.991,18.991,0.54,88.01,0.43,5.0,0.55,2.49,0.56,10.0,0.45,2.49,0.44,10.0,0.46,88.01,0.57,5.0,0.01,0.01,616.657,1776226218000
1776226219.985,19.985,0.54,88.01,0.43,5.0,0.55,2.49,0.56,10.0,0.45,2.49,0.44,10.0,0.46,88.01,0.57,5.0,0.01,0.01,616.654,1776226219000
1776226221.057,21.057,0.54,88.01,0.43,5.0,0.55,2.49,0.56,10.0,0.45,2.49,0.44,10.0,0.46,88.01,0.57,5.0,0.01,0.01,616.655,1776226220000
1776226221.971,21.971,0.54,88.01,0.43,5.0,0.55,2.49,0.56,10.0,0.45,2.49,0.44,10.0,0.46,88.01,0.57,5.0,0.01,0.01,616.653942,1776226221000
1776226223.042,23.042,0.54,88.01,0.43,5.0,0.55,2.49,0.56,10.0,0.45,2.49,0.44,10.0,0.46,88.01,0.57,5.0,0.01,0.01,616.657,1776226222000
1776226224.707,24.707,0.54,88.01,0.43,5.0,0.55,2.49,0.56,10.0,0.45,2.49,0.44,10.0,0.46,88.01,0.57,5.0,0.01,0.01,616.666,1776226223000
1776226225.192,25.192,0.54,88.01,0.43,5.0,0.55,2.49,0.56,10.0,0.45,2.49,0.44,10.0,0.46,88.01,0.57,5.0,0.01,0.01,616.657,1776226224000
1776226226.292,26.292,0.54,88.01,0.43,5.0,0.55,2.49,0.56,10.0,0.45,2.49,0.44,10.0,0.46,88.01,0.57,5.0,0.01,0.01,616.66,1776226225000
1776226227.711,27.711,0.54,88.01,0.43,5.0,0.55,2.49,0.56,10.0,0.45,2.49,0.44,10.0,0.46,88.01,0.57,5.0,0.01,0.01,616.658,1776226226000
1776226228.371,28.371,0.54,88.01,0.43,5.0,0.55,2.49,0.56,10.0,0.45,2.49,0.44,10.0,0.46,88.01,0.57,5.0,0.01,0.01,616.655,1776226227000
1776226228.918,28.918,0.54,88.01,0.43,5.0,0.55,2.49,0.56,10.0,0.45,2.49,0.44,10.0,0.46,88.01,0.57,5.0,0.01,0.01,616.64,1776226228000
1776226229.327,29.327,0.54,77.45,0.43,5.0,0.55,12.0,0.56,10.0,0.45,2.49,0.44,10.0,0.46,88.01,0.57,5.0,0.01,0.01,616.64,1776226228000
1776226230.186,30.186,0.54,77.45,0.43,5.0,0.55,12.0,0.56,10.0,0.45,12.0,0.44,10.0,0.46,77.45,0.57,5.0,0.01,0.01,616.639,1776226229000
1776226231.124,31.124,0.54,72.45,0.43,5.0,0.55,12.0,0.56,10.0,0.45,12.0,0.44,10.0,0.46,77.45,0.57,5.0,0.01,0.01,616.639,1776226229000
1776226231.379,31.379,0.54,72.45,0.43,5.0,0.55,12.0,0.56,10.0,0.45,12.0,0.44,10.0,0.46,72.45,0.57,5.0,0.01,0.01,616.632,1776226230000
1776226232.096,32.096,0.54,72.45,0.43,5.0,0.55,12.0,0.56,10.0,0.45,12.0,0.44,10.0,0.46,72.45,0.57,5.0,0.01,0.01,616.629659,1776226231000
1776226233.262,33.262,0.54,41.48,0.43,5.0,0.55,12.0,0.56,10.0,0.45,12.0,0.44,10.0,0.46,41.48,0.57,5.0,0.01,0.01,616.639,1776226232000
1776226234.438,34.438,0.54,41.48,0.43,5.0,0.55,12.0,0.56,10.0,0.45,12.0,0.44,10.0,0.46,41.48,0.57,5.0,0.01,0.01,616.635,1776226233000
1776226235.02,35.02,0.54,41.48,0.43,5.0,0.55,12.0,0.56,10.0,0.45,12.0,0.44,10.0,0.46,41.48,0.57,5.0,0.01,0.01,616.635,1776226234000
1776226236.163,36.163,0.54,41.48,0.43,5.0,0.55,12.0,0.56,10.0,0.45,12.0,0.44,10.0,0.46,41.48,0.57,5.0,0.01,0.01,616.638,1776226235000
1776226237.402,37.402,0.54,41.48,0.43,5.0,0.55,12.0,0.56,10.0,0.45,12.0,0.44,10.0,0.46,41.48,0.57,5.0,0.01,0.01,616.637,1776226236000
1776226238.22,38.22,0.54,41.48,0.43,5.0,0.55,12.0,0.56,10.0,0.45,12.0,0.44,10.0,0.46,41.48,0.57,5.0,0.01,0.01,616.637,1776226237000
1776226239.452,39.452,0.54,41.48,0.43,5.0,0.55,12.0,0.56,10.0,0.45,12.0,0.44,10.0,0.46,41.48,0.57,5.0,0.01,0.01,616.635,1776226238000
1776226240.5,40.5,0.54,41.48,0.43,5.0,0.55,12.0,0.56,10.0,0.45,12.0,0.44,10.0,0.46,41.48,0.57,5.0,0.01,0.01,616.627,1776226239000
1776226241.022,41.022,0.54,41.48,0.43,5.0,0.55,12.0,0.56,10.0,0.45,12.0,0.44,10.0,0.46,41.48,0.57,5.0,0.01,0.01,616.626,1776226240000
1776226242.139,42.139,0.54,41.48,0.43,5.0,0.55,12.0,0.56,10.0,0.45,12.0,0.44,10.0,0.46,41.48,0.57,5.0,0.01,0.01,616.626,1776226241000
1776226243.083,43.083,0.54,41.48,0.43,5.0,0.55,12.0,0.56,10.0,0.45,12.0,0.44,10.0,0.46,41.48,0.57,5.0,0.01,0.01,616.635,1776226242000
1776226244.094,44.094,0.54,41.48,0.43,5.0,0.55,12.0,0.56,10.0,0.45,12.0,0.44,10.0,0.46,41.48,0.57,5.0,0.01,0.01,616.639,1776226243000
1776226245.17,45.17,0.54,41.48,0.43,5.0,0.55,12.0,0.56,10.0,0.45,12.0,0.44,10.0,0.46,41.48,0.57,5.0,0.01,0.01,616.622427,1776226244000
1776226246.042,46.042,0.54,41.48,0.43,5.0,0.55,12.0,0.56,10.0,0.45,12.0,0.44,10.0,0.46,41.48,0.57,5.0,0.01,0.01,616.622,1776226245000
1776226247.02,47.02,0.54,41.48,0.43,5.0,0.55,12.0,0.56,10.0,0.45,12.0,0.44,10.0,0.46,41.48,0.57,5.0,0.01,0.01,616.622,1776226246000
1776226248.039,48.039,0.54,41.48,0.43,5.0,0.55,12.0,0.56,10.0,0.45,12.0,0.44,10.0,0.46,41.48,0.57,5.0,0.01,0.01,616.620392,1776226247000
1776226248.368,48.368,0.54,33.61,0.43,5.0,0.55,12.0,0.56,10.0,0.45,12.0,0.44,10.0,0.46,41.48,0.57,5.0,0.01,0.01,616.620392,1776226247000
1776226249.002,49.002,0.54,33.61,0.43,5.0,0.55,12.0,0.56,10.0,0.45,12.0,0.44,10.0,0.46,33.61,0.57,5.0,0.01,0.01,616.629,1776226248000
1776226249.987,49.987,0.54,33.61,0.43,5.0,0.55,12.0,0.56,10.0,0.45,12.0,0.44,10.0,0.46,33.61,0.57,5.0,0.01,0.01,616.629,1776226249000
1776226250.937,50.937,0.54,33.61,0.43,5.0,0.55,12.0,0.56,10.0,0.45,12.0,0.44,10.0,0.46,33.61,0.57,5.0,0.01,0.01,616.629,1776226250000
1776226251.872,51.872,0.54,33.61,0.43,5.0,0.55,12.0,0.56,10.0,0.45,12.0,0.44,10.0,0.46,33.61,0.57,5.0,0.01,0.01,616.642,1776226251000
1776226253.416,53.416,0.54,33.61,0.43,5.0,0.55,12.0,0.56,10.0,0.45,12.0,0.44,10.0,0.46,33.61,0.57,5.0,0.01,0.01,616.635,1776226252000
1776226253.95,53.95,0.54,33.61,0.43,5.0,0.55,12.0,0.56,10.0,0.45,12.0,0.44,10.0,0.46,33.61,0.57,5.0,0.01,0.01,616.635,1776226253000
1776226254.918,54.918,0.54,33.61,0.43,5.0,0.55,12.0,0.56,10.0,0.45,12.0,0.44,10.0,0.46,33.61,0.57,5.0,0.01,0.01,616.636,1776226254000
1776226256.009,56.009,0.54,33.61,0.43,5.0,0.55,12.0,0.56,10.0,0.45,12.0,0.44,10.0,0.46,33.61,0.57,5.0,0.01,0.01,616.632,1776226255000
1776226257.494,57.494,0.54,33.61,0.43,5.0,0.55,12.0,0.56,10.0,0.45,12.0,0.44,10.0,0.46,33.61,0.57,5.0,0.01,0.01,616.633,1776226256000
1776226258.152,58.152,0.54,33.61,0.43,5.0,0.55,12.0,0.56,10.0,0.45,12.0,0.44,10.0,0.46,33.61,0.57,5.0,0.01,0.01,616.634,1776226257000
1776226259.619,59.619,0.54,33.61,0.43,5.0,0.55,12.0,0.56,10.0,0.45,12.0,0.44,10.0,0.46,33.61,0.57,5.0,0.01,0.01,616.632,1776226258000
1776226260.243,60.243,0.54,33.61,0.43,5.0,0.55,12.0,0.56,10.0,0.45,12.0,0.44,10.0,0.46,33.61,0.57,5.0,0.01,0.01,616.629,1776226259000
1776226261.29,61.29,0.54,27.41,0.43,5.0,0.55,12.0,0.56,5.0,0.45,12.0,0.44,5.0,0.46,27.41,0.57,5.0,0.01,0.01,616.621,1776226260000
1776226261.896,61.896,0.54,27.41,0.43,5.0,0.55,12.0,0.56,5.0,0.45,12.0,0.44,5.0,0.46,27.41,0.57,5.0,0.01,0.01,616.621,1776226261000
1776226262.16,62.16,0.54,15.3,0.43,5.0,0.55,12.0,0.56,5.0,0.45,12.0,0.44,5.0,0.46,27.41,0.57,5.0,0.01,0.01,616.621,1776226261000
1776226262.492,62.492,0.54,10.19,0.43,5.0,0.55,12.0,0.56,5.0,0.45,12.0,0.44,5.0,0.46,15.3,0.57,5.0,0.01,0.01,616.621,1776226261000
1776226263.032,63.032,0.54,10.19,0.43,5.0,0.55,12.0,0.56,5.0,0.45,12.0,0.44,5.0,0.46,10.19,0.57,5.0,0.01,0.01,616.622,1776226262000
1776226263.525,63.525,0.54,2.25,0.43,5.0,0.55,12.0,0.56,5.0,0.45,12.0,0.44,5.0,0.46,10.19,0.57,5.0,0.01,0.01,616.622,1776226262000
1776226264.183,64.183,0.54,2.25,0.43,5.0,0.55,12.0,0.56,5.0,0.45,12.0,0.44,5.0,0.46,2.25,0.57,5.0,0.01,0.01,616.622,1776226263000
1776226265.417,65.417,0.54,2.25,0.43,5.0,0.55,12.0,0.56,5.0,0.45,12.0,0.44,5.0,0.46,2.25,0.57,5.0,0.01,0.01,616.617,1776226264000
1776226265.954,65.954,0.54,2.25,0.43,5.0,0.55,12.0,0.56,5.0,0.45,12.0,0.44,5.0,0.46,2.25,0.57,5.0,0.01,0.01,616.617,1776226265000
1776226267.075,67.075,0.54,2.25,0.43,5.0,0.55,12.0,0.56,5.0,0.45,12.0,0.44,5.0,0.46,2.25,0.57,5.0,0.01,0.01,616.615,1776226266000
1776226268.677,68.677,0.54,2.25,0.43,5.0,0.55,12.0,0.56,5.0,0.45,12.0,0.44,5.0,0.46,2.25,0.57,5.0,0.01,0.01,616.617,1776226267000
1776226269.197,69.197,0.54,2.25,0.43,5.0,0.55,12.0,0.56,5.0,0.45,12.0,0.44,5.0,0.46,2.25,0.57,5.0,0.01,0.01,616.622,1776226268000
1776226270.306,70.306,0.54,2.25,0.43,5.0,0.55,12.0,0.56,5.0,0.45,12.0,0.44,5.0,0.46,2.25,0.57,5.0,0.01,0.01,616.622,1776226269000
1776226270.913,70.913,0.54,2.25,0.43,5.0,0.55,12.0,0.56,5.0,0.45,12.0,0.44,5.0,0.46,2.25,0.57,5.0,0.01,0.01,616.607417,1776226270000
1776226271.997,71.997,0.54,2.25,0.43,5.0,0.55,12.0,0.56,5.0,0.45,12.0,0.44,5.0,0.46,2.25,0.57,5.0,0.01,0.01,616.623,1776226271000
1776226272.391,72.391,0.7,5.0,0.62,5.0,0.75,9.04,0.81,16.89,0.45,12.0,0.44,5.0,0.46,2.25,0.57,5.0,0.05,0.01,616.623,1776226271000
1776226272.84,72.84,0.77,10.0,0.75,5.0,0.83,14.81,0.84,19.3,0.17,18.39,0.16,19.3,0.25,8.88,0.26,5.0,0.06,0.08,616.623,1776226271000
1776226273.269,73.269,0.68,4.31,0.67,5.0,0.82,12.0,0.84,19.3,0.17,11.23,0.16,19.3,0.23,10.0,0.25,5.0,0.14,0.06,616.621,1776226272000
1776226274.073,74.073,0.68,4.31,0.67,5.0,0.82,12.0,0.84,19.3,0.18,12.0,0.16,19.3,0.32,4.31,0.33,5.0,0.14,0.14,616.886399,1776226273000
1776226274.446,74.446,0.74,10.0,0.68,4.31,0.83,18.39,0.84,19.3,0.18,12.0,0.16,19.3,0.32,4.31,0.33,5.0,0.09,0.14,616.886399,1776226273000
1776226275.235,75.235,0.73,10.0,0.68,4.31,0.83,13.39,0.84,19.3,0.17,13.39,0.16,19.3,0.27,10.0,0.32,4.31,0.1,0.1,616.949101,1776226274000
1776226275.856,75.856,0.71,10.0,0.68,4.31,0.85,15.89,0.86,21.6,0.17,13.39,0.16,19.3,0.27,10.0,0.32,4.31,0.14,0.1,616.949101,1776226274000
1776226276.317,76.317,0.71,10.0,0.68,4.31,0.85,15.89,0.86,21.6,0.15,15.89,0.14,21.6,0.29,10.0,0.32,4.31,0.14,0.14,616.954,1776226275000
1776226277.491,77.491,0.72,6.0,0.71,10.0,0.85,14.6,0.86,21.6,0.15,14.6,0.14,21.6,0.28,6.0,0.29,10.0,0.13,0.13,617.00031,1776226276000
1776226278.029,78.029,0.72,6.0,0.71,10.0,0.85,14.6,0.86,21.6,0.15,14.6,0.14,21.6,0.28,6.0,0.29,10.0,0.13,0.13,617.028,1776226277000
1776226279.079,79.079,0.72,6.0,0.71,10.0,0.85,14.6,0.86,21.6,0.15,14.6,0.14,21.6,0.28,6.0,0.29,10.0,0.13,0.13,617.028,1776226278000
1776226280.216,80.216,0.72,6.0,0.71,10.0,0.85,14.6,0.86,21.6,0.15,14.6,0.14,21.6,0.28,6.0,0.29,10.0,0.13,0.13,617.006744,1776226279000
1776226281.341,81.341,0.72,6.0,0.71,10.0,0.85,14.6,0.86,21.6,0.15,14.6,0.14,21.6,0.28,6.0,0.29,10.0,0.13,0.13,616.951786,1776226280000
1776226283.421,83.421,0.72,6.0,0.71,10.0,0.85,14.6,0.86,21.6,0.15,14.6,0.14,21.6,0.28,6.0,0.29,10.0,0.13,0.13,616.82,1776226282000
1776226283.986,83.986,0.72,6.0,0.71,10.0,0.85,14.6,0.86,21.6,0.15,14.6,0.14,21.6,0.28,6.0,0.29,10.0,0.13,0.13,616.801,1776226283000
1776226284.981,84.981,0.72,6.0,0.71,10.0,0.85,14.6,0.86,21.6,0.15,14.6,0.14,21.6,0.28,6.0,0.29,10.0,0.13,0.13,616.805,1776226284000
1776226286.486,86.486,0.72,6.0,0.71,10.0,0.85,14.6,0.86,21.6,0.15,14.6,0.14,21.6,0.28,6.0,0.29,10.0,0.13,0.13,616.824,1776226285000
1776226287.786,87.786,0.72,6.0,0.71,10.0,0.85,14.6,0.86,21.6,0.15,14.6,0.14,21.6,0.28,6.0,0.29,10.0,0.13,0.13,616.823,1776226286000
1776226288.324,88.324,0.72,6.0,0.71,10.0,0.85,14.6,0.86,21.6,0.15,14.6,0.14,21.6,0.28,6.0,0.29,10.0,0.13,0.13,616.83,1776226287000
1776226288.927,88.927,0.72,6.0,0.71,10.0,0.85,14.6,0.86,21.6,0.15,14.6,0.14,21.6,0.28,6.0,0.29,10.0,0.13,0.13,616.83,1776226288000
1776226290.037,90.037,0.72,6.0,0.71,10.0,0.85,14.6,0.86,21.6,0.15,14.6,0.14,21.6,0.28,6.0,0.29,10.0,0.13,0.13,616.843,1776226289000
1776226290.887,90.887,0.72,6.0,0.71,10.0,0.85,14.6,0.86,21.6,0.15,14.6,0.14,21.6,0.28,6.0,0.29,10.0,0.13,0.13,616.842,1776226290000
1776226292.271,92.271,0.72,6.0,0.71,10.0,0.85,14.6,0.86,21.6,0.15,14.6,0.14,21.6,0.28,6.0,0.29,10.0,0.13,0.13,616.838,1776226291000
1776226293.341,93.341,0.72,6.0,0.71,10.0,0.85,14.6,0.86,21.6,0.15,14.6,0.14,21.6,0.28,6.0,0.29,10.0,0.13,0.13,616.825,1776226292000
1776226293.903,93.903,0.72,6.0,0.71,10.0,0.85,14.6,0.86,21.6,0.15,14.6,0.14,21.6,0.28,6.0,0.29,10.0,0.13,0.13,616.825,1776226293000
1776226295.088,95.088,0.72,6.0,0.71,10.0,0.85,14.6,0.86,21.6,0.15,14.6,0.14,21.6,0.28,6.0,0.29,10.0,0.13,0.13,616.832,1776226294000
1776226296.181,96.181,0.72,6.0,0.71,10.0,0.85,14.6,0.86,21.6,0.15,14.6,0.14,21.6,0.28,6.0,0.29,10.0,0.13,0.13,616.814,1776226295000
1776226297.308,97.308,0.72,6.0,0.71,10.0,0.85,14.6,0.86,21.6,0.15,14.6,0.14,21.6,0.28,6.0,0.29,10.0,0.13,0.13,616.83,1776226296000
1776226297.876,97.876,0.72,6.0,0.71,10.0,0.85,14.6,0.86,21.6,0.15,14.6,0.14,21.6,0.28,6.0,0.29,10.0,0.13,0.13,616.83,1776226297000
1776226299.471,99.471,0.72,6.0,0.71,10.0,0.85,14.6,0.86,21.6,0.15,14.6,0.14,21.6,0.28,6.0,0.29,10.0,0.13,0.13,616.804,1776226298000
1776226300.139,100.139,0.72,6.0,0.71,10.0,0.85,14.6,0.86,21.6,0.15,14.6,0.14,21.6,0.28,6.0,0.29,10.0,0.13,0.13,616.804,1776226299000
1776226301.658,101.658,0.72,6.0,0.71,10.0,0.85,14.6,0.86,21.6,0.15,14.6,0.14,21.6,0.28,6.0,0.29,10.0,0.13,0.13,616.797,1776226300000
1776226302.311,102.311,0.72,6.0,0.71,10.0,0.85,14.6,0.86,21.6,0.15,14.6,0.14,21.6,0.28,6.0,0.29,10.0,0.13,0.13,616.769,1776226301000
1776226303.348,103.348,0.72,6.0,0.71,10.0,0.85,14.6,0.86,21.6,0.15,14.6,0.14,21.6,0.28,6.0,0.29,10.0,0.13,0.13,616.772,1776226302000
1776226303.947,103.947,0.72,6.0,0.71,10.0,0.85,14.6,0.86,21.6,0.15,14.6,0.14,21.6,0.28,6.0,0.29,10.0,0.13,0.13,616.772,1776226303000
1776226305.194,105.194,0.72,6.0,0.71,10.0,0.85,14.6,0.86,21.6,0.15,14.6,0.14,21.6,0.28,6.0,0.29,10.0,0.13,0.13,616.771,1776226304000
1776226306.302,106.302,0.72,6.0,0.71,10.0,0.85,14.6,0.86,21.6,0.15,14.6,0.14,21.6,0.28,6.0,0.29,10.0,0.13,0.13,616.773,1776226305000
1776226307.308,107.308,0.72,6.0,0.71,10.0,0.85,14.6,0.86,21.6,0.15,14.6,0.14,21.6,0.28,6.0,0.29,10.0,0.13,0.13,616.776,1776226306000
1776226308.208,108.208,0.72,6.0,0.71,10.0,0.85,14.6,0.86,21.6,0.15,14.6,0.14,21.6,0.28,6.0,0.29,10.0,0.13,0.13,616.776,1776226307000
1776226308.99,108.99,0.72,6.0,0.71,10.0,0.85,14.6,0.86,21.6,0.15,14.6,0.14,21.6,0.28,6.0,0.29,10.0,0.13,0.13,616.774,1776226308000
1776226310.19,110.19,0.72,6.0,0.71,10.0,0.85,14.6,0.86,21.6,0.15,14.6,0.14,21.6,0.28,6.0,0.29,10.0,0.13,0.13,616.774,1776226309000
1776226311.3,111.3,0.72,6.0,0.71,10.0,0.85,14.6,0.86,21.6,0.15,14.6,0.14,21.6,0.28,6.0,0.29,10.0,0.13,0.13,616.788,1776226310000
1776226311.898,111.898,0.72,6.0,0.71,10.0,0.85,14.6,0.86,21.6,0.15,14.6,0.14,21.6,0.28,6.0,0.29,10.0,0.13,0.13,616.788,1776226311000
1776226313.123,113.123,0.72,6.0,0.71,10.0,0.85,14.6,0.86,21.6,0.15,14.6,0.14,21.6,0.28,6.0,0.29,10.0,0.13,0.13,616.793,1776226312000
1776226314.266,114.266,0.72,6.0,0.71,10.0,0.85,14.6,0.86,21.6,0.15,14.6,0.14,21.6,0.28,6.0,0.29,10.0,0.13,0.13,616.79,1776226313000
1776226314.909,114.909,0.59,5.0,0.54,2.25,0.61,43.0,0.62,43.0,0.15,14.6,0.14,21.6,0.28,6.0,0.29,10.0,0.02,0.13,616.79,1776226313000
1776226315.542,115.542,0.41,2.65,0.37,11.2,0.61,43.0,0.62,43.0,0.39,43.0,0.38,43.0,0.59,2.65,0.63,11.2,0.2,0.2,616.791,1776226314000
1776226316.077,116.077,0.41,2.65,0.37,11.2,0.61,43.0,0.62,43.0,0.39,43.0,0.38,43.0,0.59,2.65,0.63,11.2,0.2,0.2,616.791,1776226315000
1776226317.191,117.191,0.41,2.65,0.37,11.2,0.61,43.0,0.62,43.0,0.39,43.0,0.38,43.0,0.59,2.65,0.63,11.2,0.2,0.2,616.714817,1776226316000
1776226318.296,118.296,0.41,2.65,0.37,11.2,0.61,43.0,0.62,43.0,0.39,43.0,0.38,43.0,0.59,2.65,0.63,11.2,0.2,0.2,616.609,1776226317000
1776226318.865,118.865,0.41,2.65,0.37,11.2,0.61,43.0,0.62,43.0,0.39,43.0,0.38,43.0,0.59,2.65,0.63,11.2,0.2,0.2,616.609,1776226318000
1776226319.997,119.997,0.41,2.65,0.37,11.2,0.61,43.0,0.62,43.0,0.39,43.0,0.38,43.0,0.59,2.65,0.63,11.2,0.2,0.2,616.611,1776226319000
1776226321.169,121.169,0.41,2.65,0.37,11.2,0.61,43.0,0.62,43.0,0.39,43.0,0.38,43.0,0.59,2.65,0.63,11.2,0.2,0.2,616.619,1776226320000
1776226322.323,122.323,0.41,2.65,0.37,11.2,0.61,43.0,0.62,43.0,0.39,43.0,0.38,43.0,0.59,2.65,0.63,11.2,0.2,0.2,616.613,1776226321000
1776226322.919,122.919,0.41,2.65,0.37,11.2,0.61,43.0,0.62,43.0,0.39,43.0,0.38,43.0,0.59,2.65,0.63,11.2,0.2,0.2,616.613,1776226322000
1776226324.241,124.241,0.41,2.65,0.37,11.2,0.61,43.0,0.62,43.0,0.39,43.0,0.38,43.0,0.59,2.65,0.63,11.2,0.2,0.2,616.596445,1776226323000
1776226325.4,125.4,0.41,2.65,0.37,11.2,0.61,43.0,0.62,43.0,0.39,43.0,0.38,43.0,0.59,2.65,0.63,11.2,0.2,0.2,616.595742,1776226324000
1776226325.865,125.865,0.41,2.65,0.37,11.2,0.61,43.0,0.62,43.0,0.39,43.0,0.38,43.0,0.59,2.65,0.63,11.2,0.2,0.2,616.595738,1776226325000
1776226327.035,127.035,0.41,2.65,0.37,11.2,0.61,43.0,0.62,43.0,0.39,43.0,0.38,43.0,0.59,2.65,0.63,11.2,0.2,0.2,616.593529,1776226326000
1776226328.234,128.234,0.41,2.65,0.37,11.2,0.61,43.0,0.62,43.0,0.39,43.0,0.38,43.0,0.59,2.65,0.63,11.2,0.2,0.2,616.578069,1776226327000
1776226329.343,129.343,0.41,2.65,0.37,11.2,0.61,43.0,0.62,43.0,0.39,43.0,0.38,43.0,0.59,2.65,0.63,11.2,0.2,0.2,616.58,1776226328000
1776226330.53,130.53,0.41,2.65,0.37,11.2,0.61,43.0,0.62,43.0,0.39,43.0,0.38,43.0,0.59,2.65,0.63,11.2,0.2,0.2,616.582,1776226329000
1776226331.028,131.028,0.41,2.65,0.37,11.2,0.61,43.0,0.62,43.0,0.39,43.0,0.38,43.0,0.59,2.65,0.63,11.2,0.2,0.2,616.647622,1776226330000
1776226332.052,132.052,0.41,2.65,0.37,11.2,0.61,43.0,0.62,43.0,0.39,43.0,0.38,43.0,0.59,2.65,0.63,11.2,0.2,0.2,616.65485,1776226331000
1776226333.122,133.122,0.41,2.65,0.37,11.2,0.61,43.0,0.62,43.0,0.39,43.0,0.38,43.0,0.59,2.65,0.63,11.2,0.2,0.2,616.656863,1776226332000
1776226334.108,134.108,0.41,2.65,0.37,11.2,0.61,43.0,0.62,43.0,0.39,43.0,0.38,43.0,0.59,2.65,0.63,11.2,0.2,0.2,616.658,1776226333000
1776226335.123,135.123,0.41,2.65,0.37,11.2,0.61,43.0,0.62,43.0,0.39,43.0,0.38,43.0,0.59,2.65,0.63,11.2,0.2,0.2,616.655,1776226334000
1776226336.271,136.271,0.41,2.65,0.37,11.2,0.61,43.0,0.62,43.0,0.39,43.0,0.38,43.0,0.59,2.65,0.63,11.2,0.2,0.2,616.655,1776226335000
1776226337.317,137.317,0.41,2.65,0.37,11.2,0.61,43.0,0.62,43.0,0.39,43.0,0.38,43.0,0.59,2.65,0.63,11.2,0.2,0.2,616.657,1776226336000
1776226337.914,137.914,0.41,2.65,0.37,11.2,0.61,43.0,0.62,43.0,0.39,43.0,0.38,43.0,0.59,2.65,0.63,11.2,0.2,0.2,616.655,1776226337000
1776226339.046,139.046,0.41,2.65,0.37,11.2,0.61,43.0,0.62,43.0,0.39,43.0,0.38,43.0,0.59,2.65,0.63,11.2,0.2,0.2,616.642419,1776226338000
1776226340.008,140.008,0.41,2.65,0.37,11.2,0.61,43.0,0.62,43.0,0.39,43.0,0.38,43.0,0.59,2.65,0.63,11.2,0.2,0.2,616.64915,1776226339000
1776226341.131,141.131,0.41,2.65,0.37,11.2,0.61,43.0,0.62,43.0,0.39,43.0,0.38,43.0,0.59,2.65,0.63,11.2,0.2,0.2,616.653,1776226340000
1776226342.217,142.217,0.41,2.65,0.37,11.2,0.61,43.0,0.62,43.0,0.39,43.0,0.38,43.0,0.59,2.65,0.63,11.2,0.2,0.2,616.645454,1776226341000
1776226343.303,143.303,0.41,2.65,0.37,11.2,0.61,43.0,0.62,43.0,0.39,43.0,0.38,43.0,0.59,2.65,0.63,11.2,0.2,0.2,616.65,1776226342000
1776226344.919,144.919,0.41,2.65,0.37,11.2,0.61,43.0,0.62,43.0,0.39,43.0,0.38,43.0,0.59,2.65,0.63,11.2,0.2,0.2,616.648,1776226343000
1776226346.009,146.009,0.41,2.65,0.37,11.2,0.61,43.0,0.62,43.0,0.39,43.0,0.38,43.0,0.59,2.65,0.63,11.2,0.2,0.2,616.641583,1776226344000
1776226346.888,146.888,0.41,2.65,0.37,11.2,0.61,43.0,0.62,43.0,0.39,43.0,0.38,43.0,0.59,2.65,0.63,11.2,0.2,0.2,616.631,1776226345000
1776226347.527,147.527,0.41,2.65,0.37,11.2,0.61,43.0,0.62,43.0,0.39,43.0,0.38,43.0,0.59,2.65,0.63,11.2,0.2,0.2,616.622995,1776226346000
1776226348.444,148.444,0.41,2.65,0.37,11.2,0.61,43.0,0.62,43.0,0.39,43.0,0.38,43.0,0.59,2.65,0.63,11.2,0.2,0.2,616.632694,1776226347000
1776226349.43,149.43,0.41,2.65,0.37,11.2,0.61,43.0,0.62,43.0,0.39,43.0,0.38,43.0,0.59,2.65,0.63,11.2,0.2,0.2,616.642,1776226348000
1776226350.441,150.441,0.41,2.65,0.37,11.2,0.61,43.0,0.62,43.0,0.39,43.0,0.38,43.0,0.59,2.65,0.63,11.2,0.2,0.2,616.645,1776226349000
1776226351.543,151.543,0.41,2.65,0.37,11.2,0.61,43.0,0.62,43.0,0.39,43.0,0.38,43.0,0.59,2.65,0.63,11.2,0.2,0.2,616.645,1776226350000
1776226352.496,152.496,0.41,2.65,0.37,11.2,0.61,43.0,0.62,43.0,0.39,43.0,0.38,43.0,0.59,2.65,0.63,11.2,0.2,0.2,616.644,1776226351000
1776226353.584,153.584,0.41,2.65,0.37,11.2,0.61,43.0,0.62,43.0,0.39,43.0,0.38,43.0,0.59,2.65,0.63,11.2,0.2,0.2,616.636135,1776226352000
1776226354.594,154.594,0.41,2.65,0.37,11.2,0.61,43.0,0.62,43.0,0.39,43.0,0.38,43.0,0.59,2.65,0.63,11.2,0.2,0.2,616.641,1776226353000
1776226355.554,155.554,0.41,2.65,0.37,11.2,0.61,43.0,0.62,43.0,0.39,43.0,0.38,43.0,0.59,2.65,0.63,11.2,0.2,0.2,616.648,1776226354000
1776226356.497,156.497,0.41,2.65,0.37,11.2,0.61,43.0,0.62,43.0,0.39,43.0,0.38,43.0,0.59,2.65,0.63,11.2,0.2,0.2,616.65459,1776226355000
1776226357.358,157.358,0.41,2.65,0.37,11.2,0.61,43.0,0.62,43.0,0.39,43.0,0.38,43.0,0.59,2.65,0.63,11.2,0.2,0.2,616.65459,1776226356000
1776226358.247,158.247,0.41,2.65,0.37,11.2,0.61,43.0,0.62,43.0,0.39,43.0,0.38,43.0,0.59,2.65,0.63,11.2,0.2,0.2,616.659787,1776226357000
1776226359.92,159.92,0.41,2.65,0.37,11.2,0.61,43.0,0.62,43.0,0.39,43.0,0.38,43.0,0.59,2.65,0.63,11.2,0.2,0.2,616.669,1776226358000
1776226360.931,160.931,0.41,2.65,0.37,11.2,0.61,43.0,0.62,43.0,0.39,43.0,0.38,43.0,0.59,2.65,0.63,11.2,0.2,0.2,616.664,1776226359000
1776226361.758,161.758,0.41,2.65,0.37,11.2,0.61,43.0,0.62,43.0,0.39,43.0,0.38,43.0,0.59,2.65,0.63,11.2,0.2,0.2,616.683,1776226360000
1776226362.486,162.486,0.41,2.65,0.37,11.2,0.61,43.0,0.62,43.0,0.39,43.0,0.38,43.0,0.59,2.65,0.63,11.2,0.2,0.2,616.675,1776226361000
1776226363.151,163.151,0.41,2.65,0.37,11.2,0.61,43.0,0.62,43.0,0.39,43.0,0.38,43.0,0.59,2.65,0.63,11.2,0.2,0.2,616.68,1776226362000
1776226363.423,163.423,0.37,6.0,0.36,11.3,0.52,5.0,0.54,10.5,0.39,43.0,0.38,43.0,0.59,2.65,0.63,11.2,0.15,0.2,616.68,1776226362000
1776226364.645,164.645,0.37,6.0,0.36,11.3,0.52,5.0,0.54,10.5,0.48,5.0,0.46,10.5,0.63,6.0,0.64,11.3,0.15,0.15,616.671,1776226363000
1776226365.203,165.203,0.37,6.0,0.36,11.3,0.52,5.0,0.54,10.5,0.48,5.0,0.46,10.5,0.63,6.0,0.64,11.3,0.15,0.15,616.671,1776226364000
1776226366.909,166.909,0.37,6.0,0.36,11.3,0.52,5.0,0.54,10.5,0.48,5.0,0.46,10.5,0.63,6.0,0.64,11.3,0.15,0.15,616.67,1776226366000
1776226368.274,168.274,0.37,6.0,0.36,11.3,0.52,5.0,0.54,10.5,0.48,5.0,0.46,10.5,0.63,6.0,0.64,11.3,0.15,0.15,616.65993,1776226367000
1776226369.396,169.396,0.37,6.0,0.36,11.3,0.52,5.0,0.54,10.5,0.48,5.0,0.46,10.5,0.63,6.0,0.64,11.3,0.15,0.15,616.67,1776226368000
1776226370.03,170.03,0.37,6.0,0.36,11.3,0.52,5.0,0.54,10.5,0.48,5.0,0.46,10.5,0.63,6.0,0.64,11.3,0.15,0.15,616.67,1776226369000
1776226371.275,171.275,0.37,6.0,0.36,11.3,0.52,5.0,0.54,10.5,0.48,5.0,0.46,10.5,0.63,6.0,0.64,11.3,0.15,0.15,616.66,1776226370000
1776226372.02,172.02,0.37,6.0,0.36,11.3,0.52,5.0,0.54,10.5,0.48,5.0,0.46,10.5,0.63,6.0,0.64,11.3,0.15,0.15,616.66,1776226371000
1776226373.447,173.447,0.37,6.0,0.36,11.3,0.52,5.0,0.54,10.5,0.48,5.0,0.46,10.5,0.63,6.0,0.64,11.3,0.15,0.15,616.652043,1776226372000
1776226373.962,173.962,0.37,6.0,0.36,11.3,0.52,5.0,0.54,10.5,0.48,5.0,0.46,10.5,0.63,6.0,0.64,11.3,0.15,0.15,616.65,1776226373000
1776226375.137,175.137,0.37,6.0,0.36,11.3,0.52,5.0,0.54,10.5,0.48,5.0,0.46,10.5,0.63,6.0,0.64,11.3,0.15,0.15,616.640243,1776226374000
1776226376.28,176.28,0.37,6.0,0.36,11.3,0.52,5.0,0.54,10.5,0.48,5.0,0.46,10.5,0.63,6.0,0.64,11.3,0.15,0.15,616.63594,1776226375000
1776226377.04,177.04,0.37,6.0,0.36,11.3,0.52,5.0,0.54,10.5,0.48,5.0,0.46,10.5,0.63,6.0,0.64,11.3,0.15,0.15,616.636712,1776226376000
1776226378.244,178.244,0.37,6.0,0.36,11.3,0.52,5.0,0.54,10.5,0.48,5.0,0.46,10.5,0.63,6.0,0.64,11.3,0.15,0.15,616.629832,1776226377000
1776226379.604,179.604,0.37,6.0,0.36,11.3,0.52,5.0,0.54,10.5,0.48,5.0,0.46,10.5,0.63,6.0,0.64,11.3,0.15,0.15,616.616,1776226378000
1776226380.193,180.193,0.37,6.0,0.36,11.3,0.52,5.0,0.54,10.5,0.48,5.0,0.46,10.5,0.63,6.0,0.64,11.3,0.15,0.15,616.609,1776226379000
1776226381.525,181.525,0.37,6.0,0.36,11.3,0.52,5.0,0.54,10.5,0.48,5.0,0.46,10.5,0.63,6.0,0.64,11.3,0.15,0.15,616.608,1776226380000
1776226382.136,182.136,0.37,6.0,0.36,11.3,0.52,5.0,0.54,10.5,0.48,5.0,0.46,10.5,0.63,6.0,0.64,11.3,0.15,0.15,616.611,1776226381000
1776226383.154,183.154,0.37,6.0,0.36,11.3,0.52,5.0,0.54,10.5,0.48,5.0,0.46,10.5,0.63,6.0,0.64,11.3,0.15,0.15,616.585293,1776226382000
1776226384.265,184.265,0.37,6.0,0.36,11.3,0.52,5.0,0.54,10.5,0.48,5.0,0.46,10.5,0.63,6.0,0.64,11.3,0.15,0.15,616.603,1776226383000
1776226385.688,185.688,0.37,6.0,0.36,11.3,0.52,5.0,0.54,10.5,0.48,5.0,0.46,10.5,0.63,6.0,0.64,11.3,0.15,0.15,616.604,1776226384000
1776226386.347,186.347,0.37,6.0,0.36,11.3,0.52,5.0,0.54,10.5,0.48,5.0,0.46,10.5,0.63,6.0,0.64,11.3,0.15,0.15,616.604,1776226385000
1776226387.242,187.242,0.37,6.0,0.36,11.3,0.52,5.0,0.54,10.5,0.48,5.0,0.46,10.5,0.63,6.0,0.64,11.3,0.15,0.15,616.612566,1776226386000
1776226388.261,188.261,0.37,6.0,0.36,11.3,0.52,5.0,0.54,10.5,0.48,5.0,0.46,10.5,0.63,6.0,0.64,11.3,0.15,0.15,616.602899,1776226387000
1776226389.285,189.285,0.37,6.0,0.36,11.3,0.52,5.0,0.54,10.5,0.48,5.0,0.46,10.5,0.63,6.0,0.64,11.3,0.15,0.15,616.609,1776226388000
1776226390.239,190.239,0.37,6.0,0.36,11.3,0.52,5.0,0.54,10.5,0.48,5.0,0.46,10.5,0.63,6.0,0.64,11.3,0.15,0.15,616.608,1776226389000
1776226391.24,191.24,0.37,6.0,0.36,11.3,0.52,5.0,0.54,10.5,0.48,5.0,0.46,10.5,0.63,6.0,0.64,11.3,0.15,0.15,616.61,1776226390000
1776226392.318,192.318,0.37,6.0,0.36,11.3,0.52,5.0,0.54,10.5,0.48,5.0,0.46,10.5,0.63,6.0,0.64,11.3,0.15,0.15,616.614,1776226391000
1776226393.197,193.197,0.37,6.0,0.36,11.3,0.52,5.0,0.54,10.5,0.48,5.0,0.46,10.5,0.63,6.0,0.64,11.3,0.15,0.15,616.616,1776226392000
1776226394.206,194.206,0.37,6.0,0.36,11.3,0.52,5.0,0.54,10.5,0.48,5.0,0.46,10.5,0.63,6.0,0.64,11.3,0.15,0.15,616.619,1776226393000
1776226395.331,195.331,0.37,6.0,0.36,11.3,0.52,5.0,0.54,10.5,0.48,5.0,0.46,10.5,0.63,6.0,0.64,11.3,0.15,0.15,616.616,1776226394000
1776226396.444,196.444,0.37,6.0,0.36,11.3,0.52,5.0,0.54,10.5,0.48,5.0,0.46,10.5,0.63,6.0,0.64,11.3,0.15,0.15,616.616,1776226395000
1776226397.171,197.171,0.37,6.0,0.36,11.3,0.52,5.0,0.54,10.5,0.48,5.0,0.46,10.5,0.63,6.0,0.64,11.3,0.15,0.15,616.616,1776226396000
1776226398.47,198.47,0.37,6.0,0.36,11.3,0.52,5.0,0.54,10.5,0.48,5.0,0.46,10.5,0.63,6.0,0.64,11.3,0.15,0.15,616.619,1776226397000
1776226399.071,199.071,0.37,6.0,0.36,11.3,0.52,5.0,0.54,10.5,0.48,5.0,0.46,10.5,0.63,6.0,0.64,11.3,0.15,0.15,616.618,1776226398000
1776226400.306,200.306,0.37,6.0,0.36,11.3,0.52,5.0,0.54,10.5,0.48,5.0,0.46,10.5,0.63,6.0,0.64,11.3,0.15,0.15,616.616,1776226399000
1776226400.93,200.93,0.37,6.0,0.36,11.3,0.52,5.0,0.54,10.5,0.48,5.0,0.46,10.5,0.63,6.0,0.64,11.3,0.15,0.15,616.616,1776226400000
1776226402.257,202.257,0.37,6.0,0.36,11.3,0.52,5.0,0.54,10.5,0.48,5.0,0.46,10.5,0.63,6.0,0.64,11.3,0.15,0.15,616.615,1776226401000
1776226403.473,203.473,0.37,6.0,0.36,11.3,0.52,5.0,0.54,10.5,0.48,5.0,0.46,10.5,0.63,6.0,0.64,11.3,0.15,0.15,616.608,1776226402000
1776226404.102,204.102,0.37,6.0,0.36,11.3,0.52,5.0,0.54,10.5,0.48,5.0,0.46,10.5,0.63,6.0,0.64,11.3,0.15,0.15,616.609,1776226403000
1776226405.282,205.282,0.37,6.0,0.36,11.3,0.52,5.0,0.54,10.5,0.48,5.0,0.46,10.5,0.63,6.0,0.64,11.3,0.15,0.15,616.61,1776226404000
1776226406.37,206.37,0.37,6.0,0.36,11.3,0.52,5.0,0.54,10.5,0.48,5.0,0.46,10.5,0.63,6.0,0.64,11.3,0.15,0.15,616.609,1776226405000
1776226406.916,206.916,0.37,6.0,0.36,11.3,0.52,5.0,0.54,10.5,0.48,5.0,0.46,10.5,0.63,6.0,0.64,11.3,0.15,0.15,616.609,1776226406000
1776226408.101,208.101,0.37,6.0,0.36,11.3,0.52,5.0,0.54,10.5,0.48,5.0,0.46,10.5,0.63,6.0,0.64,11.3,0.15,0.15,616.606,1776226407000
1776226409.443,209.443,0.37,6.0,0.36,11.3,0.52,5.0,0.54,10.5,0.48,5.0,0.46,10.5,0.63,6.0,0.64,11.3,0.15,0.15,616.62,1776226408000
1776226410.139,210.139,0.37,6.0,0.36,11.3,0.52,5.0,0.54,10.5,0.48,5.0,0.46,10.5,0.63,6.0,0.64,11.3,0.15,0.15,616.621,1776226409000
1776226411.476,211.476,0.37,6.0,0.36,11.3,0.52,5.0,0.54,10.5,0.48,5.0,0.46,10.5,0.63,6.0,0.64,11.3,0.15,0.15,616.623,1776226410000
1776226412.466,212.466,0.37,6.0,0.36,11.3,0.52,5.0,0.54,10.5,0.48,5.0,0.46,10.5,0.63,6.0,0.64,11.3,0.15,0.15,616.624,1776226411000
1776226412.944,212.944,0.37,6.0,0.36,11.3,0.52,5.0,0.54,10.5,0.48,5.0,0.46,10.5,0.63,6.0,0.64,11.3,0.15,0.15,616.624,1776226412000
1776226413.878,213.878,0.37,6.0,0.36,11.3,0.52,5.0,0.54,10.5,0.48,5.0,0.46,10.5,0.63,6.0,0.64,11.3,0.15,0.15,616.632,1776226413000
1776226415.086,215.086,0.37,6.0,0.36,11.3,0.52,5.0,0.54,10.5,0.48,5.0,0.46,10.5,0.63,6.0,0.64,11.3,0.15,0.15,616.631,1776226414000
1776226415.988,215.988,0.37,6.0,0.36,11.3,0.52,5.0,0.54,10.5,0.48,5.0,0.46,10.5,0.63,6.0,0.64,11.3,0.15,0.15,616.63,1776226415000
1776226417.048,217.048,0.37,6.0,0.36,11.3,0.52,5.0,0.54,10.5,0.48,5.0,0.46,10.5,0.63,6.0,0.64,11.3,0.15,0.15,616.628,1776226416000
1776226418.006,218.006,0.37,6.0,0.36,11.3,0.52,5.0,0.54,10.5,0.48,5.0,0.46,10.5,0.63,6.0,0.64,11.3,0.15,0.15,616.628,1776226417000
1776226419.055,219.055,0.37,6.0,0.36,11.3,0.52,5.0,0.54,10.5,0.48,5.0,0.46,10.5,0.63,6.0,0.64,11.3,0.15,0.15,616.625,1776226418000
1776226420.084,220.084,0.25,1.04,0.16,10.0,0.41,50.0,0.45,10.5,0.48,5.0,0.46,10.5,0.63,6.0,0.64,11.3,0.16,0.15,616.625,1776226418000
1776226420.504,220.504,0.14,2.54,0.12,24.6,0.35,31.0,0.41,50.0,0.59,50.0,0.55,10.5,0.84,7.39,0.87,23.0,0.21,0.25,616.621,1776226419000
1776226421.02,221.02,0.14,2.54,0.12,24.6,0.35,31.0,0.41,50.0,0.65,31.0,0.59,50.0,0.86,2.54,0.88,24.6,0.21,0.21,616.62,1776226420000
1776226422.082,222.082,0.12,21.96,0.11,76.6,0.35,31.0,0.41,50.0,0.65,31.0,0.59,50.0,0.88,21.96,0.89,76.6,0.23,0.23,616.507126,1776226421000
1776226423.048,223.048,0.12,21.96,0.11,76.6,0.35,31.0,0.41,50.0,0.65,31.0,0.59,50.0,0.88,21.96,0.89,76.6,0.23,0.23,616.465,1776226422000
1776226423.995,223.995,0.12,21.96,0.11,76.6,0.35,31.0,0.41,50.0,0.65,31.0,0.59,50.0,0.88,21.96,0.89,76.6,0.23,0.23,616.465,1776226423000
1776226425.727,225.727,0.12,21.96,0.11,76.6,0.35,31.0,0.41,50.0,0.65,31.0,0.59,50.0,0.88,21.96,0.89,76.6,0.23,0.23,616.416,1776226424000
1776226426.327,226.327,0.12,21.96,0.11,76.6,0.35,31.0,0.41,50.0,0.65,31.0,0.59,50.0,0.88,21.96,0.89,76.6,0.23,0.23,616.409,1776226425000
1776226426.905,226.905,0.12,21.96,0.11,76.6,0.35,31.0,0.41,50.0,0.65,31.0,0.59,50.0,0.88,21.96,0.89,76.6,0.23,0.23,616.409,1776226426000
1776226428.175,228.175,0.12,21.96,0.11,76.6,0.35,31.0,0.41,50.0,0.65,31.0,0.59,50.0,0.88,21.96,0.89,76.6,0.23,0.23,616.418,1776226427000
1776226429.915,229.915,0.12,21.96,0.11,76.6,0.35,31.0,0.41,50.0,0.65,31.0,0.59,50.0,0.88,21.96,0.89,76.6,0.23,0.23,616.444,1776226428000
1776226430.556,230.556,0.12,21.96,0.11,76.6,0.35,31.0,0.41,50.0,0.65,31.0,0.59,50.0,0.88,21.96,0.89,76.6,0.23,0.23,616.444,1776226429000
1776226431.243,231.243,0.12,21.96,0.11,76.6,0.35,31.0,0.41,50.0,0.65,31.0,0.59,50.0,0.88,21.96,0.89,76.6,0.23,0.23,616.433,1776226430000
1776226432.282,232.282,0.12,21.96,0.11,76.6,0.35,31.0,0.41,50.0,0.65,31.0,0.59,50.0,0.88,21.96,0.89,76.6,0.23,0.23,616.433,1776226431000
1776226433.014,233.014,0.12,21.96,0.11,76.6,0.35,31.0,0.41,50.0,0.65,31.0,0.59,50.0,0.88,21.96,0.89,76.6,0.23,0.23,616.411575,1776226432000
1776226434.273,234.273,0.12,21.96,0.11,76.6,0.35,31.0,0.41,50.0,0.65,31.0,0.59,50.0,0.88,21.96,0.89,76.6,0.23,0.23,616.395,1776226433000
1776226434.937,234.937,0.12,21.96,0.11,76.6,0.35,31.0,0.41,50.0,0.65,31.0,0.59,50.0,0.88,21.96,0.89,76.6,0.23,0.23,616.387,1776226434000
1776226436.328,236.328,0.12,21.96,0.11,76.6,0.35,31.0,0.41,50.0,0.65,31.0,0.59,50.0,0.88,21.96,0.89,76.6,0.23,0.23,616.32618,1776226435000
1776226437.773,237.773,0.12,21.96,0.11,76.6,0.35,31.0,0.41,50.0,0.65,31.0,0.59,50.0,0.88,21.96,0.89,76.6,0.23,0.23,616.31041,1776226436000
1776226438.526,238.526,0.12,21.96,0.11,76.6,0.35,31.0,0.41,50.0,0.65,31.0,0.59,50.0,0.88,21.96,0.89,76.6,0.23,0.23,616.31029,1776226437000
1776226439.301,239.301,0.12,21.96,0.11,76.6,0.35,31.0,0.41,50.0,0.65,31.0,0.59,50.0,0.88,21.96,0.89,76.6,0.23,0.23,616.30708,1776226438000
1776226439.85,239.85,0.04,72.7,0.03,89.3,0.09,22.44,0.1,28.9,0.65,31.0,0.59,50.0,0.88,21.96,0.89,76.6,0.05,0.23,616.30708,1776226438000
1776226441.494,241.494,0.04,72.7,0.03,89.3,0.09,22.44,0.1,28.9,0.91,22.44,0.9,28.9,0.96,72.7,0.97,89.3,0.05,0.05,616.30188,1776226440000
1776226442.087,242.087,0.03,74.3,0.02,142.69,0.08,35.29,0.09,22.44,0.91,22.44,0.9,28.9,0.96,72.7,0.97,89.3,0.05,0.05,616.30188,1776226440000
1776226443.957,243.957,0.03,74.3,0.02,142.69,0.08,35.29,0.09,22.44,0.92,35.29,0.91,22.44,0.97,74.3,0.98,142.69,0.05,0.05,616.31049,1776226442000
1776226444.548,244.548,0.03,74.3,0.02,142.69,0.08,35.29,0.09,22.44,0.92,35.29,0.91,22.44,0.97,74.3,0.98,142.69,0.05,0.05,616.31136,1776226443000
1776226445.137,245.137,0.03,74.3,0.02,142.69,0.08,35.29,0.09,22.44,0.92,35.29,0.91,22.44,0.97,74.3,0.98,142.69,0.05,0.05,616.31249,1776226444000
1776226445.759,245.759,0.02,122.28,0.01,5712.6,0.06,46.1,0.07,39.9,0.92,35.29,0.91,22.44,0.97,74.3,0.98,142.69,0.04,0.05,616.31249,1776226444000
1776226446.323,246.323,0.02,122.28,0.01,5712.6,0.06,46.1,0.07,39.9,0.94,46.1,0.93,39.9,0.98,122.28,0.99,5712.6,0.04,0.04,616.31261,1776226445000
1776226446.862,246.862,0.02,122.28,0.01,5712.6,0.06,46.1,0.07,39.9,0.94,46.1,0.93,39.9,0.98,122.28,0.99,5712.6,0.04,0.04,616.31231,1776226446000
1776226448.031,248.031,0.02,122.28,0.01,5712.6,0.06,46.1,0.07,39.9,0.94,46.1,0.93,39.9,0.98,122.28,0.99,5712.6,0.04,0.04,616.31787,1776226447000
1776226449.156,249.156,0.02,122.28,0.01,5712.6,0.06,46.1,0.07,39.9,0.94,46.1,0.93,39.9,0.98,122.28,0.99,5712.6,0.04,0.04,616.31959,1776226448000
1776226450.359,250.359,0.02,122.28,0.01,5712.6,0.06,46.1,0.07,39.9,0.94,46.1,0.93,39.9,0.98,122.28,0.99,5712.6,0.04,0.04,616.32025,1776226449000
1776226451.003,251.003,0.02,122.28,0.01,5712.6,0.06,46.1,0.07,39.9,0.94,46.1,0.93,39.9,0.98,122.28,0.99,5712.6,0.04,0.04,616.32515,1776226450000
1776226452.147,252.147,0.02,122.28,0.01,5712.6,0.06,46.1,0.07,39.9,0.94,46.1,0.93,39.9,0.98,122.28,0.99,5712.6,0.04,0.04,616.32645,1776226451000
1776226453.216,253.216,0.02,122.28,0.01,5712.6,0.06,46.1,0.07,39.9,0.94,46.1,0.93,39.9,0.98,122.28,0.99,5712.6,0.04,0.04,616.3268,1776226452000
1776226454.504,254.504,0.02,122.28,0.01,5712.6,0.06,46.1,0.07,39.9,0.94,46.1,0.93,39.9,0.98,122.28,0.99,5712.6,0.04,0.04,616.3246,1776226453000
1776226455.097,255.097,0.02,122.28,0.01,5712.6,0.06,46.1,0.07,39.9,0.94,46.1,0.93,39.9,0.98,122.28,0.99,5712.6,0.04,0.04,616.3614,1776226454000
1776226456.345,256.345,0.02,122.28,0.01,5712.6,0.06,46.1,0.07,39.9,0.94,46.1,0.93,39.9,0.98,122.28,0.99,5712.6,0.04,0.04,616.370911,1776226455000
1776226456.957,256.957,0.02,122.28,0.01,5712.6,0.06,46.1,0.07,39.9,0.94,46.1,0.93,39.9,0.98,122.28,0.99,5712.6,0.04,0.04,616.37256,1776226456000
1776226458.162,258.162,0.02,122.28,0.01,5712.6,0.06,46.1,0.07,39.9,0.94,46.1,0.93,39.9,0.98,122.28,0.99,5712.6,0.04,0.04,616.37798,1776226457000
1776226459.3,259.3,0.02,122.28,0.01,5712.6,0.06,46.1,0.07,39.9,0.94,46.1,0.93,39.9,0.98,122.28,0.99,5712.6,0.04,0.04,616.40469,1776226458000
1776226459.872,259.872,0.02,122.28,0.01,5712.6,0.06,46.1,0.07,39.9,0.94,46.1,0.93,39.9,0.98,122.28,0.99,5712.6,0.04,0.04,616.40469,1776226459000
1776226461.032,261.032,0.02,122.28,0.01,5712.6,0.06,46.1,0.07,39.9,0.94,46.1,0.93,39.9,0.98,122.28,0.99,5712.6,0.04,0.04,616.40364,1776226460000
1776226461.967,261.967,0.02,122.28,0.01,5712.6,0.06,46.1,0.07,39.9,0.94,46.1,0.93,39.9,0.98,122.28,0.99,5712.6,0.04,0.04,616.40364,1776226461000
1776226463.034,263.034,0.02,122.28,0.01,5712.6,0.06,46.1,0.07,39.9,0.94,46.1,0.93,39.9,0.98,122.28,0.99,5712.6,0.04,0.04,616.459,1776226462000
1776226464.022,264.022,0.02,122.28,0.01,5712.6,0.06,46.1,0.07,39.9,0.94,46.1,0.93,39.9,0.98,122.28,0.99,5712.6,0.04,0.04,616.459,1776226463000
1776226464.988,264.988,0.02,122.28,0.01,5712.6,0.06,46.1,0.07,39.9,0.94,46.1,0.93,39.9,0.98,122.28,0.99,5712.6,0.04,0.04,616.50762,1776226464000
1776226465.273,265.273,0.06,6.68,0.05,54.7,0.11,26.6,0.12,24.6,0.94,46.1,0.93,39.9,0.98,122.28,0.99,5712.6,0.05,0.04,616.50762,1776226464000
1776226466.031,266.031,0.06,6.68,0.05,54.7,0.11,26.6,0.12,24.6,0.89,26.6,0.88,24.6,0.94,6.68,0.95,54.7,0.05,0.05,616.51303,1776226465000
1776226467.077,267.077,0.06,6.68,0.05,54.7,0.11,26.6,0.12,24.6,0.89,26.6,0.88,24.6,0.94,6.68,0.95,54.7,0.05,0.05,616.5118,1776226466000
1776226468.095,268.095,0.06,6.68,0.05,54.7,0.11,26.6,0.12,24.6,0.89,26.6,0.88,24.6,0.94,6.68,0.95,54.7,0.05,0.05,616.51273,1776226467000
1776226469.045,269.045,0.06,6.68,0.05,54.7,0.11,26.6,0.12,24.6,0.89,26.6,0.88,24.6,0.94,6.68,0.95,54.7,0.05,0.05,616.495545,1776226468000
1776226470.199,270.199,0.06,6.68,0.05,54.7,0.11,26.6,0.12,24.6,0.89,26.6,0.88,24.6,0.94,6.68,0.95,54.7,0.05,0.05,616.494359,1776226469000
1776226471.165,271.165,0.06,6.68,0.05,54.7,0.11,26.6,0.12,24.6,0.89,26.6,0.88,24.6,0.94,6.68,0.95,54.7,0.05,0.05,616.493685,1776226470000
1776226472.838,272.838,0.06,6.68,0.05,54.7,0.11,26.6,0.12,24.6,0.89,26.6,0.88,24.6,0.94,6.68,0.95,54.7,0.05,0.05,616.50825,1776226471000
1776226473.33,273.33,0.06,6.68,0.05,54.7,0.11,26.6,0.12,24.6,0.89,26.6,0.88,24.6,0.94,6.68,0.95,54.7,0.05,0.05,616.50726,1776226472000
1776226474.325,274.325,0.06,6.68,0.05,54.7,0.11,26.6,0.12,24.6,0.89,26.6,0.88,24.6,0.94,6.68,0.95,54.7,0.05,0.05,616.45893,1776226473000
1776226475.379,275.379,0.06,6.68,0.05,54.7,0.11,26.6,0.12,24.6,0.89,26.6,0.88,24.6,0.94,6.68,0.95,54.7,0.05,0.05,616.443781,1776226474000
1776226475.971,275.971,0.06,6.68,0.05,54.7,0.11,26.6,0.12,24.6,0.89,26.6,0.88,24.6,0.94,6.68,0.95,54.7,0.05,0.05,616.461587,1776226475000
1776226476.573,276.573,0.02,5.0,0.01,5500.0,0.31,78.79,0.36,10.0,0.89,26.6,0.88,24.6,0.94,6.68,0.95,54.7,0.29,0.05,616.461587,1776226475000
1776226477.141,277.141,0.02,5.0,0.01,5500.0,0.31,78.79,0.36,10.0,0.69,78.79,0.64,10.0,0.98,5.0,0.99,5500.0,0.29,0.29,616.46706,1776226476000
1776226478.119,278.119,0.02,5.0,0.01,5500.0,0.31,78.79,0.36,10.0,0.69,78.79,0.64,10.0,0.98,5.0,0.99,5500.0,0.29,0.29,616.48643,1776226477000
1776226479.135,279.135,0.02,5.0,0.01,5500.0,0.31,78.79,0.36,10.0,0.69,78.79,0.64,10.0,0.98,5.0,0.99,5500.0,0.29,0.29,616.49906,1776226478000
1776226480.19,280.19,0.02,5.0,0.01,5500.0,0.31,78.79,0.36,10.0,0.69,78.79,0.64,10.0,0.98,5.0,0.99,5500.0,0.29,0.29,616.50388,1776226479000
1776226481.157,281.157,0.02,5.0,0.01,5500.0,0.31,78.79,0.36,10.0,0.69,78.79,0.64,10.0,0.98,5.0,0.99,5500.0,0.29,0.29,616.493,1776226480000
1776226482.235,282.235,0.02,5.0,0.01,5500.0,0.31,78.79,0.36,10.0,0.69,78.79,0.64,10.0,0.98,5.0,0.99,5500.0,0.29,0.29,616.48908,1776226481000
1776226483.313,283.313,0.02,5.0,0.01,5500.0,0.31,78.79,0.36,10.0,0.69,78.79,0.64,10.0,0.98,5.0,0.99,5500.0,0.29,0.29,616.46879,1776226482000
1776226484.314,284.314,0.02,5.0,0.01,5500.0,0.31,78.79,0.36,10.0,0.69,78.79,0.64,10.0,0.98,5.0,0.99,5500.0,0.29,0.29,616.4656,1776226483000
1776226485.127,285.127,0.02,5.0,0.01,5500.0,0.31,78.79,0.36,10.0,0.69,78.79,0.64,10.0,0.98,5.0,0.99,5500.0,0.29,0.29,616.46378,1776226484000
1776226486.498,286.498,0.02,5.0,0.01,5500.0,0.31,78.79,0.36,10.0,0.69,78.79,0.64,10.0,0.98,5.0,0.99,5500.0,0.29,0.29,616.444,1776226485000
1776226487.44,287.44,0.02,5.0,0.01,5500.0,0.31,78.79,0.36,10.0,0.69,78.79,0.64,10.0,0.98,5.0,0.99,5500.0,0.29,0.29,616.444,1776226486000
1776226488.367,288.367,0.02,5.0,0.01,5500.0,0.31,78.79,0.36,10.0,0.69,78.79,0.64,10.0,0.98,5.0,0.99,5500.0,0.29,0.29,616.47621,1776226487000
1776226488.953,288.953,0.02,5.0,0.01,250.0,0.21,50.0,0.31,44.79,0.69,78.79,0.64,10.0,0.98,5.0,0.99,5500.0,0.19,0.29,616.47621,1776226487000
1776226490.683,290.683,0.02,5.0,0.01,250.0,0.21,50.0,0.31,44.79,0.79,50.0,0.69,44.79,0.98,5.0,0.99,250.0,0.19,0.19,616.509,1776226489000
1776226491.382,291.382,0.11,50.0,0.02,5.0,0.41,42.75,0.47,5.0,0.79,50.0,0.69,44.79,0.98,5.0,0.99,250.0,0.3,0.19,616.509,1776226489000
1776226492.361,292.361,0.11,50.0,0.02,5.0,0.41,42.75,0.47,5.0,0.59,42.75,0.53,5.0,0.89,50.0,0.98,5.0,0.3,0.3,616.518,1776226491000
1776226493.051,293.051,0.11,50.0,0.02,5.0,0.41,42.75,0.47,5.0,0.59,42.75,0.53,5.0,0.89,50.0,0.98,5.0,0.3,0.3,616.573,1776226492000
1776226493.424,293.424,0.11,42.0,0.02,5.0,0.41,42.75,0.47,5.0,0.59,42.75,0.53,5.0,0.89,50.0,0.98,5.0,0.3,0.3,616.573,1776226492000
1776226494.517,294.517,0.11,36.0,0.02,5.0,0.41,42.75,0.47,5.0,0.59,42.75,0.53,5.0,0.89,36.0,0.98,5.0,0.3,0.3,616.565,1776226493000
1776226495.226,295.226,0.11,36.0,0.02,5.0,0.41,42.75,0.47,5.0,0.59,42.75,0.53,5.0,0.89,36.0,0.98,5.0,0.3,0.3,616.565,1776226494000
1776226495.665,295.665,0.02,1.96,0.01,230.0,0.21,50.0,0.31,50.0,0.59,42.75,0.53,5.0,0.89,36.0,0.98,5.0,0.19,0.3,616.565,1776226494000
1776226496.474,296.474,0.01,223.3,,,0.11,50.0,0.21,50.0,0.79,50.0,0.69,50.0,0.98,1.96,0.99,225.0,0.1,0.19,616.565,1776226494000
1776226496.799,296.799,0.01,222.18,,,0.11,50.0,0.21,50.0,0.89,50.0,0.79,50.0,0.99,222.18,,,0.1,0.1,616.556,1776226495000
1776226497.375,297.375,0.01,107.02,,,0.11,50.0,0.21,50.0,0.89,50.0,0.79,50.0,0.99,222.18,,,0.1,0.1,616.556,1776226495000
1776226497.643,297.643,0.01,99.83,,,0.11,50.0,0.21,50.0,0.89,50.0,0.79,50.0,0.99,105.91,,,0.1,0.1,616.556,1776226495000
1776226497.983,297.983,0.01,78.83,,,0.11,50.0,0.21,50.0,0.89,50.0,0.79,50.0,0.99,89.83,,,0.1,0.1,616.547,1776226496000
1776226498.289,298.289,0.01,68.83,,,0.11,50.0,0.21,50.0,0.89,50.0,0.79,50.0,0.99,78.83,,,0.1,0.1,616.547,1776226496000
1776226498.493,298.493,0.01,67.72,,,0.11,50.0,0.21,50.0,0.89,50.0,0.79,50.0,0.99,67.72,,,0.1,0.1,616.478388,1776226497000
1776226498.812,298.812,,,,,0.01,744.31,0.11,50.0,0.89,50.0,0.79,50.0,0.99,55.69,,,,0.1,616.478388,1776226497000
1776226499.109,299.109,,,,,0.01,744.31,0.11,50.0,0.99,744.31,0.89,50.0,,,,,,,616.474467,1776226498000
1776226500.503,300.503,,,,,0.01,744.31,0.11,50.0,0.99,744.31,0.89,50.0,,,,,,,616.475001,1776226499000
1776226501.218,301.218,,,,,0.01,744.31,0.11,50.0,0.99,744.31,0.89,50.0,,,,,,,616.474987,1776226500000

# RESULT,winner=Down,slug=bnb-updown-5m-1776226200,ticks=330
