timestamp,elapsed_sec,up_bid_p1,up_bid_s1,up_bid_p2,up_bid_s2,up_ask_p1,up_ask_s1,up_ask_p2,up_ask_s2,down_bid_p1,down_bid_s1,down_bid_p2,down_bid_s2,down_ask_p1,down_ask_s1,down_ask_p2,down_ask_s2,up_spread,down_spread,bnb_price,bnb_oracle_ts
1776214801.401,1.401,,,,,,,,,,,,,,,,,,,617.041521,1776214800000
1776214801.873,1.873,0.33,300.0,0.31,375.0,0.5,5.0,0.51,11.83,0.5,5.0,0.49,11.83,0.67,300.0,0.69,375.0,0.17,0.17,617.041521,1776214800000
1776214803.263,3.263,0.33,300.0,0.31,375.0,0.5,5.0,0.51,11.83,0.5,5.0,0.49,11.83,0.67,300.0,0.69,375.0,0.17,0.17,617.042219,1776214802000
1776214804.337,4.337,0.33,300.0,0.31,375.0,0.5,5.0,0.51,11.83,0.5,5.0,0.49,11.83,0.67,300.0,0.69,375.0,0.17,0.17,617.042082,1776214803000
1776214804.934,4.934,0.33,300.0,0.31,375.0,0.5,5.0,0.51,11.83,0.5,5.0,0.49,11.83,0.67,300.0,0.69,375.0,0.17,0.17,617.042082,1776214804000
1776214806.477,6.477,0.33,300.0,0.31,375.0,0.5,5.0,0.51,11.83,0.5,5.0,0.49,11.83,0.67,300.0,0.69,375.0,0.17,0.17,617.042062,1776214805000
1776214806.975,6.975,0.33,300.0,0.31,375.0,0.5,5.0,0.51,11.83,0.5,5.0,0.49,11.83,0.67,300.0,0.69,375.0,0.17,0.17,617.024793,1776214806000
1776214808.091,8.091,0.33,300.0,0.31,375.0,0.5,5.0,0.51,11.83,0.5,5.0,0.49,11.83,0.67,300.0,0.69,375.0,0.17,0.17,616.883,1776214807000
1776214808.555,8.555,0.36,3.0,0.35,7.0,0.42,5.0,0.48,7.0,0.5,5.0,0.49,11.83,0.67,300.0,0.69,375.0,0.06,0.17,616.883,1776214807000
1776214809.267,9.267,0.36,3.0,0.35,7.0,0.42,5.0,0.48,7.0,0.58,5.0,0.52,7.0,0.64,3.0,0.65,7.0,0.06,0.06,616.871168,1776214808000
1776214810.382,10.382,0.36,3.0,0.35,7.0,0.42,5.0,0.48,7.0,0.58,5.0,0.52,7.0,0.64,3.0,0.65,7.0,0.06,0.06,616.872451,1776214809000
1776214811.344,11.344,0.36,3.0,0.35,7.0,0.42,5.0,0.48,7.0,0.58,5.0,0.52,7.0,0.64,3.0,0.65,7.0,0.06,0.06,616.885157,1776214810000
1776214811.961,11.961,0.36,3.0,0.35,7.0,0.42,5.0,0.48,7.0,0.58,5.0,0.52,7.0,0.64,3.0,0.65,7.0,0.06,0.06,616.936304,1776214811000
1776214812.192,12.192,0.4,5.0,0.35,7.0,0.47,10.0,0.48,7.0,0.58,5.0,0.52,7.0,0.64,3.0,0.65,7.0,0.07,0.06,616.936304,1776214811000
1776214813.219,13.219,0.4,5.0,0.35,7.0,0.47,10.0,0.48,7.0,0.53,10.0,0.52,7.0,0.6,5.0,0.65,7.0,0.07,0.07,616.935678,1776214812000
1776214814.441,14.441,0.4,5.0,0.35,7.0,0.47,10.0,0.48,7.0,0.53,10.0,0.52,7.0,0.6,5.0,0.65,7.0,0.07,0.07,616.935485,1776214813000
1776214815.049,15.049,0.4,5.0,0.35,7.0,0.47,10.0,0.48,7.0,0.53,10.0,0.52,7.0,0.6,5.0,0.65,7.0,0.07,0.07,616.942279,1776214814000
1776214816.163,16.163,0.4,5.0,0.35,7.0,0.47,10.0,0.48,7.0,0.53,10.0,0.52,7.0,0.6,5.0,0.65,7.0,0.07,0.07,616.942173,1776214815000
1776214817.374,17.374,0.4,5.0,0.35,7.0,0.47,10.0,0.48,7.0,0.53,10.0,0.52,7.0,0.6,5.0,0.65,7.0,0.07,0.07,616.940402,1776214816000
1776214817.917,17.917,0.4,5.0,0.35,7.0,0.47,10.0,0.48,7.0,0.53,10.0,0.52,7.0,0.6,5.0,0.65,7.0,0.07,0.07,616.936219,1776214817000
1776214819.132,19.132,0.4,5.0,0.35,7.0,0.47,10.0,0.48,7.0,0.53,10.0,0.52,7.0,0.6,5.0,0.65,7.0,0.07,0.07,616.936137,1776214818000
1776214820.511,20.511,0.4,5.0,0.35,7.0,0.47,10.0,0.48,7.0,0.53,10.0,0.52,7.0,0.6,5.0,0.65,7.0,0.07,0.07,616.938465,1776214819000
1776214821.129,21.129,0.4,5.0,0.35,7.0,0.47,10.0,0.48,7.0,0.53,10.0,0.52,7.0,0.6,5.0,0.65,7.0,0.07,0.07,616.939625,1776214820000
1776214822.386,22.386,0.4,5.0,0.35,7.0,0.47,10.0,0.48,7.0,0.53,10.0,0.52,7.0,0.6,5.0,0.65,7.0,0.07,0.07,616.939949,1776214821000
1776214823.375,23.375,0.4,5.0,0.35,7.0,0.47,10.0,0.48,7.0,0.53,10.0,0.52,7.0,0.6,5.0,0.65,7.0,0.07,0.07,616.939949,1776214822000
1776214824.13,24.13,0.4,5.0,0.35,7.0,0.47,10.0,0.48,7.0,0.53,10.0,0.52,7.0,0.6,5.0,0.65,7.0,0.07,0.07,616.939368,1776214823000
1776214825.504,25.504,0.4,5.0,0.35,7.0,0.47,10.0,0.48,7.0,0.53,10.0,0.52,7.0,0.6,5.0,0.65,7.0,0.07,0.07,616.939476,1776214824000
1776214826.178,26.178,0.4,5.0,0.35,7.0,0.47,10.0,0.48,7.0,0.53,10.0,0.52,7.0,0.6,5.0,0.65,7.0,0.07,0.07,616.939476,1776214825000
1776214827.014,27.014,0.43,10.0,0.42,5.0,0.47,5.0,0.48,7.0,0.53,10.0,0.52,7.0,0.6,5.0,0.65,7.0,0.04,0.07,616.939476,1776214825000
1776214827.627,27.627,0.43,10.0,0.42,5.0,0.47,5.0,0.48,7.0,0.53,5.0,0.52,7.0,0.57,10.0,0.58,5.0,0.04,0.04,616.941167,1776214826000
1776214828.281,28.281,0.43,10.0,0.42,5.0,0.47,5.0,0.48,7.0,0.53,5.0,0.52,7.0,0.57,10.0,0.58,5.0,0.04,0.04,616.959247,1776214827000
1776214829.729,29.729,0.43,10.0,0.42,5.0,0.47,5.0,0.48,7.0,0.53,5.0,0.52,7.0,0.57,10.0,0.58,5.0,0.04,0.04,616.998,1776214828000
1776214830.832,30.832,0.43,10.0,0.42,5.0,0.47,5.0,0.48,7.0,0.53,5.0,0.52,7.0,0.57,10.0,0.58,5.0,0.04,0.04,616.996,1776214829000
1776214831.465,31.465,0.43,10.0,0.42,5.0,0.47,5.0,0.48,7.0,0.53,5.0,0.52,7.0,0.57,10.0,0.58,5.0,0.04,0.04,616.996,1776214830000
1776214832.062,32.062,0.43,10.0,0.42,5.0,0.47,5.0,0.48,7.0,0.53,5.0,0.52,7.0,0.57,10.0,0.58,5.0,0.04,0.04,617.020293,1776214831000
1776214833.454,33.454,0.43,10.0,0.42,5.0,0.47,5.0,0.48,7.0,0.53,5.0,0.52,7.0,0.57,10.0,0.58,5.0,0.04,0.04,617.020071,1776214832000
1776214834.107,34.107,0.43,10.0,0.42,5.0,0.47,5.0,0.48,7.0,0.53,5.0,0.52,7.0,0.57,10.0,0.58,5.0,0.04,0.04,617.017543,1776214833000
1776214835.423,35.423,0.43,10.0,0.42,5.0,0.47,5.0,0.48,7.0,0.53,5.0,0.52,7.0,0.57,10.0,0.58,5.0,0.04,0.04,617.017547,1776214834000
1776214836.234,36.234,0.43,10.0,0.42,5.0,0.47,5.0,0.48,7.0,0.53,5.0,0.52,7.0,0.57,10.0,0.58,5.0,0.04,0.04,617.018046,1776214835000
1776214837.59,37.59,0.43,10.0,0.42,5.0,0.47,5.0,0.48,7.0,0.53,5.0,0.52,7.0,0.57,10.0,0.58,5.0,0.04,0.04,617.019482,1776214836000
1776214840.174,40.174,0.43,10.0,0.42,5.0,0.47,5.0,0.48,7.0,0.53,5.0,0.52,7.0,0.57,10.0,0.58,5.0,0.04,0.04,617.021019,1776214839000
1776214841.211,41.211,0.43,10.0,0.42,5.0,0.47,5.0,0.48,7.0,0.53,5.0,0.52,7.0,0.57,10.0,0.58,5.0,0.04,0.04,617.024306,1776214840000
1776214841.716,41.716,0.43,10.0,0.42,5.0,0.47,5.0,0.48,7.0,0.53,5.0,0.52,7.0,0.57,10.0,0.58,5.0,0.04,0.04,617.024306,1776214840000
1776214842.311,42.311,0.43,10.0,0.42,5.0,0.47,5.0,0.48,7.0,0.53,5.0,0.52,7.0,0.57,10.0,0.58,5.0,0.04,0.04,617.023952,1776214841000
1776214842.845,42.845,0.43,10.0,0.42,5.0,0.47,5.0,0.48,7.0,0.53,5.0,0.52,7.0,0.57,10.0,0.58,5.0,0.04,0.04,617.023952,1776214842000
1776214844.037,44.037,0.43,10.0,0.42,5.0,0.47,5.0,0.48,7.0,0.53,5.0,0.52,7.0,0.57,10.0,0.58,5.0,0.04,0.04,617.022088,1776214843000
1776214845.04,45.04,0.43,10.0,0.42,5.0,0.47,5.0,0.48,7.0,0.53,5.0,0.52,7.0,0.57,10.0,0.58,5.0,0.04,0.04,617.016376,1776214844000
1776214846.207,46.207,0.43,10.0,0.42,5.0,0.47,5.0,0.48,7.0,0.53,5.0,0.52,7.0,0.57,10.0,0.58,5.0,0.04,0.04,617.015681,1776214845000
1776214846.887,46.887,0.43,10.0,0.42,5.0,0.47,5.0,0.48,7.0,0.53,5.0,0.52,7.0,0.57,10.0,0.58,5.0,0.04,0.04,617.015681,1776214846000
1776214847.904,47.904,0.43,10.0,0.42,5.0,0.47,5.0,0.48,7.0,0.53,5.0,0.52,7.0,0.57,10.0,0.58,5.0,0.04,0.04,617.016289,1776214847000
1776214848.999,48.999,0.43,10.0,0.42,5.0,0.47,5.0,0.48,7.0,0.53,5.0,0.52,7.0,0.57,10.0,0.58,5.0,0.04,0.04,617.015197,1776214848000
1776214850.047,50.047,0.43,10.0,0.42,5.0,0.47,5.0,0.48,7.0,0.53,5.0,0.52,7.0,0.57,10.0,0.58,5.0,0.04,0.04,617.015574,1776214849000
1776214850.401,50.401,0.41,5.0,0.4,5.0,0.47,5.0,0.48,7.0,0.53,5.0,0.52,7.0,0.57,10.0,0.58,5.0,0.06,0.04,617.015574,1776214849000
1776214851.072,51.072,0.41,5.0,0.4,5.0,0.47,5.0,0.48,7.0,0.53,5.0,0.52,7.0,0.59,5.0,0.6,5.0,0.06,0.06,617.0158,1776214850000
1776214852.087,52.087,0.41,5.0,0.4,5.0,0.47,5.0,0.48,7.0,0.53,5.0,0.52,7.0,0.59,5.0,0.6,5.0,0.06,0.06,617.00207,1776214851000
1776214853.527,53.527,0.41,5.0,0.4,5.0,0.47,5.0,0.48,7.0,0.53,5.0,0.52,7.0,0.59,5.0,0.6,5.0,0.06,0.06,616.911145,1776214852000
1776214854.671,54.671,0.41,5.0,0.4,5.0,0.47,5.0,0.48,7.0,0.53,5.0,0.52,7.0,0.59,5.0,0.6,5.0,0.06,0.06,616.908649,1776214853000
1776214855.139,55.139,0.41,5.0,0.4,5.0,0.47,5.0,0.48,7.0,0.53,5.0,0.52,7.0,0.59,5.0,0.6,5.0,0.06,0.06,616.852894,1776214854000
1776214855.437,55.437,0.35,7.0,0.29,10.0,0.38,5.0,0.41,5.0,0.53,5.0,0.52,7.0,0.59,5.0,0.6,5.0,0.03,0.06,616.852894,1776214854000
1776214856.119,56.119,0.35,7.0,0.29,10.0,0.38,5.0,0.41,5.0,0.62,5.0,0.59,5.0,0.65,7.0,0.71,10.0,0.03,0.03,616.849,1776214855000
1776214856.799,56.799,0.35,2.0,0.29,10.0,0.37,10.0,0.38,21.0,0.62,5.0,0.59,5.0,0.65,7.0,0.71,10.0,0.02,0.03,616.849,1776214855000
1776214857.133,57.133,0.35,2.0,0.29,10.0,0.37,10.0,0.38,21.0,0.63,10.0,0.62,21.0,0.65,2.0,0.71,10.0,0.02,0.02,616.825703,1776214856000
1776214858.219,58.219,0.35,2.0,0.29,10.0,0.37,10.0,0.38,21.0,0.63,10.0,0.62,21.0,0.65,2.0,0.71,10.0,0.02,0.02,616.822988,1776214857000
1776214859.139,59.139,0.35,2.0,0.29,10.0,0.37,10.0,0.38,21.0,0.63,10.0,0.62,21.0,0.65,2.0,0.71,10.0,0.02,0.02,616.823983,1776214858000
1776214860.171,60.171,0.29,7.0,0.25,13.9,0.37,10.0,0.38,21.0,0.63,10.0,0.62,21.0,0.71,7.0,0.75,13.9,0.08,0.08,616.823979,1776214859000
1776214861.136,61.136,0.29,7.0,0.25,13.9,0.37,10.0,0.38,21.0,0.63,10.0,0.62,21.0,0.71,7.0,0.75,13.9,0.08,0.08,616.824023,1776214860000
1776214862.335,62.335,0.29,7.0,0.25,13.9,0.37,10.0,0.38,21.0,0.63,10.0,0.62,21.0,0.71,7.0,0.75,13.9,0.08,0.08,616.825132,1776214861000
1776214862.894,62.894,0.27,5.0,0.26,13.5,0.28,8.0,0.37,10.0,0.63,10.0,0.62,21.0,0.71,7.0,0.75,13.9,0.01,0.08,616.825132,1776214861000
1776214863.203,63.203,0.27,18.2,0.26,18.5,0.28,3.0,0.37,10.0,0.72,8.0,0.63,10.0,0.73,5.0,0.74,13.5,0.01,0.01,616.825132,1776214861000
1776214864.294,64.294,0.27,18.2,0.26,18.5,0.28,3.0,0.37,10.0,0.72,3.0,0.63,10.0,0.73,18.2,0.74,18.5,0.01,0.01,616.826377,1776214863000
1776214865.311,65.311,0.27,18.2,0.26,18.5,0.28,3.0,0.37,10.0,0.72,3.0,0.63,10.0,0.73,18.2,0.74,18.5,0.01,0.01,616.826084,1776214864000
1776214866.282,66.282,0.27,18.2,0.26,18.5,0.28,3.0,0.37,10.0,0.72,3.0,0.63,10.0,0.73,18.2,0.74,18.5,0.01,0.01,616.841,1776214865000
1776214866.819,66.819,0.27,18.2,0.26,18.5,0.28,3.0,0.37,10.0,0.72,3.0,0.63,10.0,0.73,18.2,0.74,18.5,0.01,0.01,616.841,1776214866000
1776214868.154,68.154,0.27,18.2,0.26,18.5,0.28,3.0,0.37,10.0,0.72,3.0,0.63,10.0,0.73,18.2,0.74,18.5,0.01,0.01,616.84,1776214867000
1776214869.352,69.352,0.27,18.2,0.26,18.5,0.28,3.0,0.37,10.0,0.72,3.0,0.63,10.0,0.73,18.2,0.74,18.5,0.01,0.01,616.851,1776214868000
1776214870.039,70.039,0.27,18.2,0.26,13.5,0.37,10.0,0.42,5.0,0.63,10.0,0.58,5.0,0.73,18.2,0.74,13.5,0.1,0.1,616.851,1776214869000
1776214871.401,71.401,0.27,18.2,0.26,13.5,0.37,10.0,0.42,5.0,0.63,10.0,0.58,5.0,0.73,18.2,0.74,13.5,0.1,0.1,616.868819,1776214870000
1776214872.332,72.332,0.27,18.2,0.26,13.5,0.37,10.0,0.42,5.0,0.63,10.0,0.58,5.0,0.73,18.2,0.74,13.5,0.1,0.1,616.868819,1776214871000
1776214873.844,73.844,0.27,18.2,0.26,13.5,0.37,10.0,0.42,5.0,0.63,10.0,0.58,5.0,0.73,18.2,0.74,13.5,0.1,0.1,616.868868,1776214872000
1776214874.332,74.332,0.27,18.2,0.26,13.5,0.37,10.0,0.42,5.0,0.63,10.0,0.58,5.0,0.73,18.2,0.74,13.5,0.1,0.1,616.864575,1776214873000
1776214875.23,75.23,0.32,5.0,0.31,50.0,0.41,2.75,0.45,5.0,0.59,2.75,0.55,5.0,0.68,5.0,0.69,50.0,0.09,0.09,616.866298,1776214874000
1776214876.727,76.727,0.32,5.0,0.31,50.0,0.41,2.75,0.45,5.0,0.59,2.75,0.55,5.0,0.68,5.0,0.69,50.0,0.09,0.09,616.898145,1776214875000
1776214877.372,77.372,0.32,5.0,0.31,50.0,0.41,2.75,0.45,5.0,0.59,2.75,0.55,5.0,0.68,5.0,0.69,50.0,0.09,0.09,616.957,1776214876000
1776214878.049,78.049,0.32,5.0,0.31,50.0,0.41,2.75,0.45,5.0,0.59,2.75,0.55,5.0,0.68,5.0,0.69,50.0,0.09,0.09,616.981,1776214877000
1776214879.425,79.425,0.32,5.0,0.31,50.0,0.41,2.75,0.45,5.0,0.59,2.75,0.55,5.0,0.68,5.0,0.69,50.0,0.09,0.09,616.972,1776214878000
1776214880.175,80.175,0.32,5.0,0.31,50.0,0.41,2.75,0.45,5.0,0.59,2.75,0.55,5.0,0.68,5.0,0.69,50.0,0.09,0.09,616.978,1776214879000
1776214881.519,81.519,0.32,5.0,0.31,50.0,0.41,2.75,0.45,5.0,0.59,2.75,0.55,5.0,0.68,5.0,0.69,50.0,0.09,0.09,616.98,1776214880000
1776214882.234,82.234,0.32,5.0,0.31,50.0,0.41,2.75,0.45,5.0,0.59,2.75,0.55,5.0,0.68,5.0,0.69,50.0,0.09,0.09,616.98,1776214881000
1776214883.423,83.423,0.32,5.0,0.31,50.0,0.41,2.75,0.45,5.0,0.59,2.75,0.55,5.0,0.68,5.0,0.69,50.0,0.09,0.09,616.981,1776214882000
1776214884.203,84.203,0.32,5.0,0.31,50.0,0.41,2.75,0.45,5.0,0.59,2.75,0.55,5.0,0.68,5.0,0.69,50.0,0.09,0.09,616.982,1776214883000
1776214885.992,85.992,0.32,5.0,0.31,50.0,0.41,2.75,0.45,5.0,0.59,2.75,0.55,5.0,0.68,5.0,0.69,50.0,0.09,0.09,616.981,1776214884000
1776214886.576,86.576,0.32,5.0,0.31,50.0,0.41,2.75,0.45,5.0,0.59,2.75,0.55,5.0,0.68,5.0,0.69,50.0,0.09,0.09,616.983,1776214885000
1776214886.925,86.925,0.4,10.0,0.39,10.9,0.48,7.0,0.51,11.83,0.59,2.75,0.55,5.0,0.68,5.0,0.69,50.0,0.08,0.09,616.983,1776214885000
1776214887.253,87.253,0.4,10.0,0.39,10.9,0.48,7.0,0.51,11.83,0.52,7.0,0.49,11.83,0.6,10.0,0.61,10.9,0.08,0.08,616.983,1776214886000
1776214888.287,88.287,0.4,10.0,0.39,10.9,0.48,7.0,0.51,11.83,0.52,7.0,0.49,11.83,0.6,10.0,0.61,10.9,0.08,0.08,616.989,1776214887000
1776214889.467,89.467,0.4,10.0,0.39,10.9,0.48,7.0,0.51,11.83,0.52,7.0,0.49,11.83,0.6,10.0,0.61,10.9,0.08,0.08,617.013287,1776214888000
1776214890.118,90.118,0.4,10.0,0.39,10.9,0.48,7.0,0.51,11.83,0.52,7.0,0.49,11.83,0.6,10.0,0.61,10.9,0.08,0.08,617.013287,1776214889000
1776214891.315,91.315,0.4,10.0,0.39,10.9,0.48,7.0,0.51,11.83,0.52,7.0,0.49,11.83,0.6,10.0,0.61,10.9,0.08,0.08,617.005903,1776214890000
1776214892.291,92.291,0.4,10.0,0.39,10.9,0.48,7.0,0.51,11.83,0.52,7.0,0.49,11.83,0.6,10.0,0.61,10.9,0.08,0.08,617.006336,1776214891000
1776214893.375,93.375,0.4,10.0,0.39,10.9,0.48,7.0,0.51,11.83,0.52,7.0,0.49,11.83,0.6,10.0,0.61,10.9,0.08,0.08,617.006144,1776214892000
1776214893.955,93.955,0.4,10.0,0.39,10.9,0.48,7.0,0.51,11.83,0.52,7.0,0.49,11.83,0.6,10.0,0.61,10.9,0.08,0.08,617.005545,1776214893000
1776214895.092,95.092,0.4,10.0,0.39,10.9,0.48,7.0,0.51,11.83,0.52,7.0,0.49,11.83,0.6,10.0,0.61,10.9,0.08,0.08,617.006495,1776214894000
1776214896.259,96.259,0.4,10.0,0.39,10.9,0.48,7.0,0.51,11.83,0.52,7.0,0.49,11.83,0.6,10.0,0.61,10.9,0.08,0.08,617.00647,1776214895000
1776214897.356,97.356,0.4,10.0,0.39,10.9,0.48,7.0,0.51,11.83,0.52,7.0,0.49,11.83,0.6,10.0,0.61,10.9,0.08,0.08,617.011172,1776214896000
1776214897.917,97.917,0.4,10.0,0.39,10.9,0.48,7.0,0.51,11.83,0.52,7.0,0.49,11.83,0.6,10.0,0.61,10.9,0.08,0.08,617.011172,1776214897000
1776214899.116,99.116,0.4,10.0,0.39,10.9,0.48,7.0,0.51,11.83,0.52,7.0,0.49,11.83,0.6,10.0,0.61,10.9,0.08,0.08,617.013558,1776214898000
1776214900.701,100.701,0.4,10.0,0.39,10.9,0.48,7.0,0.51,11.83,0.52,7.0,0.49,11.83,0.6,10.0,0.61,10.9,0.08,0.08,617.013446,1776214899000
1776214901.201,101.201,0.4,10.0,0.39,10.9,0.48,7.0,0.51,11.83,0.52,7.0,0.49,11.83,0.6,10.0,0.61,10.9,0.08,0.08,617.013446,1776214900000
1776214902.325,102.325,0.4,10.0,0.39,10.9,0.48,7.0,0.51,11.83,0.52,7.0,0.49,11.83,0.6,10.0,0.61,10.9,0.08,0.08,617.012839,1776214901000
1776214903.5,103.5,0.4,10.0,0.39,10.9,0.48,7.0,0.51,11.83,0.52,7.0,0.49,11.83,0.6,10.0,0.61,10.9,0.08,0.08,617.012216,1776214902000
1776214904.141,104.141,0.4,10.0,0.39,10.9,0.48,7.0,0.51,11.83,0.52,7.0,0.49,11.83,0.6,10.0,0.61,10.9,0.08,0.08,617.016248,1776214903000
1776214905.194,105.194,0.4,10.0,0.39,10.9,0.48,7.0,0.51,11.83,0.52,7.0,0.49,11.83,0.6,10.0,0.61,10.9,0.08,0.08,617.016558,1776214904000
1776214906.263,106.263,0.4,10.0,0.39,10.9,0.48,7.0,0.51,11.83,0.52,7.0,0.49,11.83,0.6,10.0,0.61,10.9,0.08,0.08,617.016393,1776214905000
1776214907.402,107.402,0.4,10.0,0.39,10.9,0.48,7.0,0.51,11.83,0.52,7.0,0.49,11.83,0.6,10.0,0.61,10.9,0.08,0.08,617.018945,1776214906000
1776214907.949,107.949,0.4,10.0,0.39,10.9,0.48,7.0,0.51,11.83,0.52,7.0,0.49,11.83,0.6,10.0,0.61,10.9,0.08,0.08,617.016533,1776214907000
1776214909.047,109.047,0.4,10.0,0.39,10.9,0.48,7.0,0.51,11.83,0.52,7.0,0.49,11.83,0.6,10.0,0.61,10.9,0.08,0.08,617.014147,1776214908000
1776214910.005,110.005,0.4,10.0,0.39,10.9,0.48,7.0,0.51,11.83,0.52,7.0,0.49,11.83,0.6,10.0,0.61,10.9,0.08,0.08,617.014123,1776214909000
1776214911.066,111.066,0.4,10.0,0.39,10.9,0.48,7.0,0.51,11.83,0.52,7.0,0.49,11.83,0.6,10.0,0.61,10.9,0.08,0.08,617.016085,1776214910000
1776214912.089,112.089,0.4,10.0,0.39,10.9,0.48,7.0,0.51,11.83,0.52,7.0,0.49,11.83,0.6,10.0,0.61,10.9,0.08,0.08,617.01605,1776214911000
1776214913.223,113.223,0.4,10.0,0.39,10.9,0.48,7.0,0.51,11.83,0.52,7.0,0.49,11.83,0.6,10.0,0.61,10.9,0.08,0.08,617.013801,1776214912000
1776214914.704,114.704,0.4,10.0,0.39,10.9,0.48,7.0,0.51,11.83,0.52,7.0,0.49,11.83,0.6,10.0,0.61,10.9,0.08,0.08,617.014383,1776214913000
1776214915.268,115.268,0.4,10.0,0.39,10.9,0.48,7.0,0.51,11.83,0.52,7.0,0.49,11.83,0.6,10.0,0.61,10.9,0.08,0.08,617.0167,1776214914000
1776214916.551,116.551,0.4,10.0,0.39,10.9,0.48,7.0,0.51,11.83,0.52,7.0,0.49,11.83,0.6,10.0,0.61,10.9,0.08,0.08,617.019554,1776214915000
1776214917.203,117.203,0.4,10.0,0.39,10.9,0.48,7.0,0.51,11.83,0.52,7.0,0.49,11.83,0.6,10.0,0.61,10.9,0.08,0.08,617.044033,1776214916000
1776214918.413,118.413,0.4,10.0,0.39,10.9,0.48,7.0,0.51,11.83,0.52,7.0,0.49,11.83,0.6,10.0,0.61,10.9,0.08,0.08,617.048923,1776214917000
1776214919.081,119.081,0.4,10.0,0.39,10.9,0.48,7.0,0.51,11.83,0.52,7.0,0.49,11.83,0.6,10.0,0.61,10.9,0.08,0.08,617.048682,1776214918000
1776214920.332,120.332,0.4,10.0,0.39,10.9,0.48,7.0,0.51,11.83,0.52,7.0,0.49,11.83,0.6,10.0,0.61,10.9,0.08,0.08,617.048676,1776214919000
1776214921.467,121.467,0.4,10.0,0.39,10.9,0.48,7.0,0.51,11.83,0.52,7.0,0.49,11.83,0.6,10.0,0.61,10.9,0.08,0.08,617.050541,1776214920000
1776214921.973,121.973,0.4,10.0,0.39,10.9,0.48,7.0,0.51,11.83,0.52,7.0,0.49,11.83,0.6,10.0,0.61,10.9,0.08,0.08,617.050538,1776214921000
1776214923.121,123.121,0.4,10.0,0.39,10.9,0.48,7.0,0.51,11.83,0.52,7.0,0.49,11.83,0.6,10.0,0.61,10.9,0.08,0.08,617.033399,1776214922000
1776214924.338,124.338,0.4,10.0,0.39,10.9,0.48,7.0,0.51,11.83,0.52,7.0,0.49,11.83,0.6,10.0,0.61,10.9,0.08,0.08,617.03843,1776214923000
1776214925.401,125.401,0.4,10.0,0.39,10.9,0.48,7.0,0.51,11.83,0.52,7.0,0.49,11.83,0.6,10.0,0.61,10.9,0.08,0.08,617.041892,1776214924000
1776214925.973,125.973,0.4,10.0,0.39,10.9,0.48,7.0,0.51,11.83,0.52,7.0,0.49,11.83,0.6,10.0,0.61,10.9,0.08,0.08,617.041922,1776214925000
1776214927.117,127.117,0.4,10.0,0.39,10.9,0.48,7.0,0.51,11.83,0.52,7.0,0.49,11.83,0.6,10.0,0.61,10.9,0.08,0.08,617.041549,1776214926000
1776214928.244,128.244,0.4,10.0,0.39,10.9,0.48,7.0,0.51,11.83,0.52,7.0,0.49,11.83,0.6,10.0,0.61,10.9,0.08,0.08,617.041912,1776214927000
1776214930.104,130.104,0.4,10.0,0.39,10.9,0.48,7.0,0.51,11.83,0.52,7.0,0.49,11.83,0.6,10.0,0.61,10.9,0.08,0.08,617.084697,1776214929000
1776214930.365,130.365,0.49,10.4,0.48,10.4,0.51,6.83,0.61,10.0,0.52,7.0,0.49,11.83,0.6,10.0,0.61,10.9,0.02,0.08,617.084697,1776214929000
1776214931.181,131.181,0.51,5.0,0.49,10.4,0.61,10.0,0.65,11.4,0.39,10.0,0.35,11.4,0.49,5.0,0.51,10.4,0.1,0.1,617.083342,1776214930000
1776214932.35,132.35,0.51,5.0,0.49,10.4,0.61,10.0,0.65,11.4,0.39,10.0,0.35,11.4,0.49,5.0,0.51,10.4,0.1,0.1,617.083342,1776214931000
1776214932.957,132.957,0.51,5.0,0.49,10.4,0.61,10.0,0.65,11.4,0.39,10.0,0.35,11.4,0.49,5.0,0.51,10.4,0.1,0.1,617.083342,1776214932000
1776214934.288,134.288,0.51,5.0,0.49,10.4,0.61,10.0,0.65,11.4,0.39,10.0,0.35,11.4,0.49,5.0,0.51,10.4,0.1,0.1,617.0836,1776214933000
1776214935.546,135.546,0.51,5.0,0.49,10.4,0.61,10.0,0.65,11.4,0.39,10.0,0.35,11.4,0.49,5.0,0.51,10.4,0.1,0.1,617.086192,1776214934000
1776214936.218,136.218,0.51,5.0,0.49,10.4,0.61,10.0,0.65,11.4,0.39,10.0,0.35,11.4,0.49,5.0,0.51,10.4,0.1,0.1,617.086405,1776214935000
1776214937.398,137.398,0.51,5.0,0.49,10.4,0.61,10.0,0.65,11.4,0.39,10.0,0.35,11.4,0.49,5.0,0.51,10.4,0.1,0.1,617.086393,1776214936000
1776214937.879,137.879,0.51,5.0,0.49,10.4,0.61,10.0,0.65,11.4,0.39,10.0,0.35,11.4,0.49,5.0,0.51,10.4,0.1,0.1,617.084854,1776214937000
1776214939.447,139.447,0.51,5.0,0.49,10.4,0.61,10.0,0.65,11.4,0.39,10.0,0.35,11.4,0.49,5.0,0.51,10.4,0.1,0.1,617.084852,1776214938000
1776214940.094,140.094,0.51,5.0,0.49,10.4,0.61,10.0,0.65,11.4,0.39,10.0,0.35,11.4,0.49,5.0,0.51,10.4,0.1,0.1,617.08479,1776214939000
1776214941.433,141.433,0.51,5.0,0.49,10.4,0.61,10.0,0.65,11.4,0.39,10.0,0.35,11.4,0.49,5.0,0.51,10.4,0.1,0.1,617.084807,1776214940000
1776214941.979,141.979,0.51,5.0,0.49,10.4,0.61,10.0,0.65,11.4,0.39,10.0,0.35,11.4,0.49,5.0,0.51,10.4,0.1,0.1,617.086073,1776214941000
1776214943.232,143.232,0.51,5.0,0.49,10.4,0.61,10.0,0.65,11.4,0.39,10.0,0.35,11.4,0.49,5.0,0.51,10.4,0.1,0.1,617.081917,1776214942000
1776214944.978,144.978,0.51,5.0,0.49,10.4,0.61,10.0,0.65,11.4,0.39,10.0,0.35,11.4,0.49,5.0,0.51,10.4,0.1,0.1,617.075783,1776214943000
1776214945.517,145.517,0.51,5.0,0.49,10.4,0.61,10.0,0.65,11.4,0.39,10.0,0.35,11.4,0.49,5.0,0.51,10.4,0.1,0.1,617.075783,1776214944000
1776214946.458,146.458,0.51,5.0,0.49,10.4,0.61,10.0,0.65,11.4,0.39,10.0,0.35,11.4,0.49,5.0,0.51,10.4,0.1,0.1,617.075714,1776214945000
1776214947.095,147.095,0.51,5.0,0.49,10.4,0.61,10.0,0.65,11.4,0.39,10.0,0.35,11.4,0.49,5.0,0.51,10.4,0.1,0.1,617.078699,1776214946000
1776214948.18,148.18,0.37,5.0,0.33,11.8,0.53,5.0,0.54,5.0,0.47,5.0,0.46,5.0,0.63,5.0,0.67,11.8,0.16,0.16,617.044414,1776214947000
1776214949.293,149.293,0.37,5.0,0.33,11.8,0.53,5.0,0.54,5.0,0.47,5.0,0.46,5.0,0.63,5.0,0.67,11.8,0.16,0.16,617.024411,1776214948000
1776214950.467,150.467,0.37,5.0,0.33,11.8,0.53,5.0,0.54,5.0,0.47,5.0,0.46,5.0,0.63,5.0,0.67,11.8,0.16,0.16,617.0155,1776214949000
1776214950.917,150.917,0.37,5.0,0.33,11.8,0.53,5.0,0.54,5.0,0.47,5.0,0.46,5.0,0.63,5.0,0.67,11.8,0.16,0.16,617.015225,1776214950000
1776214952.009,152.009,0.37,5.0,0.33,11.8,0.53,5.0,0.54,5.0,0.47,5.0,0.46,5.0,0.63,5.0,0.67,11.8,0.16,0.16,617.006618,1776214951000
1776214953.146,153.146,0.37,5.0,0.33,11.8,0.53,5.0,0.54,5.0,0.47,5.0,0.46,5.0,0.63,5.0,0.67,11.8,0.16,0.16,617.006592,1776214952000
1776214954.145,154.145,0.37,5.0,0.33,11.8,0.53,5.0,0.54,5.0,0.47,5.0,0.46,5.0,0.63,5.0,0.67,11.8,0.16,0.16,617.00671,1776214953000
1776214955.223,155.223,0.37,5.0,0.33,11.8,0.53,5.0,0.54,5.0,0.47,5.0,0.46,5.0,0.63,5.0,0.67,11.8,0.16,0.16,617.005204,1776214954000
1776214956.211,156.211,0.37,5.0,0.33,11.8,0.53,5.0,0.54,5.0,0.47,5.0,0.46,5.0,0.63,5.0,0.67,11.8,0.16,0.16,617.004995,1776214955000
1776214957.348,157.348,0.37,5.0,0.33,11.8,0.53,5.0,0.54,5.0,0.47,5.0,0.46,5.0,0.63,5.0,0.67,11.8,0.16,0.16,616.987639,1776214956000
1776214958.314,158.314,0.37,5.0,0.33,11.8,0.53,5.0,0.54,5.0,0.47,5.0,0.46,5.0,0.63,5.0,0.67,11.8,0.16,0.16,616.926,1776214957000
1776214958.848,158.848,0.37,5.0,0.33,11.8,0.53,5.0,0.54,5.0,0.47,5.0,0.46,5.0,0.63,5.0,0.67,11.8,0.16,0.16,616.947,1776214958000
1776214960.434,160.434,0.37,5.0,0.33,11.8,0.53,5.0,0.54,5.0,0.47,5.0,0.46,5.0,0.63,5.0,0.67,11.8,0.16,0.16,616.941,1776214959000
1776214961.1,161.1,0.37,5.0,0.33,11.8,0.53,5.0,0.54,5.0,0.47,5.0,0.46,5.0,0.63,5.0,0.67,11.8,0.16,0.16,616.917085,1776214960000
1776214962.139,162.139,0.37,5.0,0.33,11.8,0.53,5.0,0.54,5.0,0.47,5.0,0.46,5.0,0.63,5.0,0.67,11.8,0.16,0.16,616.842588,1776214961000
1776214963.254,163.254,0.37,5.0,0.33,11.8,0.53,5.0,0.54,5.0,0.47,5.0,0.46,5.0,0.63,5.0,0.67,11.8,0.16,0.16,616.821,1776214962000
1776214964.489,164.489,0.37,5.0,0.33,11.8,0.53,5.0,0.54,5.0,0.47,5.0,0.46,5.0,0.63,5.0,0.67,11.8,0.16,0.16,616.795758,1776214963000
1776214965.06,165.06,0.37,5.0,0.33,11.8,0.53,5.0,0.54,5.0,0.47,5.0,0.46,5.0,0.63,5.0,0.67,11.8,0.16,0.16,616.795758,1776214964000
1776214965.48,165.48,0.24,3.17,0.23,5.0,0.3,5.0,0.31,15.0,0.47,5.0,0.46,5.0,0.63,5.0,0.67,11.8,0.06,0.16,616.795758,1776214964000
1776214966.315,166.315,0.24,3.17,0.23,5.0,0.3,5.0,0.31,15.0,0.7,5.0,0.69,15.0,0.76,3.17,0.77,5.0,0.06,0.06,616.795776,1776214965000
1776214967.5,167.5,0.24,3.17,0.23,5.0,0.3,5.0,0.31,15.0,0.7,5.0,0.69,15.0,0.76,3.17,0.77,5.0,0.06,0.06,616.794764,1776214966000
1776214968.015,168.015,0.24,3.17,0.23,5.0,0.3,5.0,0.31,15.0,0.7,5.0,0.69,15.0,0.76,3.17,0.77,5.0,0.06,0.06,616.794764,1776214967000
1776214969.258,169.258,0.24,3.17,0.23,5.0,0.3,5.0,0.31,15.0,0.7,5.0,0.69,15.0,0.76,3.17,0.77,5.0,0.06,0.06,616.79732,1776214968000
1776214970.362,170.362,0.24,3.17,0.23,5.0,0.3,5.0,0.31,15.0,0.7,5.0,0.69,15.0,0.76,3.17,0.77,5.0,0.06,0.06,616.797238,1776214969000
1776214971.016,171.016,0.24,3.17,0.23,5.0,0.3,5.0,0.31,15.0,0.7,5.0,0.69,15.0,0.76,3.17,0.77,5.0,0.06,0.06,616.796717,1776214970000
1776214972.196,172.196,0.24,3.17,0.23,5.0,0.3,5.0,0.31,15.0,0.7,5.0,0.69,15.0,0.76,3.17,0.77,5.0,0.06,0.06,616.796082,1776214971000
1776214973.257,173.257,0.24,3.17,0.23,5.0,0.3,5.0,0.31,15.0,0.7,5.0,0.69,15.0,0.76,3.17,0.77,5.0,0.06,0.06,616.799119,1776214972000
1776214974.324,174.324,0.24,3.17,0.23,5.0,0.3,5.0,0.31,15.0,0.7,5.0,0.69,15.0,0.76,3.17,0.77,5.0,0.06,0.06,616.79913,1776214973000
1776214975.564,175.564,0.24,3.17,0.23,5.0,0.3,5.0,0.31,15.0,0.7,5.0,0.69,15.0,0.76,3.17,0.77,5.0,0.06,0.06,616.799119,1776214974000
1776214976.402,176.402,0.24,3.17,0.23,5.0,0.3,5.0,0.31,15.0,0.7,5.0,0.69,15.0,0.76,3.17,0.77,5.0,0.06,0.06,616.800733,1776214975000
1776214977.099,177.099,0.24,3.17,0.23,5.0,0.29,16.0,0.31,15.0,0.71,16.0,0.69,15.0,0.76,3.17,0.77,5.0,0.05,0.05,616.803583,1776214976000
1776214978.551,178.551,0.24,3.17,0.23,5.0,0.29,16.0,0.31,15.0,0.71,16.0,0.69,15.0,0.76,3.17,0.77,5.0,0.05,0.05,616.806094,1776214977000
1776214979.223,179.223,0.24,3.17,0.23,5.0,0.29,16.0,0.31,15.0,0.71,16.0,0.69,15.0,0.76,3.17,0.77,5.0,0.05,0.05,616.815131,1776214978000
1776214980.462,180.462,0.24,3.17,0.23,5.0,0.29,16.0,0.31,15.0,0.71,16.0,0.69,15.0,0.76,3.17,0.77,5.0,0.05,0.05,616.877572,1776214979000
1776214981.473,181.473,0.24,3.17,0.23,5.0,0.29,16.0,0.31,15.0,0.71,16.0,0.69,15.0,0.76,3.17,0.77,5.0,0.05,0.05,616.877572,1776214980000
1776214982.406,182.406,0.31,35.0,0.3,10.4,0.52,5.0,0.56,10.6,0.69,15.0,0.6,5.0,0.7,0.4,0.71,12.6,0.21,0.01,616.877572,1776214980000
1776214982.709,182.709,0.41,50.0,0.33,5.0,0.63,10.69,0.64,11.3,0.48,5.0,0.44,10.6,0.69,35.0,0.7,10.4,0.22,0.21,616.87313,1776214981000
1776214983.364,183.364,0.41,50.0,0.33,5.0,0.63,10.69,0.64,11.3,0.37,10.69,0.36,11.3,0.59,50.0,0.67,5.0,0.22,0.22,616.875189,1776214982000
1776214984.45,184.45,0.41,50.0,0.33,5.0,0.63,10.69,0.64,11.3,0.37,10.69,0.36,11.3,0.59,50.0,0.67,5.0,0.22,0.22,616.908028,1776214983000
1776214985.122,185.122,0.41,50.0,0.33,5.0,0.63,10.69,0.64,11.3,0.37,10.69,0.36,11.3,0.59,50.0,0.67,5.0,0.22,0.22,616.979341,1776214984000
1776214986.487,186.487,0.41,50.0,0.33,5.0,0.63,10.69,0.64,11.3,0.37,10.69,0.36,11.3,0.59,50.0,0.67,5.0,0.22,0.22,617.0229,1776214985000
1776214987.191,187.191,0.41,50.0,0.33,5.0,0.63,10.69,0.64,11.3,0.37,10.69,0.36,11.3,0.59,50.0,0.67,5.0,0.22,0.22,617.0229,1776214986000
1776214988.599,188.599,0.41,50.0,0.33,5.0,0.63,10.69,0.64,11.3,0.37,10.69,0.36,11.3,0.59,50.0,0.67,5.0,0.22,0.22,617.027486,1776214987000
1776214989.184,189.184,0.41,50.0,0.33,5.0,0.63,10.69,0.64,11.3,0.37,10.69,0.36,11.3,0.59,50.0,0.67,5.0,0.22,0.22,617.029081,1776214988000
1776214990.531,190.531,0.41,50.0,0.33,5.0,0.63,10.69,0.64,11.3,0.37,10.69,0.36,11.3,0.59,50.0,0.67,5.0,0.22,0.22,617.029081,1776214989000
1776214991.182,191.182,0.41,50.0,0.33,5.0,0.63,10.69,0.64,11.3,0.37,10.69,0.36,11.3,0.59,50.0,0.67,5.0,0.22,0.22,617.030062,1776214990000
1776214992.502,192.502,0.41,50.0,0.33,5.0,0.63,10.69,0.64,11.3,0.37,10.69,0.36,11.3,0.59,50.0,0.67,5.0,0.22,0.22,617.030075,1776214991000
1776214993.146,193.146,0.41,50.0,0.33,5.0,0.63,10.69,0.64,11.3,0.37,10.69,0.36,11.3,0.59,50.0,0.67,5.0,0.22,0.22,617.02924,1776214992000
1776214994.445,194.445,0.41,50.0,0.33,5.0,0.63,10.69,0.64,11.3,0.37,10.69,0.36,11.3,0.59,50.0,0.67,5.0,0.22,0.22,617.032822,1776214993000
1776214995.109,195.109,0.41,50.0,0.33,5.0,0.63,10.69,0.64,11.3,0.37,10.69,0.36,11.3,0.59,50.0,0.67,5.0,0.22,0.22,617.076569,1776214994000
1776214996.349,196.349,0.41,50.0,0.33,5.0,0.63,10.69,0.64,11.3,0.37,10.69,0.36,11.3,0.59,50.0,0.67,5.0,0.22,0.22,617.076348,1776214995000
1776214997.502,197.502,0.41,50.0,0.33,5.0,0.63,10.69,0.64,11.3,0.37,10.69,0.36,11.3,0.59,50.0,0.67,5.0,0.22,0.22,617.091376,1776214996000
1776214998.082,198.082,0.41,50.0,0.33,5.0,0.63,10.69,0.64,11.3,0.37,10.69,0.36,11.3,0.59,50.0,0.67,5.0,0.22,0.22,617.091482,1776214997000
1776214999.259,199.259,0.41,50.0,0.33,5.0,0.63,10.69,0.64,11.3,0.37,10.69,0.36,11.3,0.59,50.0,0.67,5.0,0.22,0.22,617.092345,1776214998000
1776215000.521,200.521,0.41,50.0,0.33,5.0,0.63,10.69,0.64,11.3,0.37,10.69,0.36,11.3,0.59,50.0,0.67,5.0,0.22,0.22,617.092768,1776214999000
1776215001.093,201.093,0.41,50.0,0.33,5.0,0.63,10.69,0.64,11.3,0.37,10.69,0.36,11.3,0.59,50.0,0.67,5.0,0.22,0.22,617.092742,1776215000000
1776215002.341,202.341,0.41,50.0,0.33,5.0,0.63,10.69,0.64,11.3,0.37,10.69,0.36,11.3,0.59,50.0,0.67,5.0,0.22,0.22,617.095678,1776215001000
1776215003.033,203.033,0.41,50.0,0.33,5.0,0.63,10.69,0.64,11.3,0.37,10.69,0.36,11.3,0.59,50.0,0.67,5.0,0.22,0.22,617.095678,1776215002000
1776215003.472,203.472,0.53,10.4,0.52,38.4,0.62,5.2,0.63,10.0,0.37,10.69,0.36,11.3,0.59,50.0,0.67,5.0,0.09,0.22,617.095678,1776215002000
1776215004.496,204.496,0.53,10.4,0.52,38.4,0.62,5.2,0.63,10.0,0.38,5.2,0.37,10.0,0.47,10.4,0.48,38.4,0.09,0.09,617.096227,1776215003000
1776215004.991,204.991,0.53,10.4,0.52,38.4,0.62,5.2,0.63,10.0,0.38,5.2,0.37,10.0,0.47,10.4,0.48,38.4,0.09,0.09,617.096236,1776215004000
1776215005.196,205.196,0.61,50.0,0.58,5.0,0.76,1.25,0.77,10.0,0.38,0.2,0.24,5.0,0.39,50.0,0.42,5.0,0.15,0.01,617.096236,1776215004000
1776215006.35,206.35,0.61,50.0,0.58,5.0,0.76,1.25,0.77,10.0,0.24,1.25,0.23,10.0,0.39,50.0,0.42,5.0,0.15,0.15,617.165039,1776215005000
1776215006.922,206.922,0.61,50.0,0.58,5.0,0.76,1.25,0.77,10.0,0.24,1.25,0.23,10.0,0.39,50.0,0.42,5.0,0.15,0.15,617.185374,1776215006000
1776215008.133,208.133,0.61,50.0,0.58,5.0,0.76,1.25,0.77,10.0,0.24,1.25,0.23,10.0,0.39,50.0,0.42,5.0,0.15,0.15,617.241,1776215007000
1776215008.998,208.998,0.72,5.0,0.71,50.0,0.77,1.14,0.89,5.0,0.24,1.25,0.23,10.0,0.39,50.0,0.42,5.0,0.05,0.15,617.241,1776215007000
1776215009.497,209.497,0.72,5.0,0.71,50.0,0.77,1.14,0.89,5.0,0.23,1.14,0.11,5.0,0.28,5.0,0.29,50.0,0.05,0.05,617.263,1776215008000
1776215010.557,210.557,0.72,5.0,0.71,50.0,0.77,1.14,0.89,5.0,0.23,1.14,0.11,5.0,0.28,5.0,0.29,50.0,0.05,0.05,617.303057,1776215009000
1776215011.164,211.164,0.72,5.0,0.71,50.0,0.77,1.14,0.89,5.0,0.23,1.14,0.11,5.0,0.28,5.0,0.29,50.0,0.05,0.05,617.332575,1776215010000
1776215012.099,212.099,0.72,5.0,0.71,50.0,0.77,1.14,0.89,5.0,0.23,1.14,0.11,5.0,0.28,5.0,0.29,50.0,0.05,0.05,617.321001,1776215011000
1776215013.202,213.202,0.72,5.0,0.71,50.0,0.77,1.14,0.89,5.0,0.23,1.14,0.11,5.0,0.28,5.0,0.29,50.0,0.05,0.05,617.321463,1776215012000
1776215014.205,214.205,0.72,5.0,0.71,50.0,0.77,1.14,0.89,5.0,0.23,1.14,0.11,5.0,0.28,5.0,0.29,50.0,0.05,0.05,617.321638,1776215013000
1776215015.191,215.191,0.72,5.0,0.71,50.0,0.77,1.14,0.89,5.0,0.23,1.14,0.11,5.0,0.28,5.0,0.29,50.0,0.05,0.05,617.321599,1776215014000
1776215016.251,216.251,0.72,5.0,0.71,50.0,0.77,1.14,0.89,5.0,0.23,1.14,0.11,5.0,0.28,5.0,0.29,50.0,0.05,0.05,617.321752,1776215015000
1776215017.276,217.276,0.72,5.0,0.71,50.0,0.77,1.14,0.89,5.0,0.23,1.14,0.11,5.0,0.28,5.0,0.29,50.0,0.05,0.05,617.321972,1776215016000
1776215018.344,218.344,0.75,13.9,0.74,13.5,0.88,24.6,0.89,26.6,0.12,24.6,0.11,26.6,0.25,13.9,0.26,13.5,0.13,0.13,617.32202,1776215017000
1776215018.899,218.899,0.75,13.9,0.74,13.5,0.88,24.6,0.89,26.6,0.12,24.6,0.11,26.6,0.25,13.9,0.26,13.5,0.13,0.13,617.32112,1776215018000
1776215019.933,219.933,0.75,13.9,0.74,13.5,0.88,24.6,0.89,26.6,0.12,24.6,0.11,26.6,0.25,13.9,0.26,13.5,0.13,0.13,617.321121,1776215019000
1776215020.355,220.355,0.72,5.0,0.69,10.0,0.91,80.8,0.92,35.29,0.12,24.6,0.11,26.6,0.25,13.9,0.26,13.5,0.19,0.13,617.321121,1776215019000
1776215020.979,220.979,0.72,5.0,0.69,10.0,0.91,80.8,0.92,35.29,0.09,80.8,0.08,35.29,0.28,5.0,0.31,10.0,0.19,0.19,617.32049,1776215020000
1776215021.964,221.964,0.72,5.0,0.69,10.0,0.91,80.8,0.92,35.29,0.09,80.8,0.08,35.29,0.28,5.0,0.31,10.0,0.19,0.19,617.221182,1776215021000
1776215023.005,223.005,0.72,5.0,0.69,10.0,0.91,80.8,0.92,35.29,0.09,80.8,0.08,35.29,0.28,5.0,0.31,10.0,0.19,0.19,617.218042,1776215022000
1776215027.929,227.929,0.72,5.0,0.69,10.0,0.91,80.8,0.92,35.29,0.09,80.8,0.08,35.29,0.28,5.0,0.31,10.0,0.19,0.19,617.211341,1776215026000
1776215028.545,228.545,0.72,5.0,0.69,10.0,0.91,80.8,0.92,35.29,0.09,80.8,0.08,35.29,0.28,5.0,0.31,10.0,0.19,0.19,617.292352,1776215027000
1776215029.089,229.089,0.72,5.0,0.69,10.0,0.91,80.8,0.92,35.29,0.09,80.8,0.08,35.29,0.28,5.0,0.31,10.0,0.19,0.19,617.278988,1776215028000
1776215030.243,230.243,0.72,5.0,0.69,10.0,0.91,80.8,0.92,35.29,0.09,80.8,0.08,35.29,0.28,5.0,0.31,10.0,0.19,0.19,617.238867,1776215029000
1776215031.349,231.349,0.72,5.0,0.69,10.0,0.91,80.8,0.92,35.29,0.09,80.8,0.08,35.29,0.28,5.0,0.31,10.0,0.19,0.19,617.196344,1776215030000
1776215031.978,231.978,0.72,5.0,0.69,10.0,0.91,80.8,0.92,35.29,0.09,80.8,0.08,35.29,0.28,5.0,0.31,10.0,0.19,0.19,617.194978,1776215031000
1776215033.063,233.063,0.72,5.0,0.69,10.0,0.91,80.8,0.92,35.29,0.09,80.8,0.08,35.29,0.28,5.0,0.31,10.0,0.19,0.19,617.19418,1776215032000
1776215034.202,234.202,0.72,5.0,0.69,10.0,0.91,80.8,0.92,35.29,0.09,80.8,0.08,35.29,0.28,5.0,0.31,10.0,0.19,0.19,617.192297,1776215033000
1776215035.322,235.322,0.72,5.0,0.69,10.0,0.91,80.8,0.92,35.29,0.09,80.8,0.08,35.29,0.28,5.0,0.31,10.0,0.19,0.19,617.141,1776215034000
1776215035.921,235.921,0.72,5.0,0.69,10.0,0.91,80.8,0.92,35.29,0.09,80.8,0.08,35.29,0.28,5.0,0.31,10.0,0.19,0.19,617.145523,1776215035000
1776215037.017,237.017,0.72,5.0,0.69,10.0,0.91,80.8,0.92,35.29,0.09,80.8,0.08,35.29,0.28,5.0,0.31,10.0,0.19,0.19,617.147869,1776215036000
1776215038.2,238.2,0.72,5.0,0.69,10.0,0.91,80.8,0.92,35.29,0.09,80.8,0.08,35.29,0.28,5.0,0.31,10.0,0.19,0.19,617.169835,1776215037000
1776215039.305,239.305,0.72,5.0,0.69,10.0,0.91,80.8,0.92,35.29,0.09,80.8,0.08,35.29,0.28,5.0,0.31,10.0,0.19,0.19,617.218,1776215038000
1776215039.836,239.836,0.72,5.0,0.69,10.0,0.91,80.8,0.92,35.29,0.09,80.8,0.08,35.29,0.28,5.0,0.31,10.0,0.19,0.19,617.184328,1776215039000
1776215040.961,240.961,0.72,5.0,0.69,10.0,0.91,80.8,0.92,35.29,0.09,80.8,0.08,35.29,0.28,5.0,0.31,10.0,0.19,0.19,617.176,1776215040000
1776215042.905,242.905,0.72,5.0,0.69,10.0,0.91,80.8,0.92,35.29,0.09,80.8,0.08,35.29,0.28,5.0,0.31,10.0,0.19,0.19,617.178,1776215041000
1776215043.512,243.512,0.72,5.0,0.69,10.0,0.91,80.8,0.92,35.29,0.09,80.8,0.08,35.29,0.28,5.0,0.31,10.0,0.19,0.19,617.178,1776215042000
1776215044.308,244.308,0.72,5.0,0.69,10.0,0.91,80.8,0.92,35.29,0.09,80.8,0.08,35.29,0.28,5.0,0.31,10.0,0.19,0.19,617.184328,1776215043000
1776215045.437,245.437,0.72,5.0,0.69,10.0,0.91,80.8,0.92,35.29,0.09,80.8,0.08,35.29,0.28,5.0,0.31,10.0,0.19,0.19,617.195,1776215044000
1776215046.173,246.173,0.72,5.0,0.69,10.0,0.91,80.8,0.92,35.29,0.09,80.8,0.08,35.29,0.28,5.0,0.31,10.0,0.19,0.19,617.202637,1776215045000
1776215047.463,247.463,0.72,5.0,0.69,10.0,0.91,80.8,0.92,35.29,0.09,80.8,0.08,35.29,0.28,5.0,0.31,10.0,0.19,0.19,617.249,1776215046000
1776215048.119,248.119,0.72,5.0,0.69,10.0,0.91,80.8,0.92,35.29,0.09,80.8,0.08,35.29,0.28,5.0,0.31,10.0,0.19,0.19,617.249,1776215047000
1776215049.412,249.412,0.72,5.0,0.69,10.0,0.91,80.8,0.92,35.29,0.09,80.8,0.08,35.29,0.28,5.0,0.31,10.0,0.19,0.19,617.240415,1776215048000
1776215050.043,250.043,0.72,5.0,0.69,10.0,0.91,80.8,0.92,35.29,0.09,80.8,0.08,35.29,0.28,5.0,0.31,10.0,0.19,0.19,617.240415,1776215049000
1776215051.122,251.122,0.72,5.0,0.69,10.0,0.91,80.8,0.92,35.29,0.09,80.8,0.08,35.29,0.28,5.0,0.31,10.0,0.19,0.19,617.241485,1776215050000
1776215052.304,252.304,0.72,5.0,0.69,10.0,0.91,80.8,0.92,35.29,0.09,80.8,0.08,35.29,0.28,5.0,0.31,10.0,0.19,0.19,617.241485,1776215051000
1776215052.968,252.968,0.72,5.0,0.69,10.0,0.91,80.8,0.92,35.29,0.09,80.8,0.08,35.29,0.28,5.0,0.31,10.0,0.19,0.19,617.241485,1776215052000
1776215053.99,253.99,0.72,5.0,0.69,10.0,0.91,80.8,0.92,35.29,0.09,80.8,0.08,35.29,0.28,5.0,0.31,10.0,0.19,0.19,617.240415,1776215053000
1776215055.183,255.183,0.72,5.0,0.69,10.0,0.91,80.8,0.92,35.29,0.09,80.8,0.08,35.29,0.28,5.0,0.31,10.0,0.19,0.19,617.240415,1776215054000
1776215056.275,256.275,0.72,5.0,0.69,10.0,0.91,80.8,0.92,35.29,0.09,80.8,0.08,35.29,0.28,5.0,0.31,10.0,0.19,0.19,617.240415,1776215055000
1776215058.404,258.404,0.72,5.0,0.69,10.0,0.91,80.8,0.92,35.29,0.09,80.8,0.08,35.29,0.28,5.0,0.31,10.0,0.19,0.19,617.240415,1776215057000
1776215059.78,259.78,0.72,5.0,0.69,10.0,0.91,80.8,0.92,35.29,0.09,80.8,0.08,35.29,0.28,5.0,0.31,10.0,0.19,0.19,617.240415,1776215058000
1776215060.429,260.429,0.72,5.0,0.69,10.0,0.91,80.8,0.92,35.29,0.09,80.8,0.08,35.29,0.28,5.0,0.31,10.0,0.19,0.19,617.240415,1776215059000
1776215061.47,261.47,0.72,5.0,0.69,10.0,0.91,80.8,0.92,35.29,0.09,80.8,0.08,35.29,0.28,5.0,0.31,10.0,0.19,0.19,617.241485,1776215060000
1776215062.129,262.129,0.72,5.0,0.69,10.0,0.91,80.8,0.92,35.29,0.09,80.8,0.08,35.29,0.28,5.0,0.31,10.0,0.19,0.19,617.240415,1776215061000
1776215063.497,263.497,0.72,5.0,0.69,10.0,0.91,80.8,0.92,35.29,0.09,80.8,0.08,35.29,0.28,5.0,0.31,10.0,0.19,0.19,617.240415,1776215062000
1776215063.844,263.844,0.88,24.6,0.87,23.0,0.97,189.24,0.98,142.69,0.09,80.8,0.08,35.29,0.28,5.0,0.31,10.0,0.09,0.19,617.240415,1776215062000
1776215064.46,264.46,0.88,24.6,0.87,23.0,0.97,189.24,0.98,142.69,0.03,189.24,0.02,142.69,0.12,24.6,0.13,23.0,0.09,0.09,617.24095,1776215063000
1776215065.353,265.353,0.88,24.6,0.87,23.0,0.97,189.24,0.98,142.69,0.03,189.24,0.02,142.69,0.12,24.6,0.13,23.0,0.09,0.09,617.241485,1776215064000
1776215065.998,265.998,0.88,24.6,0.87,23.0,0.97,189.24,0.98,142.69,0.03,189.24,0.02,142.69,0.12,24.6,0.13,23.0,0.09,0.09,617.241485,1776215065000
1776215067.707,267.707,0.88,24.6,0.87,23.0,0.97,189.24,0.98,142.69,0.03,189.24,0.02,142.69,0.12,24.6,0.13,23.0,0.09,0.09,617.241485,1776215066000
1776215068.504,268.504,0.88,24.6,0.87,23.0,0.97,189.24,0.98,142.69,0.03,189.24,0.02,142.69,0.12,24.6,0.13,23.0,0.09,0.09,617.241485,1776215067000
1776215069.363,269.363,0.88,24.6,0.87,23.0,0.97,189.24,0.98,142.69,0.03,189.24,0.02,142.69,0.12,24.6,0.13,23.0,0.09,0.09,617.241485,1776215068000
1776215070.046,270.046,0.88,24.6,0.87,23.0,0.97,189.24,0.98,142.69,0.03,189.24,0.02,142.69,0.12,24.6,0.13,23.0,0.09,0.09,617.241485,1776215069000
1776215071.124,271.124,0.91,31.7,0.9,28.9,0.97,94.89,0.98,142.69,0.03,189.24,0.02,142.69,0.12,24.6,0.13,23.0,0.06,0.09,617.241485,1776215069000
1776215071.7,271.7,0.91,31.7,0.9,28.9,0.97,94.89,0.98,142.69,0.03,94.89,0.02,142.69,0.09,31.7,0.1,28.9,0.06,0.06,617.241485,1776215070000
1776215072.499,272.499,0.91,31.7,0.9,28.9,0.97,94.89,0.98,142.69,0.03,94.89,0.02,142.69,0.09,31.7,0.1,28.9,0.06,0.06,617.241485,1776215071000
1776215072.748,272.748,0.92,35.29,0.91,31.7,0.97,74.27,0.98,142.69,0.03,94.89,0.02,142.69,0.09,31.7,0.1,28.9,0.05,0.06,617.241485,1776215071000
1776215073.338,273.338,0.92,35.29,0.91,31.7,0.97,74.27,0.98,142.69,0.03,74.27,0.02,142.69,0.08,35.29,0.09,31.7,0.05,0.05,617.241485,1776215072000
1776215074.234,274.234,0.92,35.29,0.91,31.7,0.97,74.27,0.98,142.69,0.03,74.27,0.02,142.69,0.08,35.29,0.09,31.7,0.05,0.05,617.241485,1776215073000
1776215075.868,275.868,0.92,35.29,0.91,31.7,0.97,74.27,0.98,142.69,0.03,74.27,0.02,142.69,0.08,35.29,0.09,31.7,0.05,0.05,617.243214,1776215074000
1776215076.635,276.635,0.92,35.29,0.91,31.7,0.97,74.27,0.98,142.69,0.03,74.27,0.02,142.69,0.08,35.29,0.09,31.7,0.05,0.05,617.243133,1776215075000
1776215077.515,277.515,0.92,35.29,0.91,31.7,0.97,74.27,0.98,142.69,0.03,74.27,0.02,142.69,0.08,35.29,0.09,31.7,0.05,0.05,617.242349,1776215076000
1776215078.261,278.261,0.92,35.29,0.91,31.7,0.97,74.27,0.98,142.69,0.03,74.27,0.02,142.69,0.08,35.29,0.09,31.7,0.05,0.05,617.241928,1776215077000
1776215080.296,280.296,0.92,35.29,0.91,31.7,0.97,74.27,0.98,142.69,0.03,74.27,0.02,142.69,0.08,35.29,0.09,31.7,0.05,0.05,617.244063,1776215079000
1776215081.583,281.583,0.96,10.0,0.82,10.0,0.97,68.27,0.98,10.0,0.03,74.27,0.02,142.69,0.08,35.29,0.09,31.7,0.01,0.05,617.244063,1776215079000
1776215081.892,281.892,0.96,10.0,0.82,10.0,0.97,68.27,0.98,10.0,0.03,68.27,0.02,10.0,0.04,10.0,0.18,10.0,0.01,0.01,617.244066,1776215080000
1776215082.553,282.553,0.96,15.0,0.81,50.0,0.97,34.27,0.98,10.0,0.03,34.27,0.02,10.0,0.04,15.0,0.19,50.0,0.01,0.01,617.296008,1776215081000
1776215083.26,283.26,0.96,15.0,0.81,50.0,0.97,34.27,0.98,10.0,0.03,34.27,0.02,10.0,0.04,15.0,0.19,50.0,0.01,0.01,617.296008,1776215082000
1776215083.781,283.781,0.96,15.0,0.81,50.0,0.97,34.16,0.98,10.0,0.03,34.27,0.02,10.0,0.04,15.0,0.19,50.0,0.01,0.01,617.296008,1776215082000
1776215084.592,284.592,0.96,15.0,0.81,50.0,0.97,34.16,0.98,10.0,0.03,34.16,0.02,10.0,0.04,15.0,0.19,50.0,0.01,0.01,617.307638,1776215083000
1776215085.348,285.348,0.96,15.0,0.81,50.0,0.97,34.16,0.98,10.0,0.03,34.16,0.02,10.0,0.04,15.0,0.19,50.0,0.01,0.01,617.302194,1776215084000
1776215086.724,286.724,0.96,15.0,0.81,50.0,0.97,34.16,0.98,10.0,0.03,34.16,0.02,10.0,0.04,15.0,0.19,50.0,0.01,0.01,617.303789,1776215085000
1776215087.378,287.378,0.96,15.0,0.81,50.0,0.97,34.16,0.98,10.0,0.03,34.16,0.02,10.0,0.04,15.0,0.19,50.0,0.01,0.01,617.303789,1776215086000
1776215088.232,288.232,0.96,15.0,0.81,50.0,0.97,34.16,0.98,10.0,0.03,34.16,0.02,10.0,0.04,15.0,0.19,50.0,0.01,0.01,617.304911,1776215087000
1776215089.629,289.629,0.96,15.0,0.81,50.0,0.97,34.16,0.98,10.0,0.03,34.16,0.02,10.0,0.04,15.0,0.19,50.0,0.01,0.01,617.311684,1776215088000
1776215090.358,290.358,0.96,15.0,0.81,50.0,0.97,34.16,0.98,10.0,0.03,34.16,0.02,10.0,0.04,15.0,0.19,50.0,0.01,0.01,617.272622,1776215089000
1776215091.002,291.002,0.96,15.0,0.81,50.0,0.97,34.16,0.98,10.0,0.03,34.16,0.02,10.0,0.04,15.0,0.19,50.0,0.01,0.01,617.255346,1776215090000
1776215092.326,292.326,0.96,15.0,0.81,50.0,0.97,34.16,0.98,10.0,0.03,34.16,0.02,10.0,0.04,15.0,0.19,50.0,0.01,0.01,617.255346,1776215091000
1776215093.012,293.012,0.96,15.0,0.81,50.0,0.97,34.16,0.98,10.0,0.03,34.16,0.02,10.0,0.04,15.0,0.19,50.0,0.01,0.01,617.255346,1776215092000
1776215094.326,294.326,0.96,15.0,0.81,50.0,0.97,34.16,0.98,10.0,0.03,34.16,0.02,10.0,0.04,15.0,0.19,50.0,0.01,0.01,617.255346,1776215093000
1776215095.008,295.008,0.96,15.0,0.81,50.0,0.97,29.16,0.98,10.0,0.03,29.16,0.02,10.0,0.04,15.0,0.19,50.0,0.01,0.01,617.255346,1776215094000
1776215095.53,295.53,0.96,15.0,0.81,50.0,0.97,26.09,0.98,10.0,0.03,29.16,0.02,10.0,0.04,15.0,0.19,50.0,0.01,0.01,617.255346,1776215094000
1776215095.964,295.964,0.96,15.0,0.81,50.0,0.97,3.86,0.98,10.0,0.03,26.09,0.02,10.0,0.04,15.0,0.19,50.0,0.01,0.01,617.255346,1776215094000
1776215096.346,296.346,0.96,15.0,0.81,50.0,0.99,95.0,,,0.01,95.0,,,0.04,15.0,0.19,50.0,0.03,0.03,617.255346,1776215095000
1776215096.58,296.58,0.96,15.0,0.81,50.0,0.99,72.55,,,0.01,93.89,,,0.04,15.0,0.19,50.0,0.03,0.03,617.255346,1776215095000
1776215097.059,297.059,0.96,15.0,0.81,50.0,0.99,72.55,,,0.01,72.55,,,0.04,15.0,0.19,50.0,0.03,0.03,617.255346,1776215096000
1776215097.314,297.314,0.96,15.0,0.81,50.0,0.99,67.49,,,0.01,72.55,,,0.04,15.0,0.19,50.0,0.03,0.03,617.255346,1776215096000
1776215097.592,297.592,0.96,10.0,0.81,50.0,0.99,41.35,,,0.01,64.35,,,0.04,15.0,0.19,50.0,0.03,0.03,617.255346,1776215096000
1776215097.877,297.877,0.96,10.0,0.81,50.0,0.99,31.35,,,0.01,41.35,,,0.04,10.0,0.19,50.0,0.03,0.03,617.255346,1776215096000
1776215098.078,298.078,0.96,10.0,0.81,50.0,0.99,15.27,,,0.01,25.27,,,0.04,10.0,0.19,50.0,0.03,0.03,617.255346,1776215097000
1776215098.445,298.445,0.96,10.0,0.81,50.0,0.99,9.16,,,0.01,10.27,,,0.04,10.0,0.19,50.0,0.03,0.03,617.255346,1776215097000
1776215099.017,299.017,0.99,133.71,0.96,10.0,,,,,,,,,0.04,10.0,0.19,50.0,,,617.255346,1776215097000
1776215100.037,300.037,0.99,133.71,0.96,10.0,,,,,,,,,0.01,133.71,0.04,10.0,,,617.255346,1776215099000
1776215100.933,300.933,0.99,133.71,0.96,10.0,,,,,,,,,0.01,133.71,0.04,10.0,,,617.255346,1776215100000
1776215101.842,301.842,0.99,133.71,0.96,10.0,,,,,,,,,0.01,133.71,0.04,10.0,,,617.255346,1776215101000
1776215102.868,302.868,0.99,133.71,0.96,10.0,,,,,,,,,0.01,133.71,0.04,10.0,,,617.255346,1776215102000

# RESULT,winner=Up,slug=bnb-updown-5m-1776214800,ticks=323
