timestamp,elapsed_sec,up_bid_p1,up_bid_s1,up_bid_p2,up_bid_s2,up_ask_p1,up_ask_s1,up_ask_p2,up_ask_s2,down_bid_p1,down_bid_s1,down_bid_p2,down_bid_s2,down_ask_p1,down_ask_s1,down_ask_p2,down_ask_s2,up_spread,down_spread,bnb_price,bnb_oracle_ts
1776232511.091,11.091,,,,,,,,,,,,,,,,,,,613.624454,1776232510000
1776232511.364,11.364,0.5,5.0,0.49,5.0,0.59,6.0,0.6,10.0,0.41,6.0,0.4,10.0,0.5,5.0,0.51,5.0,0.09,0.09,613.624454,1776232510000
1776232511.678,11.678,0.5,5.0,0.49,5.0,0.59,6.0,0.6,10.0,0.41,6.0,0.4,10.0,0.5,5.0,0.51,5.0,0.09,0.09,613.624454,1776232510000
1776232512.399,12.399,0.5,5.0,0.49,5.0,0.59,6.0,0.6,10.0,0.41,6.0,0.4,10.0,0.5,5.0,0.51,5.0,0.09,0.09,613.6307,1776232511000
1776232513.002,13.002,0.5,5.0,0.49,5.0,0.59,6.0,0.6,10.0,0.41,6.0,0.4,10.0,0.5,5.0,0.51,5.0,0.09,0.09,613.634813,1776232512000
1776232514.456,14.456,0.5,5.0,0.49,5.0,0.59,6.0,0.6,10.0,0.41,6.0,0.4,10.0,0.5,5.0,0.51,5.0,0.09,0.09,613.64767,1776232513000
1776232515.064,15.064,0.5,5.0,0.49,5.0,0.59,6.0,0.6,10.0,0.41,6.0,0.4,10.0,0.5,5.0,0.51,5.0,0.09,0.09,613.64888,1776232514000
1776232516.319,16.319,0.5,5.0,0.49,5.0,0.59,6.0,0.6,10.0,0.41,6.0,0.4,10.0,0.5,5.0,0.51,5.0,0.09,0.09,613.64957,1776232515000
1776232516.962,16.962,0.5,5.0,0.49,5.0,0.59,6.0,0.6,10.0,0.41,6.0,0.4,10.0,0.5,5.0,0.51,5.0,0.09,0.09,613.66701,1776232516000
1776232518.419,18.419,0.5,5.0,0.49,5.0,0.59,6.0,0.6,10.0,0.41,6.0,0.4,10.0,0.5,5.0,0.51,5.0,0.09,0.09,613.676944,1776232517000
1776232518.911,18.911,0.5,5.0,0.49,5.0,0.59,6.0,0.6,10.0,0.41,6.0,0.4,10.0,0.5,5.0,0.51,5.0,0.09,0.09,613.707935,1776232518000
1776232519.916,19.916,0.5,5.0,0.49,5.0,0.59,6.0,0.6,10.0,0.41,6.0,0.4,10.0,0.5,5.0,0.51,5.0,0.09,0.09,613.699,1776232519000
1776232520.878,20.878,0.5,5.0,0.49,5.0,0.59,6.0,0.6,10.0,0.41,6.0,0.4,10.0,0.5,5.0,0.51,5.0,0.09,0.09,613.704,1776232520000
1776232521.94,21.94,0.5,5.0,0.49,5.0,0.59,6.0,0.6,10.0,0.41,6.0,0.4,10.0,0.5,5.0,0.51,5.0,0.09,0.09,613.70461,1776232521000
1776232522.88,22.88,0.5,5.0,0.49,5.0,0.59,6.0,0.6,10.0,0.41,6.0,0.4,10.0,0.5,5.0,0.51,5.0,0.09,0.09,613.70955,1776232522000
1776232523.897,23.897,0.5,5.0,0.49,5.0,0.59,6.0,0.6,10.0,0.41,6.0,0.4,10.0,0.5,5.0,0.51,5.0,0.09,0.09,613.70946,1776232523000
1776232524.876,24.876,0.5,5.0,0.49,5.0,0.59,6.0,0.6,10.0,0.41,6.0,0.4,10.0,0.5,5.0,0.51,5.0,0.09,0.09,613.690513,1776232524000
1776232525.898,25.898,0.5,5.0,0.49,5.0,0.59,6.0,0.6,10.0,0.41,6.0,0.4,10.0,0.5,5.0,0.51,5.0,0.09,0.09,613.70082,1776232525000
1776232526.97,26.97,0.5,5.0,0.49,5.0,0.59,6.0,0.6,10.0,0.41,6.0,0.4,10.0,0.5,5.0,0.51,5.0,0.09,0.09,613.705537,1776232526000
1776232527.879,27.879,0.5,5.0,0.49,5.0,0.59,6.0,0.6,10.0,0.41,6.0,0.4,10.0,0.5,5.0,0.51,5.0,0.09,0.09,613.699517,1776232527000
1776232528.877,28.877,0.5,5.0,0.49,5.0,0.59,6.0,0.6,10.0,0.41,6.0,0.4,10.0,0.5,5.0,0.51,5.0,0.09,0.09,613.720317,1776232528000
1776232529.892,29.892,0.5,5.0,0.49,5.0,0.59,6.0,0.6,10.0,0.41,6.0,0.4,10.0,0.5,5.0,0.51,5.0,0.09,0.09,613.746014,1776232529000
1776232531.052,31.052,0.5,5.0,0.49,5.0,0.59,6.0,0.6,10.0,0.41,6.0,0.4,10.0,0.5,5.0,0.51,5.0,0.09,0.09,613.746806,1776232530000
1776232532.167,32.167,0.5,5.0,0.49,5.0,0.59,6.0,0.6,10.0,0.41,6.0,0.4,10.0,0.5,5.0,0.51,5.0,0.09,0.09,613.698897,1776232531000
1776232533.373,33.373,0.5,5.0,0.49,5.0,0.59,6.0,0.6,10.0,0.41,6.0,0.4,10.0,0.5,5.0,0.51,5.0,0.09,0.09,613.699197,1776232532000
1776232534.286,34.286,0.5,5.0,0.49,5.0,0.59,6.0,0.6,10.0,0.41,6.0,0.4,10.0,0.5,5.0,0.51,5.0,0.09,0.09,613.755,1776232533000
1776232534.858,34.858,0.5,5.0,0.49,5.0,0.59,6.0,0.6,10.0,0.41,6.0,0.4,10.0,0.5,5.0,0.51,5.0,0.09,0.09,613.755,1776232534000
1776232535.699,35.699,0.58,6.0,0.57,5.0,0.67,2.53,0.71,50.0,0.41,6.0,0.4,10.0,0.5,5.0,0.51,5.0,0.09,0.09,613.755,1776232534000
1776232535.997,35.997,0.58,6.0,0.57,5.0,0.67,2.53,0.71,50.0,0.33,2.53,0.29,50.0,0.42,6.0,0.43,5.0,0.09,0.09,613.757,1776232535000
1776232537.044,37.044,0.58,6.0,0.57,5.0,0.67,2.53,0.71,50.0,0.33,2.53,0.29,50.0,0.42,6.0,0.43,5.0,0.09,0.09,613.752,1776232536000
1776232538.15,38.15,0.58,6.0,0.57,5.0,0.67,2.53,0.71,50.0,0.33,2.53,0.29,50.0,0.42,6.0,0.43,5.0,0.09,0.09,613.72943,1776232537000
1776232539.348,39.348,0.58,6.0,0.57,5.0,0.67,2.53,0.71,50.0,0.33,2.53,0.29,50.0,0.42,6.0,0.43,5.0,0.09,0.09,613.707666,1776232538000
1776232540.34,40.34,0.58,6.0,0.57,5.0,0.67,2.53,0.71,50.0,0.33,2.53,0.29,50.0,0.42,6.0,0.43,5.0,0.09,0.09,613.707441,1776232539000
1776232540.908,40.908,0.58,6.0,0.57,5.0,0.67,2.53,0.71,50.0,0.33,2.53,0.29,50.0,0.42,6.0,0.43,5.0,0.09,0.09,613.707441,1776232540000
1776232542.013,42.013,0.58,6.0,0.57,5.0,0.67,2.53,0.71,50.0,0.33,2.53,0.29,50.0,0.42,6.0,0.43,5.0,0.09,0.09,613.72125,1776232541000
1776232543.083,43.083,0.58,6.0,0.57,5.0,0.67,2.53,0.71,50.0,0.33,2.53,0.29,50.0,0.42,6.0,0.43,5.0,0.09,0.09,613.72457,1776232542000
1776232544.225,44.225,0.58,6.0,0.57,5.0,0.67,2.53,0.71,50.0,0.33,2.53,0.29,50.0,0.42,6.0,0.43,5.0,0.09,0.09,613.678452,1776232543000
1776232545.313,45.313,0.58,6.0,0.57,5.0,0.67,2.53,0.71,50.0,0.33,2.53,0.29,50.0,0.42,6.0,0.43,5.0,0.09,0.09,613.675696,1776232544000
1776232545.827,45.827,0.58,6.0,0.57,5.0,0.67,2.53,0.71,50.0,0.33,2.53,0.29,50.0,0.42,6.0,0.43,5.0,0.09,0.09,613.711013,1776232545000
1776232547.236,47.236,0.58,6.0,0.57,5.0,0.67,2.53,0.71,50.0,0.33,2.53,0.29,50.0,0.42,6.0,0.43,5.0,0.09,0.09,613.733,1776232546000
1776232547.575,47.575,0.59,6.0,0.58,5.0,0.73,5.0,0.74,5.0,0.33,2.53,0.29,50.0,0.42,6.0,0.43,5.0,0.14,0.09,613.733,1776232546000
1776232548.23,48.23,0.59,6.0,0.58,5.0,0.73,5.0,0.74,5.0,0.27,5.0,0.26,5.0,0.41,6.0,0.42,5.0,0.14,0.14,613.733,1776232547000
1776232549.304,49.304,0.59,6.0,0.58,5.0,0.73,5.0,0.74,5.0,0.27,5.0,0.26,5.0,0.41,6.0,0.42,5.0,0.14,0.14,613.732,1776232548000
1776232550.269,50.269,0.59,6.0,0.58,5.0,0.73,5.0,0.74,5.0,0.27,5.0,0.26,5.0,0.41,6.0,0.42,5.0,0.14,0.14,613.74888,1776232549000
1776232551.204,51.204,0.59,6.0,0.58,5.0,0.73,5.0,0.74,5.0,0.27,5.0,0.26,5.0,0.41,6.0,0.42,5.0,0.14,0.14,613.73921,1776232550000
1776232552.259,52.259,0.59,6.0,0.58,5.0,0.73,5.0,0.74,5.0,0.27,5.0,0.26,5.0,0.41,6.0,0.42,5.0,0.14,0.14,613.72784,1776232551000
1776232553.194,53.194,0.59,6.0,0.58,5.0,0.73,5.0,0.74,5.0,0.27,5.0,0.26,5.0,0.41,6.0,0.42,5.0,0.14,0.14,613.72881,1776232552000
1776232554.216,54.216,0.69,11.0,0.68,10.0,0.81,47.66,0.82,11.0,0.19,47.66,0.18,11.0,0.31,11.0,0.32,10.0,0.12,0.12,613.720011,1776232553000
1776232555.172,55.172,0.69,11.0,0.68,10.0,0.81,47.66,0.82,11.0,0.19,47.66,0.18,11.0,0.31,11.0,0.32,10.0,0.12,0.12,613.796,1776232554000
1776232556.144,56.144,0.69,11.0,0.68,10.0,0.81,47.66,0.82,11.0,0.19,47.66,0.18,11.0,0.31,11.0,0.32,10.0,0.12,0.12,613.81062,1776232555000
1776232557.122,57.122,0.69,11.0,0.68,10.0,0.81,47.66,0.82,11.0,0.19,47.66,0.18,11.0,0.31,11.0,0.32,10.0,0.12,0.12,613.81166,1776232556000
1776232558.138,58.138,0.69,11.0,0.68,10.0,0.81,47.66,0.82,11.0,0.19,47.66,0.18,11.0,0.31,11.0,0.32,10.0,0.12,0.12,613.81856,1776232557000
1776232559.226,59.226,0.69,11.0,0.68,10.0,0.81,47.66,0.82,11.0,0.19,47.66,0.18,11.0,0.31,11.0,0.32,10.0,0.12,0.12,613.81821,1776232558000
1776232560.3,60.3,0.69,11.0,0.68,10.0,0.81,47.66,0.82,11.0,0.19,47.66,0.18,11.0,0.31,11.0,0.32,10.0,0.12,0.12,613.822616,1776232559000
1776232560.848,60.848,0.69,11.0,0.68,10.0,0.81,47.66,0.82,11.0,0.19,47.66,0.18,11.0,0.31,11.0,0.32,10.0,0.12,0.12,613.82824,1776232560000
1776232561.316,61.316,0.36,0.35,0.35,5.0,0.51,50.0,0.65,10.0,0.19,47.66,0.18,11.0,0.31,11.0,0.32,10.0,0.15,0.12,613.82824,1776232560000
1776232561.811,61.811,0.36,0.35,0.35,5.0,0.46,6.0,0.47,5.0,0.49,50.0,0.39,50.0,0.68,6.81,0.69,18.65,0.1,0.19,613.82824,1776232560000
1776232563.001,63.001,0.32,3.17,0.31,68.65,0.46,6.0,0.47,5.0,0.54,6.0,0.53,5.0,0.68,3.17,0.69,68.65,0.14,0.14,613.528078,1776232562000
1776232564.015,64.015,0.32,3.17,0.31,68.65,0.46,6.0,0.47,5.0,0.54,6.0,0.53,5.0,0.68,3.17,0.69,68.65,0.14,0.14,613.507502,1776232563000
1776232565.07,65.07,0.32,3.17,0.31,68.65,0.46,6.0,0.47,5.0,0.54,6.0,0.53,5.0,0.68,3.17,0.69,68.65,0.14,0.14,613.495803,1776232564000
1776232566.156,66.156,0.32,3.17,0.31,68.65,0.46,6.0,0.47,5.0,0.54,6.0,0.53,5.0,0.68,3.17,0.69,68.65,0.14,0.14,613.497868,1776232565000
1776232567.169,67.169,0.32,3.17,0.31,68.65,0.46,6.0,0.47,5.0,0.54,6.0,0.53,5.0,0.68,3.17,0.69,68.65,0.14,0.14,613.468697,1776232566000
1776232568.216,68.216,0.32,3.17,0.31,68.65,0.46,6.0,0.47,5.0,0.54,6.0,0.53,5.0,0.68,3.17,0.69,68.65,0.14,0.14,613.401857,1776232567000
1776232569.26,69.26,0.32,3.17,0.31,68.65,0.46,6.0,0.47,5.0,0.54,6.0,0.53,5.0,0.68,3.17,0.69,68.65,0.14,0.14,613.40177,1776232568000
1776232570.372,70.372,0.32,3.17,0.31,68.65,0.46,6.0,0.47,5.0,0.54,6.0,0.53,5.0,0.68,3.17,0.69,68.65,0.14,0.14,613.40693,1776232569000
1776232570.892,70.892,0.32,3.17,0.31,68.65,0.46,6.0,0.47,5.0,0.54,6.0,0.53,5.0,0.68,3.17,0.69,68.65,0.14,0.14,613.40669,1776232570000
1776232572.465,72.465,0.32,3.17,0.31,68.65,0.46,6.0,0.47,5.0,0.54,6.0,0.53,5.0,0.68,3.17,0.69,68.65,0.14,0.14,613.40632,1776232571000
1776232573.852,73.852,0.32,3.17,0.31,68.65,0.46,6.0,0.47,5.0,0.54,6.0,0.53,5.0,0.68,3.17,0.69,68.65,0.14,0.14,613.40638,1776232572000
1776232574.419,74.419,0.32,3.17,0.31,68.65,0.46,6.0,0.47,5.0,0.54,6.0,0.53,5.0,0.68,3.17,0.69,68.65,0.14,0.14,613.43179,1776232573000
1776232575.003,75.003,0.32,3.17,0.31,68.65,0.46,6.0,0.47,5.0,0.54,6.0,0.53,5.0,0.68,3.17,0.69,68.65,0.14,0.14,613.43258,1776232574000
1776232576.545,76.545,0.32,3.17,0.31,68.65,0.46,6.0,0.47,5.0,0.54,6.0,0.53,5.0,0.68,3.17,0.69,68.65,0.14,0.14,613.43315,1776232575000
1776232582.691,82.691,0.31,50.0,0.29,10.0,0.35,1.0,0.4,5.0,0.54,6.0,0.53,5.0,0.68,3.17,0.69,68.65,0.04,0.14,613.43315,1776232575000
1776232584.594,84.594,0.31,50.0,0.29,10.0,0.35,1.0,0.4,5.0,0.65,1.0,0.6,5.0,0.69,50.0,0.71,10.0,0.04,0.04,613.46488,1776232583000
1776232585.476,85.476,0.31,50.0,0.29,10.0,0.35,1.0,0.4,5.0,0.65,1.0,0.6,5.0,0.69,50.0,0.71,10.0,0.04,0.04,613.49154,1776232584000
1776232586.38,86.38,0.31,50.0,0.29,10.0,0.35,1.0,0.4,5.0,0.65,1.0,0.6,5.0,0.69,50.0,0.71,10.0,0.04,0.04,613.49123,1776232585000
1776232586.913,86.913,0.31,50.0,0.29,10.0,0.35,1.0,0.4,5.0,0.65,1.0,0.6,5.0,0.69,50.0,0.71,10.0,0.04,0.04,613.49272,1776232586000
1776232588.385,88.385,0.31,50.0,0.29,10.0,0.35,1.0,0.4,5.0,0.65,1.0,0.6,5.0,0.69,50.0,0.71,10.0,0.04,0.04,613.48542,1776232587000
1776232589.024,89.024,0.31,50.0,0.29,10.0,0.35,1.0,0.4,5.0,0.65,1.0,0.6,5.0,0.69,50.0,0.71,10.0,0.04,0.04,613.47701,1776232588000
1776232590.095,90.095,0.31,50.0,0.29,10.0,0.35,1.0,0.4,5.0,0.65,1.0,0.6,5.0,0.69,50.0,0.71,10.0,0.04,0.04,613.48053,1776232589000
1776232591.102,91.102,0.31,50.0,0.29,10.0,0.35,1.0,0.4,5.0,0.65,1.0,0.6,5.0,0.69,50.0,0.71,10.0,0.04,0.04,613.469773,1776232590000
1776232592.155,92.155,0.31,50.0,0.29,10.0,0.35,1.0,0.4,5.0,0.65,1.0,0.6,5.0,0.69,50.0,0.71,10.0,0.04,0.04,613.469809,1776232591000
1776232593.088,93.088,0.31,50.0,0.29,10.0,0.35,1.0,0.4,5.0,0.65,1.0,0.6,5.0,0.69,50.0,0.71,10.0,0.04,0.04,613.47272,1776232592000
1776232594.11,94.11,0.31,50.0,0.29,10.0,0.35,1.0,0.4,5.0,0.65,1.0,0.6,5.0,0.69,50.0,0.71,10.0,0.04,0.04,613.49247,1776232593000
1776232595.185,95.185,0.31,50.0,0.29,10.0,0.35,1.0,0.4,5.0,0.65,1.0,0.6,5.0,0.69,50.0,0.71,10.0,0.04,0.04,613.47504,1776232594000
1776232596.2,96.2,0.31,50.0,0.29,10.0,0.35,1.0,0.4,5.0,0.65,1.0,0.6,5.0,0.69,50.0,0.71,10.0,0.04,0.04,613.47607,1776232595000
1776232597.126,97.126,0.31,50.0,0.29,10.0,0.35,1.0,0.4,5.0,0.65,1.0,0.6,5.0,0.69,50.0,0.71,10.0,0.04,0.04,613.47512,1776232596000
1776232598.116,98.116,0.31,50.0,0.29,10.0,0.35,1.0,0.4,5.0,0.65,1.0,0.6,5.0,0.69,50.0,0.71,10.0,0.04,0.04,613.47433,1776232597000
1776232599.078,99.078,0.31,50.0,0.29,10.0,0.35,1.0,0.4,5.0,0.65,1.0,0.6,5.0,0.69,50.0,0.71,10.0,0.04,0.04,613.47698,1776232598000
1776232600.103,100.103,0.31,50.0,0.29,10.0,0.35,1.0,0.4,5.0,0.65,1.0,0.6,5.0,0.69,50.0,0.71,10.0,0.04,0.04,613.47706,1776232599000
1776232601.218,101.218,0.31,50.0,0.29,10.0,0.35,1.0,0.4,5.0,0.65,1.0,0.6,5.0,0.69,50.0,0.71,10.0,0.04,0.04,613.48214,1776232600000
1776232602.129,102.129,0.31,50.0,0.29,10.0,0.35,1.0,0.4,5.0,0.65,1.0,0.6,5.0,0.69,50.0,0.71,10.0,0.04,0.04,613.48168,1776232601000
1776232603.157,103.157,0.31,50.0,0.29,10.0,0.35,1.0,0.4,5.0,0.65,1.0,0.6,5.0,0.69,50.0,0.71,10.0,0.04,0.04,613.48168,1776232602000
1776232604.126,104.126,0.31,50.0,0.29,10.0,0.35,1.0,0.4,5.0,0.65,1.0,0.6,5.0,0.69,50.0,0.71,10.0,0.04,0.04,613.48834,1776232603000
1776232605.162,105.162,0.31,50.0,0.29,10.0,0.35,1.0,0.4,5.0,0.65,1.0,0.6,5.0,0.69,50.0,0.71,10.0,0.04,0.04,613.49069,1776232604000
1776232606.25,106.25,0.31,50.0,0.29,10.0,0.35,1.0,0.4,5.0,0.65,1.0,0.6,5.0,0.69,50.0,0.71,10.0,0.04,0.04,613.50351,1776232605000
1776232607.173,107.173,0.31,50.0,0.29,10.0,0.35,1.0,0.4,5.0,0.65,1.0,0.6,5.0,0.69,50.0,0.71,10.0,0.04,0.04,613.49987,1776232606000
1776232608.119,108.119,0.31,50.0,0.29,10.0,0.35,1.0,0.4,5.0,0.65,1.0,0.6,5.0,0.69,50.0,0.71,10.0,0.04,0.04,613.47938,1776232607000
1776232609.121,109.121,0.31,50.0,0.29,10.0,0.35,1.0,0.4,5.0,0.65,1.0,0.6,5.0,0.69,50.0,0.71,10.0,0.04,0.04,613.478924,1776232608000
1776232610.124,110.124,0.31,50.0,0.29,10.0,0.35,1.0,0.4,5.0,0.65,1.0,0.6,5.0,0.69,50.0,0.71,10.0,0.04,0.04,613.48194,1776232609000
1776232611.144,111.144,0.31,50.0,0.29,10.0,0.35,1.0,0.4,5.0,0.65,1.0,0.6,5.0,0.69,50.0,0.71,10.0,0.04,0.04,613.482942,1776232610000
1776232612.261,112.261,0.31,50.0,0.29,10.0,0.35,1.0,0.4,5.0,0.65,1.0,0.6,5.0,0.69,50.0,0.71,10.0,0.04,0.04,613.50019,1776232611000
1776232613.2,113.2,0.31,50.0,0.29,10.0,0.35,1.0,0.4,5.0,0.65,1.0,0.6,5.0,0.69,50.0,0.71,10.0,0.04,0.04,613.49797,1776232612000
1776232614.202,114.202,0.31,50.0,0.29,10.0,0.35,1.0,0.4,5.0,0.65,1.0,0.6,5.0,0.69,50.0,0.71,10.0,0.04,0.04,613.49621,1776232613000
1776232615.228,115.228,0.31,50.0,0.29,10.0,0.35,1.0,0.4,5.0,0.65,1.0,0.6,5.0,0.69,50.0,0.71,10.0,0.04,0.04,613.49257,1776232614000
1776232616.197,116.197,0.31,50.0,0.29,10.0,0.35,1.0,0.4,5.0,0.65,1.0,0.6,5.0,0.69,50.0,0.71,10.0,0.04,0.04,613.48181,1776232615000
1776232617.253,117.253,0.31,50.0,0.29,10.0,0.35,1.0,0.4,5.0,0.65,1.0,0.6,5.0,0.69,50.0,0.71,10.0,0.04,0.04,613.48181,1776232616000
1776232618.171,118.171,0.31,50.0,0.29,10.0,0.35,1.0,0.4,5.0,0.65,1.0,0.6,5.0,0.69,50.0,0.71,10.0,0.04,0.04,613.483609,1776232617000
1776232619.171,119.171,0.31,50.0,0.29,10.0,0.35,1.0,0.4,5.0,0.65,1.0,0.6,5.0,0.69,50.0,0.71,10.0,0.04,0.04,613.480079,1776232618000
1776232620.135,120.135,0.31,50.0,0.29,10.0,0.35,1.0,0.4,5.0,0.65,1.0,0.6,5.0,0.69,50.0,0.71,10.0,0.04,0.04,613.48764,1776232619000
1776232621.152,121.152,0.31,50.0,0.29,10.0,0.35,1.0,0.4,5.0,0.65,1.0,0.6,5.0,0.69,50.0,0.71,10.0,0.04,0.04,613.48718,1776232620000
1776232622.088,122.088,0.31,50.0,0.29,10.0,0.35,1.0,0.4,5.0,0.65,1.0,0.6,5.0,0.69,50.0,0.71,10.0,0.04,0.04,613.48566,1776232621000
1776232623.108,123.108,0.31,50.0,0.29,10.0,0.35,1.0,0.4,5.0,0.65,1.0,0.6,5.0,0.69,50.0,0.71,10.0,0.04,0.04,613.49423,1776232622000
1776232624.112,124.112,0.31,50.0,0.29,10.0,0.35,1.0,0.4,5.0,0.65,1.0,0.6,5.0,0.69,50.0,0.71,10.0,0.04,0.04,613.572781,1776232623000
1776232625.039,125.039,0.31,50.0,0.29,10.0,0.35,1.0,0.4,5.0,0.65,1.0,0.6,5.0,0.69,50.0,0.71,10.0,0.04,0.04,613.572781,1776232624000
1776232626.027,126.027,0.31,50.0,0.29,10.0,0.35,1.0,0.4,5.0,0.65,1.0,0.6,5.0,0.69,50.0,0.71,10.0,0.04,0.04,613.586286,1776232625000
1776232627.042,127.042,0.31,50.0,0.29,10.0,0.35,1.0,0.4,5.0,0.65,1.0,0.6,5.0,0.69,50.0,0.71,10.0,0.04,0.04,613.586382,1776232626000
1776232628.759,128.759,0.31,50.0,0.29,10.0,0.35,1.0,0.4,5.0,0.65,1.0,0.6,5.0,0.69,50.0,0.71,10.0,0.04,0.04,613.587347,1776232627000
1776232629.808,129.808,0.31,50.0,0.29,10.0,0.35,1.0,0.4,5.0,0.65,1.0,0.6,5.0,0.69,50.0,0.71,10.0,0.04,0.04,613.587728,1776232628000
1776232630.344,130.344,0.31,50.0,0.29,10.0,0.35,1.0,0.4,5.0,0.65,1.0,0.6,5.0,0.69,50.0,0.71,10.0,0.04,0.04,613.579828,1776232629000
1776232630.926,130.926,0.31,50.0,0.29,10.0,0.35,1.0,0.4,5.0,0.65,1.0,0.6,5.0,0.69,50.0,0.71,10.0,0.04,0.04,613.576616,1776232630000
1776232632.159,132.159,0.31,50.0,0.29,10.0,0.35,1.0,0.4,5.0,0.65,1.0,0.6,5.0,0.69,50.0,0.71,10.0,0.04,0.04,613.578492,1776232631000
1776232633.638,133.638,0.31,50.0,0.29,10.0,0.35,1.0,0.4,5.0,0.65,1.0,0.6,5.0,0.69,50.0,0.71,10.0,0.04,0.04,613.6,1776232632000
1776232634.235,134.235,0.31,50.0,0.29,10.0,0.35,1.0,0.4,5.0,0.65,1.0,0.6,5.0,0.69,50.0,0.71,10.0,0.04,0.04,613.587,1776232633000
1776232635.713,135.713,0.31,50.0,0.29,10.0,0.35,1.0,0.4,5.0,0.65,1.0,0.6,5.0,0.69,50.0,0.71,10.0,0.04,0.04,613.5832,1776232634000
1776232636.222,136.222,0.31,50.0,0.29,10.0,0.35,1.0,0.4,5.0,0.65,1.0,0.6,5.0,0.69,50.0,0.71,10.0,0.04,0.04,613.581864,1776232635000
1776232637.548,137.548,0.31,50.0,0.29,10.0,0.35,1.0,0.4,5.0,0.65,1.0,0.6,5.0,0.69,50.0,0.71,10.0,0.04,0.04,613.58162,1776232636000
1776232638.306,138.306,0.31,50.0,0.29,10.0,0.35,1.0,0.4,5.0,0.65,1.0,0.6,5.0,0.69,50.0,0.71,10.0,0.04,0.04,613.577739,1776232637000
1776232639.426,139.426,0.31,50.0,0.29,10.0,0.35,1.0,0.4,5.0,0.65,1.0,0.6,5.0,0.69,50.0,0.71,10.0,0.04,0.04,613.572,1776232638000
1776232640.076,140.076,0.31,50.0,0.29,10.0,0.35,1.0,0.4,5.0,0.65,1.0,0.6,5.0,0.69,50.0,0.71,10.0,0.04,0.04,613.583665,1776232639000
1776232641.285,141.285,0.31,50.0,0.29,10.0,0.35,1.0,0.4,5.0,0.65,1.0,0.6,5.0,0.69,50.0,0.71,10.0,0.04,0.04,613.583665,1776232640000
1776232642.731,142.731,0.31,50.0,0.29,10.0,0.35,1.0,0.4,5.0,0.65,1.0,0.6,5.0,0.69,50.0,0.71,10.0,0.04,0.04,613.587128,1776232641000
1776232643.276,143.276,0.31,50.0,0.29,10.0,0.35,1.0,0.4,5.0,0.65,1.0,0.6,5.0,0.69,50.0,0.71,10.0,0.04,0.04,613.587128,1776232642000
1776232644.641,144.641,0.31,50.0,0.29,10.0,0.35,1.0,0.4,5.0,0.65,1.0,0.6,5.0,0.69,50.0,0.71,10.0,0.04,0.04,613.598,1776232643000
1776232645.239,145.239,0.31,50.0,0.29,10.0,0.35,1.0,0.4,5.0,0.65,1.0,0.6,5.0,0.69,50.0,0.71,10.0,0.04,0.04,613.598,1776232644000
1776232646.214,146.214,0.31,50.0,0.29,10.0,0.35,1.0,0.4,5.0,0.65,1.0,0.6,5.0,0.69,50.0,0.71,10.0,0.04,0.04,613.589137,1776232645000
1776232647.756,147.756,0.31,50.0,0.29,10.0,0.35,1.0,0.4,5.0,0.65,1.0,0.6,5.0,0.69,50.0,0.71,10.0,0.04,0.04,613.592,1776232646000
1776232648.298,148.298,0.31,50.0,0.29,10.0,0.35,1.0,0.4,5.0,0.65,1.0,0.6,5.0,0.69,50.0,0.71,10.0,0.04,0.04,613.593,1776232647000
1776232649.444,149.444,0.31,50.0,0.29,10.0,0.35,1.0,0.4,5.0,0.65,1.0,0.6,5.0,0.69,50.0,0.71,10.0,0.04,0.04,613.59,1776232648000
1776232650.024,150.024,0.31,50.0,0.29,10.0,0.35,1.0,0.4,5.0,0.65,1.0,0.6,5.0,0.69,50.0,0.71,10.0,0.04,0.04,613.589,1776232649000
1776232651.449,151.449,0.31,50.0,0.29,10.0,0.35,1.0,0.4,5.0,0.65,1.0,0.6,5.0,0.69,50.0,0.71,10.0,0.04,0.04,613.620306,1776232650000
1776232651.957,151.957,0.31,50.0,0.29,10.0,0.35,1.0,0.4,5.0,0.65,1.0,0.6,5.0,0.69,50.0,0.71,10.0,0.04,0.04,613.62032,1776232651000
1776232653.194,153.194,0.31,50.0,0.29,10.0,0.35,1.0,0.4,5.0,0.65,1.0,0.6,5.0,0.69,50.0,0.71,10.0,0.04,0.04,613.62182,1776232652000
1776232654.322,154.322,0.31,50.0,0.29,10.0,0.35,1.0,0.4,5.0,0.65,1.0,0.6,5.0,0.69,50.0,0.71,10.0,0.04,0.04,613.621869,1776232653000
1776232655.578,155.578,0.31,50.0,0.29,10.0,0.35,1.0,0.4,5.0,0.65,1.0,0.6,5.0,0.69,50.0,0.71,10.0,0.04,0.04,613.617,1776232654000
1776232656.143,156.143,0.31,50.0,0.29,10.0,0.35,1.0,0.4,5.0,0.65,1.0,0.6,5.0,0.69,50.0,0.71,10.0,0.04,0.04,613.617,1776232655000
1776232657.243,157.243,0.31,50.0,0.29,10.0,0.35,1.0,0.4,5.0,0.65,1.0,0.6,5.0,0.69,50.0,0.71,10.0,0.04,0.04,613.60992,1776232656000
1776232658.42,158.42,0.31,50.0,0.29,10.0,0.35,1.0,0.4,5.0,0.65,1.0,0.6,5.0,0.69,50.0,0.71,10.0,0.04,0.04,613.617956,1776232657000
1776232659.041,159.041,0.31,50.0,0.29,10.0,0.35,1.0,0.4,5.0,0.65,1.0,0.6,5.0,0.69,50.0,0.71,10.0,0.04,0.04,613.617956,1776232658000
1776232660.245,160.245,0.31,50.0,0.29,10.0,0.35,1.0,0.4,5.0,0.65,1.0,0.6,5.0,0.69,50.0,0.71,10.0,0.04,0.04,613.616577,1776232659000
1776232661.962,161.962,0.31,50.0,0.29,10.0,0.35,1.0,0.4,5.0,0.65,1.0,0.6,5.0,0.69,50.0,0.71,10.0,0.04,0.04,613.615837,1776232660000
1776232662.458,162.458,0.31,50.0,0.29,10.0,0.35,1.0,0.4,5.0,0.65,1.0,0.6,5.0,0.69,50.0,0.71,10.0,0.04,0.04,613.6265,1776232661000
1776232662.984,162.984,0.31,50.0,0.29,10.0,0.35,1.0,0.4,5.0,0.65,1.0,0.6,5.0,0.69,50.0,0.71,10.0,0.04,0.04,613.627328,1776232662000
1776232664.408,164.408,0.7,26.0,0.66,5.0,0.81,0.99,0.82,5.0,0.19,0.99,0.18,5.0,0.3,26.0,0.34,5.0,0.11,0.11,613.671,1776232663000
1776232665.012,165.012,0.71,1.06,0.7,11.0,0.81,0.99,0.82,5.0,0.19,0.99,0.18,5.0,0.29,1.06,0.3,11.0,0.1,0.1,613.772049,1776232664000
1776232666.341,166.341,0.71,1.06,0.7,11.0,0.81,0.99,0.82,5.0,0.19,0.99,0.18,5.0,0.29,1.06,0.3,11.0,0.1,0.1,613.8383,1776232665000
1776232667.601,167.601,0.71,1.06,0.7,11.0,0.81,0.99,0.82,5.0,0.19,0.99,0.18,5.0,0.29,1.06,0.3,11.0,0.1,0.1,613.81998,1776232666000
1776232668.408,168.408,0.71,1.06,0.7,11.0,0.81,0.99,0.82,5.0,0.19,0.99,0.18,5.0,0.29,1.06,0.3,11.0,0.1,0.1,613.81998,1776232667000
1776232669.113,169.113,0.71,1.06,0.7,11.0,0.81,0.99,0.82,5.0,0.19,0.99,0.18,5.0,0.29,1.06,0.3,11.0,0.1,0.1,613.84243,1776232668000
1776232670.42,170.42,0.71,1.06,0.7,11.0,0.81,0.99,0.82,5.0,0.19,0.99,0.18,5.0,0.29,1.06,0.3,11.0,0.1,0.1,613.87248,1776232669000
1776232670.99,170.99,0.71,1.06,0.7,11.0,0.81,0.99,0.82,5.0,0.19,0.99,0.18,5.0,0.29,1.06,0.3,11.0,0.1,0.1,613.87506,1776232670000
1776232672.464,172.464,0.71,1.06,0.7,11.0,0.81,0.99,0.82,5.0,0.19,0.99,0.18,5.0,0.29,1.06,0.3,11.0,0.1,0.1,613.84522,1776232671000
1776232672.99,172.99,0.71,1.06,0.7,11.0,0.81,0.99,0.82,5.0,0.19,0.99,0.18,5.0,0.29,1.06,0.3,11.0,0.1,0.1,613.8508,1776232672000
1776232674.303,174.303,0.71,1.06,0.7,11.0,0.81,0.99,0.82,5.0,0.19,0.99,0.18,5.0,0.29,1.06,0.3,11.0,0.1,0.1,613.84,1776232673000
1776232675.317,175.317,0.61,8.0,0.56,10.6,0.71,40.0,0.73,5.0,0.19,0.99,0.18,5.0,0.29,1.06,0.3,11.0,0.1,0.1,613.84,1776232673000
1776232676.132,176.132,0.61,8.0,0.56,10.6,0.71,40.0,0.73,5.0,0.29,40.0,0.27,5.0,0.39,8.0,0.44,10.6,0.1,0.1,613.833,1776232675000
1776232677.46,177.46,0.61,8.0,0.56,10.6,0.71,40.0,0.73,5.0,0.29,40.0,0.27,5.0,0.39,8.0,0.44,10.6,0.1,0.1,613.763254,1776232676000
1776232678.685,178.685,0.61,8.0,0.56,10.6,0.71,40.0,0.73,5.0,0.29,40.0,0.27,5.0,0.39,8.0,0.44,10.6,0.1,0.1,613.75534,1776232677000
1776232679.17,179.17,0.61,8.0,0.56,10.6,0.71,40.0,0.73,5.0,0.29,40.0,0.27,5.0,0.39,8.0,0.44,10.6,0.1,0.1,613.754,1776232678000
1776232680.281,180.281,0.61,8.0,0.56,10.6,0.71,40.0,0.73,5.0,0.29,40.0,0.27,5.0,0.39,8.0,0.44,10.6,0.1,0.1,613.746,1776232679000
1776232681.384,181.384,0.61,8.0,0.56,10.6,0.71,40.0,0.73,5.0,0.29,40.0,0.27,5.0,0.39,8.0,0.44,10.6,0.1,0.1,613.743,1776232680000
1776232681.872,181.872,0.61,8.0,0.56,10.6,0.71,40.0,0.73,5.0,0.29,40.0,0.27,5.0,0.39,8.0,0.44,10.6,0.1,0.1,613.743,1776232681000
1776232682.98,182.98,0.61,8.0,0.56,10.6,0.71,40.0,0.73,5.0,0.29,40.0,0.27,5.0,0.39,8.0,0.44,10.6,0.1,0.1,613.741,1776232682000
1776232683.931,183.931,0.61,8.0,0.56,10.6,0.71,40.0,0.73,5.0,0.29,40.0,0.27,5.0,0.39,8.0,0.44,10.6,0.1,0.1,613.74,1776232683000
1776232685.011,185.011,0.61,8.0,0.56,10.6,0.71,40.0,0.73,5.0,0.29,40.0,0.27,5.0,0.39,8.0,0.44,10.6,0.1,0.1,613.74,1776232684000
1776232686.001,186.001,0.61,8.0,0.56,10.6,0.71,40.0,0.73,5.0,0.29,40.0,0.27,5.0,0.39,8.0,0.44,10.6,0.1,0.1,613.741,1776232685000
1776232687.116,187.116,0.61,8.0,0.56,10.6,0.71,40.0,0.73,5.0,0.29,40.0,0.27,5.0,0.39,8.0,0.44,10.6,0.1,0.1,613.742,1776232686000
1776232688.203,188.203,0.61,8.0,0.56,10.6,0.71,40.0,0.73,5.0,0.29,40.0,0.27,5.0,0.39,8.0,0.44,10.6,0.1,0.1,613.707252,1776232687000
1776232689.232,189.232,0.61,8.0,0.56,10.6,0.71,40.0,0.73,5.0,0.29,40.0,0.27,5.0,0.39,8.0,0.44,10.6,0.1,0.1,613.708356,1776232688000
1776232690.235,190.235,0.61,8.0,0.56,10.6,0.71,40.0,0.73,5.0,0.29,40.0,0.27,5.0,0.39,8.0,0.44,10.6,0.1,0.1,613.708604,1776232689000
1776232691.149,191.149,0.61,8.0,0.56,10.6,0.71,40.0,0.73,5.0,0.29,40.0,0.27,5.0,0.39,8.0,0.44,10.6,0.1,0.1,613.711299,1776232690000
1776232692.389,192.389,0.61,8.0,0.56,10.6,0.71,40.0,0.73,5.0,0.29,40.0,0.27,5.0,0.39,8.0,0.44,10.6,0.1,0.1,613.710282,1776232691000
1776232692.988,192.988,0.67,11.8,0.66,11.6,0.8,14.2,0.81,66.89,0.29,40.0,0.27,5.0,0.39,8.0,0.44,10.6,0.13,0.1,613.710282,1776232691000
1776232693.994,193.994,0.67,11.8,0.66,11.6,0.8,14.2,0.81,66.89,0.2,14.2,0.19,66.89,0.33,11.8,0.34,11.6,0.13,0.13,613.710143,1776232692000
1776232694.831,194.831,0.67,11.8,0.66,11.6,0.8,14.2,0.81,66.89,0.2,14.2,0.19,66.89,0.33,11.8,0.34,11.6,0.13,0.13,613.708283,1776232693000
1776232695.527,195.527,0.67,11.8,0.66,11.6,0.8,14.2,0.81,66.89,0.2,14.2,0.19,66.89,0.33,11.8,0.34,11.6,0.13,0.13,613.707032,1776232694000
1776232696.452,196.452,0.67,11.8,0.66,11.6,0.8,14.2,0.81,66.89,0.2,14.2,0.19,66.89,0.33,11.8,0.34,11.6,0.13,0.13,613.707032,1776232695000
1776232697.239,197.239,0.67,11.8,0.66,11.6,0.8,14.2,0.81,66.89,0.2,14.2,0.19,66.89,0.33,11.8,0.34,11.6,0.13,0.13,613.706608,1776232696000
1776232698.729,198.729,0.67,11.8,0.66,11.6,0.8,14.2,0.81,66.89,0.2,14.2,0.19,66.89,0.33,11.8,0.34,11.6,0.13,0.13,613.70824,1776232697000
1776232699.585,199.585,0.67,11.8,0.66,11.6,0.8,14.2,0.81,66.89,0.2,14.2,0.19,66.89,0.33,11.8,0.34,11.6,0.13,0.13,613.704404,1776232698000
1776232700.375,200.375,0.67,11.8,0.66,11.6,0.8,14.2,0.81,66.89,0.2,14.2,0.19,66.89,0.33,11.8,0.34,11.6,0.13,0.13,613.704404,1776232699000
1776232701.124,201.124,0.67,11.8,0.66,11.6,0.8,14.2,0.81,66.89,0.2,14.2,0.19,66.89,0.33,11.8,0.34,11.6,0.13,0.13,613.703949,1776232700000
1776232702.618,202.618,0.67,11.8,0.66,11.6,0.8,14.2,0.81,66.89,0.2,14.2,0.19,66.89,0.33,11.8,0.34,11.6,0.13,0.13,613.70494,1776232701000
1776232703.451,203.451,0.67,11.8,0.66,11.6,0.8,14.2,0.81,66.89,0.2,14.2,0.19,66.89,0.33,11.8,0.34,11.6,0.13,0.13,613.708887,1776232702000
1776232704.093,204.093,0.67,11.8,0.66,11.6,0.8,14.2,0.81,66.89,0.2,14.2,0.19,66.89,0.33,11.8,0.34,11.6,0.13,0.13,613.708887,1776232703000
1776232705.549,205.549,0.67,11.8,0.66,11.6,0.8,14.2,0.81,66.89,0.2,14.2,0.19,66.89,0.33,11.8,0.34,11.6,0.13,0.13,613.708928,1776232704000
1776232706.227,206.227,0.67,11.8,0.66,11.6,0.8,14.2,0.81,66.89,0.2,14.2,0.19,66.89,0.33,11.8,0.34,11.6,0.13,0.13,613.709121,1776232705000
1776232707.828,207.828,0.67,11.8,0.66,11.6,0.8,14.2,0.81,66.89,0.2,14.2,0.19,66.89,0.33,11.8,0.34,11.6,0.13,0.13,613.707703,1776232706000
1776232708.625,208.625,0.67,11.8,0.66,11.6,0.8,14.2,0.81,66.89,0.2,14.2,0.19,66.89,0.33,11.8,0.34,11.6,0.13,0.13,613.707713,1776232707000
1776232709.428,209.428,0.67,11.8,0.66,11.6,0.8,14.2,0.81,66.89,0.2,14.2,0.19,66.89,0.33,11.8,0.34,11.6,0.13,0.13,613.707759,1776232708000
1776232710.264,210.264,0.67,11.8,0.66,11.6,0.8,14.2,0.81,66.89,0.2,14.2,0.19,66.89,0.33,11.8,0.34,11.6,0.13,0.13,613.707759,1776232709000
1776232711.941,211.941,0.67,11.8,0.66,11.6,0.8,14.2,0.81,66.89,0.2,14.2,0.19,66.89,0.33,11.8,0.34,11.6,0.13,0.13,613.751,1776232710000
1776232713.195,213.195,0.68,12.9,0.67,11.8,0.8,16.2,0.81,66.89,0.2,14.2,0.19,66.89,0.33,11.8,0.34,11.6,0.12,0.13,613.751,1776232710000
1776232713.757,213.757,0.68,12.9,0.67,11.8,0.8,16.2,0.81,66.89,0.2,16.2,0.19,66.89,0.32,12.9,0.33,11.8,0.12,0.12,613.763,1776232712000
1776232714.24,214.24,0.69,2.41,0.64,11.3,0.81,50.0,0.86,21.6,0.2,16.2,0.19,66.89,0.32,12.9,0.33,11.8,0.12,0.12,613.763,1776232712000
1776232715.117,215.117,0.69,2.41,0.64,11.3,0.81,50.0,0.86,21.6,0.19,50.0,0.14,21.6,0.31,2.41,0.36,11.3,0.12,0.12,613.744,1776232714000
1776232715.979,215.979,0.69,2.41,0.64,11.3,0.81,50.0,0.86,21.6,0.19,50.0,0.14,21.6,0.31,2.41,0.36,11.3,0.12,0.12,613.735,1776232715000
1776232717.444,217.444,0.69,2.41,0.64,11.3,0.81,50.0,0.86,21.6,0.19,50.0,0.14,21.6,0.31,2.41,0.36,11.3,0.12,0.12,613.705,1776232716000
1776232718.202,218.202,0.69,2.41,0.64,11.3,0.81,50.0,0.86,21.6,0.19,50.0,0.14,21.6,0.31,2.41,0.36,11.3,0.12,0.12,613.705,1776232717000
1776232718.997,218.997,0.61,10.0,0.6,10.8,0.78,5.15,0.79,15.7,0.19,50.0,0.14,21.6,0.31,2.41,0.36,11.3,0.17,0.12,613.705,1776232717000
1776232719.644,219.644,0.61,10.0,0.6,10.8,0.78,5.15,0.79,15.7,0.22,5.15,0.21,15.7,0.39,10.0,0.4,10.8,0.17,0.17,613.692925,1776232718000
1776232720.48,220.48,0.61,10.0,0.6,10.8,0.78,5.15,0.79,15.7,0.22,5.15,0.21,15.7,0.39,10.0,0.4,10.8,0.17,0.17,613.693164,1776232719000
1776232721.13,221.13,0.61,10.0,0.6,10.8,0.78,5.15,0.79,15.7,0.22,5.15,0.21,15.7,0.39,10.0,0.4,10.8,0.17,0.17,613.693164,1776232720000
1776232722.718,222.718,0.61,10.0,0.6,10.8,0.78,5.15,0.79,15.7,0.22,5.15,0.21,15.7,0.39,10.0,0.4,10.8,0.17,0.17,613.693203,1776232721000
1776232723.294,223.294,0.61,10.0,0.6,10.8,0.78,5.15,0.79,15.7,0.22,5.15,0.21,15.7,0.39,10.0,0.4,10.8,0.17,0.17,613.692916,1776232722000
1776232724.645,224.645,0.61,10.0,0.6,10.8,0.78,5.15,0.79,15.7,0.22,5.15,0.21,15.7,0.39,10.0,0.4,10.8,0.17,0.17,613.67907,1776232723000
1776232725.378,225.378,0.61,10.0,0.6,10.8,0.78,5.15,0.79,15.7,0.22,5.15,0.21,15.7,0.39,10.0,0.4,10.8,0.17,0.17,613.67907,1776232724000
1776232725.951,225.951,0.61,10.0,0.6,10.8,0.78,5.15,0.79,15.7,0.22,5.15,0.21,15.7,0.39,10.0,0.4,10.8,0.17,0.17,613.67907,1776232725000
1776232727.4,227.4,0.61,10.0,0.6,10.8,0.78,5.15,0.79,15.7,0.22,5.15,0.21,15.7,0.39,10.0,0.4,10.8,0.17,0.17,613.675044,1776232726000
1776232727.97,227.97,0.61,10.0,0.6,10.8,0.78,5.15,0.79,15.7,0.22,5.15,0.21,15.7,0.39,10.0,0.4,10.8,0.17,0.17,613.660929,1776232727000
1776232729.415,229.415,0.61,10.0,0.6,10.8,0.78,5.15,0.79,15.7,0.22,5.15,0.21,15.7,0.39,10.0,0.4,10.8,0.17,0.17,613.660929,1776232728000
1776232729.906,229.906,0.61,10.0,0.6,10.8,0.78,5.15,0.79,15.7,0.22,5.15,0.21,15.7,0.39,10.0,0.4,10.8,0.17,0.17,613.660927,1776232729000
1776232732.049,232.049,0.61,10.0,0.6,10.8,0.78,5.15,0.79,15.7,0.22,5.15,0.21,15.7,0.39,10.0,0.4,10.8,0.17,0.17,613.657752,1776232730000
1776232732.521,232.521,0.61,10.0,0.6,10.8,0.78,5.15,0.79,15.7,0.22,5.15,0.21,15.7,0.39,10.0,0.4,10.8,0.17,0.17,613.658341,1776232731000
1776232733.334,233.334,0.61,10.0,0.6,10.8,0.78,5.15,0.79,15.7,0.22,5.15,0.21,15.7,0.39,10.0,0.4,10.8,0.17,0.17,613.658403,1776232732000
1776232733.991,233.991,0.61,10.0,0.6,10.8,0.78,5.15,0.79,15.7,0.22,5.15,0.21,15.7,0.39,10.0,0.4,10.8,0.17,0.17,613.658313,1776232733000
1776232735.021,235.021,0.61,10.0,0.6,10.8,0.78,5.15,0.79,15.7,0.22,5.15,0.21,15.7,0.39,10.0,0.4,10.8,0.17,0.17,613.658314,1776232734000
1776232736.121,236.121,0.61,10.0,0.6,10.8,0.78,5.15,0.79,15.7,0.22,5.15,0.21,15.7,0.39,10.0,0.4,10.8,0.17,0.17,613.665524,1776232735000
1776232737.27,237.27,0.61,10.0,0.6,10.8,0.78,5.15,0.79,15.7,0.22,5.15,0.21,15.7,0.39,10.0,0.4,10.8,0.17,0.17,613.688392,1776232736000
1776232738.353,238.353,0.61,10.0,0.6,10.8,0.78,5.15,0.79,15.7,0.22,5.15,0.21,15.7,0.39,10.0,0.4,10.8,0.17,0.17,613.698,1776232737000
1776232738.942,238.942,0.61,10.0,0.6,10.8,0.78,5.15,0.79,15.7,0.22,5.15,0.21,15.7,0.39,10.0,0.4,10.8,0.17,0.17,613.6845,1776232738000
1776232740.102,240.102,0.61,10.0,0.6,10.8,0.78,5.15,0.79,15.7,0.22,5.15,0.21,15.7,0.39,10.0,0.4,10.8,0.17,0.17,613.70559,1776232739000
1776232741.204,241.204,0.61,10.0,0.6,10.8,0.78,5.15,0.79,15.7,0.22,5.15,0.21,15.7,0.39,10.0,0.4,10.8,0.17,0.17,613.70571,1776232740000
1776232742.35,242.35,0.61,10.0,0.6,10.8,0.78,5.15,0.79,15.7,0.22,5.15,0.21,15.7,0.39,10.0,0.4,10.8,0.17,0.17,613.70338,1776232741000
1776232742.906,242.906,0.61,10.0,0.6,10.8,0.78,5.15,0.79,15.7,0.22,5.15,0.21,15.7,0.39,10.0,0.4,10.8,0.17,0.17,613.70546,1776232742000
1776232743.7,243.7,0.41,44.96,0.31,50.0,0.7,5.0,0.71,50.0,0.22,5.15,0.21,15.7,0.39,10.0,0.4,10.8,0.29,0.17,613.70546,1776232742000
1776232744.002,244.002,0.52,7.45,0.51,70.0,0.53,10.0,0.72,12.9,0.3,5.0,0.29,50.0,0.59,34.88,0.69,50.0,0.01,0.29,613.70546,1776232742000
1776232745.284,245.284,0.59,5.0,0.52,7.45,0.72,12.9,0.73,13.2,0.28,12.9,0.27,13.2,0.41,5.0,0.48,7.45,0.13,0.13,613.69434,1776232744000
1776232746.383,246.383,0.59,5.0,0.52,7.45,0.72,12.9,0.73,13.2,0.28,12.9,0.27,13.2,0.41,5.0,0.48,7.45,0.13,0.13,613.71736,1776232745000
1776232747.773,247.773,0.59,5.0,0.52,7.45,0.72,12.9,0.73,13.2,0.28,12.9,0.27,13.2,0.41,5.0,0.48,7.45,0.13,0.13,613.70136,1776232746000
1776232748.241,248.241,0.59,4.72,0.51,50.0,0.8,16.2,0.81,66.89,0.2,16.2,0.19,66.89,0.41,4.72,0.49,50.0,0.21,0.21,613.70132,1776232747000
1776232749.409,249.409,0.59,4.72,0.51,50.0,0.8,16.2,0.81,66.89,0.2,16.2,0.19,66.89,0.41,4.72,0.49,50.0,0.21,0.21,613.70682,1776232748000
1776232749.935,249.935,0.59,4.72,0.51,50.0,0.8,16.2,0.81,66.89,0.2,16.2,0.19,66.89,0.41,4.72,0.49,50.0,0.21,0.21,613.70682,1776232749000
1776232751.083,251.083,0.59,4.72,0.51,50.0,0.8,16.2,0.81,66.89,0.2,16.2,0.19,66.89,0.41,4.72,0.49,50.0,0.21,0.21,613.7066,1776232750000
1776232752.157,252.157,0.59,4.72,0.51,50.0,0.8,16.2,0.81,66.89,0.2,16.2,0.19,66.89,0.41,4.72,0.49,50.0,0.21,0.21,613.7038,1776232751000
1776232753.22,253.22,0.59,4.72,0.51,50.0,0.8,16.2,0.81,66.89,0.2,16.2,0.19,66.89,0.41,4.72,0.49,50.0,0.21,0.21,613.737,1776232752000
1776232754.326,254.326,0.59,4.72,0.51,50.0,0.8,16.2,0.81,66.89,0.2,16.2,0.19,66.89,0.41,4.72,0.49,50.0,0.21,0.21,613.68789,1776232753000
1776232754.978,254.978,0.59,4.72,0.51,50.0,0.8,16.2,0.81,66.89,0.2,16.2,0.19,66.89,0.41,4.72,0.49,50.0,0.21,0.21,613.687465,1776232754000
1776232756.059,256.059,0.59,4.72,0.51,50.0,0.8,16.2,0.81,66.89,0.2,16.2,0.19,66.89,0.41,4.72,0.49,50.0,0.21,0.21,613.68685,1776232755000
1776232757.206,257.206,0.59,4.72,0.51,50.0,0.8,16.2,0.81,66.89,0.2,16.2,0.19,66.89,0.41,4.72,0.49,50.0,0.21,0.21,613.68242,1776232756000
1776232758.26,258.26,0.59,4.72,0.51,50.0,0.8,16.2,0.81,66.89,0.2,16.2,0.19,66.89,0.41,4.72,0.49,50.0,0.21,0.21,613.68191,1776232757000
1776232759.423,259.423,0.59,4.72,0.51,50.0,0.8,16.2,0.81,66.89,0.2,16.2,0.19,66.89,0.41,4.72,0.49,50.0,0.21,0.21,613.67866,1776232758000
1776232760.001,260.001,0.59,4.72,0.51,50.0,0.8,16.2,0.81,66.89,0.2,16.2,0.19,66.89,0.41,4.72,0.49,50.0,0.21,0.21,613.67686,1776232759000
1776232761.095,261.095,0.59,4.72,0.51,50.0,0.8,16.2,0.81,66.89,0.2,16.2,0.19,66.89,0.41,4.72,0.49,50.0,0.21,0.21,613.67852,1776232760000
1776232761.968,261.968,0.59,4.72,0.51,50.0,0.8,16.2,0.81,66.89,0.2,16.2,0.19,66.89,0.41,4.72,0.49,50.0,0.21,0.21,613.66997,1776232761000
1776232763.052,263.052,0.59,4.72,0.51,50.0,0.8,16.2,0.81,66.89,0.2,16.2,0.19,66.89,0.41,4.72,0.49,50.0,0.21,0.21,613.67157,1776232762000
1776232764.146,264.146,0.59,4.72,0.51,50.0,0.8,16.2,0.81,66.89,0.2,16.2,0.19,66.89,0.41,4.72,0.49,50.0,0.21,0.21,613.67035,1776232763000
1776232765.323,265.323,0.59,4.72,0.51,50.0,0.8,16.2,0.81,66.89,0.2,16.2,0.19,66.89,0.41,4.72,0.49,50.0,0.21,0.21,613.66452,1776232764000
1776232766.413,266.413,0.59,4.72,0.51,50.0,0.8,16.2,0.81,66.89,0.2,16.2,0.19,66.89,0.41,4.72,0.49,50.0,0.21,0.21,613.66345,1776232765000
1776232766.861,266.861,0.59,4.72,0.51,50.0,0.8,16.2,0.81,66.89,0.2,16.2,0.19,66.89,0.41,4.72,0.49,50.0,0.21,0.21,613.66067,1776232766000
1776232767.921,267.921,0.59,4.72,0.51,50.0,0.8,16.2,0.81,66.89,0.2,16.2,0.19,66.89,0.41,4.72,0.49,50.0,0.21,0.21,613.66514,1776232767000
1776232768.762,268.762,0.66,11.6,0.65,11.4,0.71,48.57,0.79,15.7,0.2,16.2,0.19,66.89,0.41,4.72,0.49,50.0,0.05,0.21,613.66514,1776232767000
1776232769.431,269.431,0.66,11.6,0.65,11.4,0.71,40.53,0.79,15.7,0.29,48.57,0.21,15.7,0.34,11.6,0.35,11.4,0.05,0.05,613.66587,1776232768000
1776232770.104,270.104,0.66,11.6,0.65,11.4,0.71,40.53,0.79,15.7,0.29,40.53,0.21,15.7,0.34,11.6,0.35,11.4,0.05,0.05,613.66508,1776232769000
1776232770.398,270.398,0.67,6.8,0.66,11.6,0.71,40.53,0.79,15.7,0.29,40.53,0.21,15.7,0.34,11.6,0.35,11.4,0.04,0.05,613.66508,1776232769000
1776232770.974,270.974,0.67,6.8,0.66,11.6,0.71,40.53,0.79,15.7,0.29,40.53,0.21,15.7,0.33,6.8,0.34,11.6,0.04,0.04,613.68297,1776232770000
1776232771.183,271.183,0.68,11.9,0.67,6.8,0.71,30.66,0.8,16.2,0.29,40.53,0.21,15.7,0.33,6.8,0.34,11.6,0.03,0.04,613.68297,1776232770000
1776232772.146,272.146,0.68,11.9,0.67,6.8,0.71,30.66,0.8,16.2,0.29,30.66,0.2,16.2,0.32,11.9,0.33,6.8,0.03,0.03,613.679,1776232771000
1776232773.118,273.118,0.68,11.9,0.67,6.8,0.71,30.66,0.8,16.2,0.29,30.66,0.2,16.2,0.32,11.9,0.33,6.8,0.03,0.03,613.64975,1776232772000
1776232774.073,274.073,0.68,11.9,0.67,6.8,0.71,30.66,0.8,16.2,0.29,30.66,0.2,16.2,0.32,11.9,0.33,6.8,0.03,0.03,613.66549,1776232773000
1776232775.555,275.555,0.68,11.9,0.67,6.8,0.71,30.66,0.8,16.2,0.29,30.66,0.2,16.2,0.32,11.9,0.33,6.8,0.03,0.03,613.68145,1776232774000
1776232776.217,276.217,0.68,11.9,0.67,6.8,0.71,30.66,0.8,16.2,0.29,30.66,0.2,16.2,0.32,11.9,0.33,6.8,0.03,0.03,613.68169,1776232775000
1776232777.372,277.372,0.68,11.9,0.67,6.8,0.71,30.66,0.8,16.2,0.29,30.66,0.2,16.2,0.32,11.9,0.33,6.8,0.03,0.03,613.67918,1776232776000
1776232778.424,278.424,0.68,11.9,0.67,6.8,0.71,30.66,0.8,16.2,0.29,30.66,0.2,16.2,0.32,11.9,0.33,6.8,0.03,0.03,613.67475,1776232777000
1776232779.031,279.031,0.68,11.9,0.67,6.8,0.71,30.66,0.8,16.2,0.29,30.66,0.2,16.2,0.32,11.9,0.33,6.8,0.03,0.03,613.67456,1776232778000
1776232780.006,280.006,0.68,11.9,0.67,6.8,0.71,30.66,0.8,16.2,0.29,30.66,0.2,16.2,0.32,11.9,0.33,6.8,0.03,0.03,613.67413,1776232779000
1776232781.067,281.067,0.68,11.9,0.67,6.8,0.71,30.66,0.8,16.2,0.29,30.66,0.2,16.2,0.32,11.9,0.33,6.8,0.03,0.03,613.6464,1776232780000
1776232782.11,282.11,0.68,11.9,0.67,6.8,0.71,30.66,0.8,16.2,0.29,30.66,0.2,16.2,0.32,11.9,0.33,6.8,0.03,0.03,613.64806,1776232781000
1776232783.148,283.148,0.68,11.9,0.67,6.8,0.71,30.66,0.8,16.2,0.29,30.66,0.2,16.2,0.32,11.9,0.33,6.8,0.03,0.03,613.64839,1776232782000
1776232783.512,283.512,0.51,47.88,0.41,50.0,0.8,5.0,0.81,50.0,0.29,30.66,0.2,16.2,0.32,11.9,0.33,6.8,0.29,0.03,613.64839,1776232782000
1776232783.959,283.959,0.51,47.88,0.41,50.0,0.81,50.0,0.89,18.18,0.2,5.0,0.19,50.0,0.49,47.88,0.59,50.0,0.3,0.29,613.64839,1776232782000
1776232784.28,284.28,0.51,47.88,0.41,50.0,0.81,50.0,0.89,18.18,0.19,50.0,0.11,18.18,0.49,47.88,0.59,50.0,0.3,0.3,613.64841,1776232783000
1776232784.945,284.945,0.51,47.88,0.41,50.0,0.81,50.0,0.89,18.18,0.19,50.0,0.11,18.18,0.49,47.88,0.59,50.0,0.3,0.3,613.671692,1776232784000
1776232786.043,286.043,0.51,47.88,0.41,50.0,0.81,50.0,0.89,18.18,0.19,50.0,0.11,18.18,0.49,47.88,0.59,50.0,0.3,0.3,613.65522,1776232785000
1776232787.091,287.091,0.51,47.88,0.41,50.0,0.81,50.0,0.89,18.18,0.19,50.0,0.11,18.18,0.49,47.88,0.59,50.0,0.3,0.3,613.632411,1776232786000
1776232787.571,287.571,0.51,55.88,0.41,50.0,0.81,37.63,0.91,50.0,0.19,50.0,0.11,18.18,0.49,47.88,0.59,50.0,0.3,0.3,613.632411,1776232786000
1776232788.207,288.207,0.51,55.88,0.41,50.0,0.81,37.63,0.91,50.0,0.19,37.63,0.09,50.0,0.49,55.88,0.59,50.0,0.3,0.3,613.631968,1776232787000
1776232789.722,289.722,0.51,55.88,0.41,50.0,0.81,37.63,0.91,50.0,0.19,37.63,0.09,50.0,0.49,55.88,0.59,50.0,0.3,0.3,613.630761,1776232788000
1776232790.314,290.314,0.51,55.88,0.41,50.0,0.81,37.63,0.91,50.0,0.19,37.63,0.09,50.0,0.49,55.88,0.59,50.0,0.3,0.3,613.630667,1776232789000
1776232791.382,291.382,0.51,55.88,0.41,50.0,0.81,37.63,0.91,50.0,0.19,37.63,0.09,50.0,0.49,55.88,0.59,50.0,0.3,0.3,613.631513,1776232790000
1776232791.918,291.918,0.51,55.88,0.41,50.0,0.81,37.63,0.91,50.0,0.19,37.63,0.09,50.0,0.49,55.88,0.59,50.0,0.3,0.3,613.631601,1776232791000
1776232793.003,293.003,0.51,55.88,0.41,50.0,0.81,37.63,0.91,50.0,0.19,37.63,0.09,50.0,0.49,55.88,0.59,50.0,0.3,0.3,613.634695,1776232792000
1776232794.126,294.126,0.51,55.88,0.41,50.0,0.81,37.63,0.91,50.0,0.19,37.63,0.09,50.0,0.49,55.88,0.59,50.0,0.3,0.3,613.68335,1776232793000
1776232795.086,295.086,0.51,55.88,0.41,50.0,0.81,37.63,0.91,50.0,0.19,37.63,0.09,50.0,0.49,55.88,0.59,50.0,0.3,0.3,613.691,1776232794000
1776232796.261,296.261,0.51,55.88,0.41,50.0,0.81,37.63,0.91,50.0,0.19,37.63,0.09,50.0,0.49,55.88,0.59,50.0,0.3,0.3,613.690997,1776232795000
1776232797.212,297.212,0.81,50.0,0.71,50.0,0.98,10.0,0.99,95.0,0.09,43.8,0.04,5.0,0.39,50.0,0.49,47.88,0.17,0.3,613.690997,1776232795000
1776232798.138,298.138,0.81,50.0,0.71,50.0,0.99,83.49,,,0.01,89.61,,,0.19,50.0,0.29,50.0,0.18,0.18,613.693,1776232796000
1776232798.356,298.356,0.81,50.0,0.71,50.0,0.99,73.49,,,0.01,83.49,,,0.19,50.0,0.29,50.0,0.18,0.18,613.686,1776232797000
1776232798.756,298.756,0.81,50.0,0.71,50.0,0.99,17.85,,,0.01,70.35,,,0.19,50.0,0.29,50.0,0.18,0.18,613.686,1776232797000
1776232799.679,299.679,0.99,76.93,0.77,5.0,,,,,0.01,7.85,,,0.19,50.0,0.23,5.0,,0.18,613.686,1776232798000
1776232799.992,299.992,0.99,76.93,0.77,5.0,,,,,,,,,0.01,76.93,0.23,5.0,,,613.68338,1776232799000
1776232801.013,301.013,0.99,640.41,0.8,13.0,,,,,,,,,0.01,640.41,0.2,13.0,,,613.683,1776232800000
1776232802.1,302.1,0.99,640.41,0.8,13.0,,,,,,,,,0.01,640.41,0.2,13.0,,,613.65694,1776232801000

# RESULT,winner=Up,slug=bnb-updown-5m-1776232500,ticks=302
