timestamp,elapsed_sec,up_bid_p1,up_bid_s1,up_bid_p2,up_bid_s2,up_ask_p1,up_ask_s1,up_ask_p2,up_ask_s2,down_bid_p1,down_bid_s1,down_bid_p2,down_bid_s2,down_ask_p1,down_ask_s1,down_ask_p2,down_ask_s2,up_spread,down_spread,bnb_price,bnb_oracle_ts
1776362700.935,0.935,0.41,37.0,0.4,33.0,0.49,15.0,0.59,37.0,0.51,15.0,0.41,37.0,0.59,37.0,0.6,33.0,0.08,0.08,627.576689,1776362699000
1776362701.402,1.402,0.41,37.0,0.4,33.0,0.49,15.0,0.59,37.0,0.51,15.0,0.41,37.0,0.59,37.0,0.6,33.0,0.08,0.08,627.563868,1776362700000
1776362701.975,1.975,0.41,37.0,0.4,33.0,0.49,15.0,0.59,37.0,0.51,15.0,0.41,37.0,0.59,37.0,0.6,33.0,0.08,0.08,627.56218,1776362701000
1776362702.995,2.995,0.41,37.0,0.4,33.0,0.49,15.0,0.59,37.0,0.51,15.0,0.41,37.0,0.59,37.0,0.6,33.0,0.08,0.08,627.561196,1776362702000
1776362703.844,3.844,0.48,5.0,0.47,5.0,0.49,12.95,0.61,50.0,0.51,15.0,0.41,37.0,0.59,37.0,0.6,33.0,0.01,0.08,627.561196,1776362702000
1776362705.027,5.027,0.48,5.0,0.47,5.0,0.49,12.95,0.61,50.0,0.51,12.95,0.39,50.0,0.52,5.0,0.53,5.0,0.01,0.01,627.71438,1776362704000
1776362706.002,6.002,0.48,13.0,0.47,13.0,0.61,50.0,0.66,5.0,0.39,50.0,0.34,5.0,0.52,13.0,0.53,13.0,0.13,0.13,627.80556,1776362705000
1776362707.076,7.076,0.61,5.0,0.6,5.0,0.64,4.0,0.65,15.0,0.36,4.0,0.35,15.0,0.39,5.0,0.4,5.0,0.03,0.03,627.80052,1776362706000
1776362708.207,8.207,0.61,5.0,0.6,5.0,0.64,4.0,0.65,15.0,0.36,4.0,0.35,15.0,0.39,5.0,0.4,5.0,0.03,0.03,627.80496,1776362707000
1776362709.17,9.17,0.61,5.0,0.6,5.0,0.64,4.0,0.65,15.0,0.36,4.0,0.35,15.0,0.39,5.0,0.4,5.0,0.03,0.03,627.789402,1776362708000
1776362710.144,10.144,0.61,5.0,0.6,5.0,0.64,4.0,0.65,15.0,0.36,4.0,0.35,15.0,0.39,5.0,0.4,5.0,0.03,0.03,627.788891,1776362709000
1776362711.168,11.168,0.61,5.0,0.6,5.0,0.64,4.0,0.65,15.0,0.36,4.0,0.35,15.0,0.39,5.0,0.4,5.0,0.03,0.03,627.78791,1776362710000
1776362712.237,12.237,0.61,5.0,0.6,5.0,0.64,4.0,0.65,15.0,0.36,4.0,0.35,15.0,0.39,5.0,0.4,5.0,0.03,0.03,627.814565,1776362711000
1776362713.18,13.18,0.61,5.0,0.6,5.0,0.64,4.0,0.65,15.0,0.36,4.0,0.35,15.0,0.39,5.0,0.4,5.0,0.03,0.03,627.817197,1776362712000
1776362713.398,13.398,0.71,5.0,0.7,5.0,0.74,5.0,0.75,13.0,0.26,5.0,0.25,13.0,0.27,5.0,0.28,5.0,0.03,0.01,627.817197,1776362712000
1776362713.865,13.865,0.67,5.0,0.66,5.0,0.71,5.0,0.72,15.84,0.26,5.0,0.25,13.0,0.3,5.0,0.31,5.0,0.04,0.04,627.817197,1776362712000
1776362714.311,14.311,0.67,5.0,0.66,5.0,0.71,5.0,0.72,15.84,0.29,5.0,0.28,15.84,0.33,5.0,0.34,5.0,0.04,0.04,627.81971,1776362713000
1776362715.089,15.089,0.67,5.0,0.66,5.0,0.71,2.0,0.72,10.0,0.29,5.0,0.28,15.84,0.33,5.0,0.34,5.0,0.04,0.04,627.81971,1776362713000
1776362715.561,15.561,0.67,5.0,0.66,5.0,0.71,2.0,0.72,10.0,0.29,2.0,0.28,10.0,0.33,5.0,0.34,5.0,0.04,0.04,627.870276,1776362714000
1776362716.191,16.191,0.67,5.0,0.66,5.0,0.71,2.0,0.72,10.0,0.29,2.0,0.28,10.0,0.33,5.0,0.34,5.0,0.04,0.04,627.91017,1776362715000
1776362717.425,17.425,0.67,5.0,0.66,5.0,0.71,2.0,0.72,10.0,0.29,2.0,0.28,10.0,0.33,5.0,0.34,5.0,0.04,0.04,627.98896,1776362716000
1776362717.966,17.966,0.67,5.0,0.66,5.0,0.71,2.0,0.72,10.0,0.29,2.0,0.28,10.0,0.33,5.0,0.34,5.0,0.04,0.04,627.983675,1776362717000
1776362719.113,19.113,0.67,5.0,0.66,5.0,0.71,2.0,0.72,10.0,0.29,2.0,0.28,10.0,0.33,5.0,0.34,5.0,0.04,0.04,627.983675,1776362718000
1776362719.803,19.803,0.68,5.0,0.67,5.0,0.7,5.0,0.71,2.0,0.29,2.0,0.28,10.0,0.33,5.0,0.34,5.0,0.02,0.04,627.983675,1776362718000
1776362720.189,20.189,0.68,5.0,0.67,5.0,0.7,5.0,0.71,2.0,0.3,5.0,0.29,2.0,0.32,5.0,0.33,5.0,0.02,0.02,627.983675,1776362719000
1776362721.511,21.511,0.68,5.0,0.67,5.0,0.7,5.0,0.71,2.0,0.3,5.0,0.29,2.0,0.32,5.0,0.33,5.0,0.02,0.02,627.983675,1776362720000
1776362721.886,21.886,0.68,5.0,0.67,5.0,0.7,5.0,0.71,2.0,0.3,5.0,0.29,2.0,0.32,5.0,0.33,5.0,0.02,0.02,627.983675,1776362721000
1776362722.965,22.965,0.65,10.0,0.64,5.0,0.68,4.0,0.69,5.0,0.3,5.0,0.29,2.0,0.32,5.0,0.33,5.0,0.03,0.02,627.983675,1776362721000
1776362724.2,24.2,0.65,10.0,0.64,5.0,0.68,4.0,0.69,5.0,0.32,4.0,0.31,5.0,0.35,10.0,0.36,5.0,0.03,0.03,627.970361,1776362723000
1776362725.272,25.272,0.65,10.0,0.64,5.0,0.68,4.0,0.69,5.0,0.32,4.0,0.31,5.0,0.35,10.0,0.36,5.0,0.03,0.03,627.9461,1776362724000
1776362726.452,26.452,0.65,10.0,0.64,5.0,0.68,4.0,0.69,5.0,0.32,4.0,0.31,5.0,0.35,10.0,0.36,5.0,0.03,0.03,627.9431,1776362725000
1776362727.065,27.065,0.65,10.0,0.64,5.0,0.68,4.0,0.69,5.0,0.32,4.0,0.31,5.0,0.35,10.0,0.36,5.0,0.03,0.03,627.9499,1776362726000
1776362728.183,28.183,0.65,10.0,0.64,5.0,0.68,4.0,0.69,5.0,0.32,4.0,0.31,5.0,0.35,10.0,0.36,5.0,0.03,0.03,627.980709,1776362727000
1776362729.285,29.285,0.7,1.66,0.69,5.0,0.72,5.0,0.73,5.0,0.28,5.0,0.27,5.0,0.3,1.66,0.31,5.0,0.02,0.02,628.009948,1776362728000
1776362730.525,30.525,0.7,1.66,0.69,5.0,0.72,5.0,0.73,5.0,0.28,5.0,0.27,5.0,0.3,1.66,0.31,5.0,0.02,0.02,628.014592,1776362729000
1776362731.095,31.095,0.7,1.66,0.69,5.0,0.72,5.0,0.73,5.0,0.28,5.0,0.27,5.0,0.3,1.66,0.31,5.0,0.02,0.02,628.012011,1776362730000
1776362732.242,32.242,0.7,1.66,0.69,5.0,0.72,5.0,0.73,5.0,0.28,5.0,0.27,5.0,0.3,1.66,0.31,5.0,0.02,0.02,627.971511,1776362731000
1776362733.539,33.539,0.7,1.66,0.69,5.0,0.72,5.0,0.73,5.0,0.28,5.0,0.27,5.0,0.3,1.66,0.31,5.0,0.02,0.02,627.97428,1776362732000
1776362733.994,33.994,0.7,1.66,0.69,5.0,0.72,5.0,0.73,5.0,0.28,5.0,0.27,5.0,0.3,1.66,0.31,5.0,0.02,0.02,627.97428,1776362733000
1776362734.411,34.411,0.67,10.0,0.66,5.0,0.69,5.0,0.7,5.0,0.28,5.0,0.27,5.0,0.3,1.66,0.31,5.0,0.02,0.02,627.97428,1776362733000
1776362735.13,35.13,0.67,10.0,0.66,5.0,0.69,5.0,0.7,5.0,0.31,5.0,0.3,5.0,0.33,10.0,0.34,5.0,0.02,0.02,628.014592,1776362734000
1776362736.485,36.485,0.67,10.0,0.66,5.0,0.69,5.0,0.7,5.0,0.31,5.0,0.3,5.0,0.33,10.0,0.34,5.0,0.02,0.02,627.994491,1776362735000
1776362737.051,37.051,0.67,10.0,0.66,5.0,0.69,5.0,0.7,5.0,0.31,5.0,0.3,5.0,0.33,10.0,0.34,5.0,0.02,0.02,627.98368,1776362736000
1776362738.156,38.156,0.67,10.0,0.66,5.0,0.69,5.0,0.7,5.0,0.31,5.0,0.3,5.0,0.33,10.0,0.34,5.0,0.02,0.02,627.988083,1776362737000
1776362738.414,38.414,0.68,5.0,0.67,10.0,0.7,5.0,0.71,5.0,0.31,5.0,0.3,5.0,0.33,10.0,0.34,5.0,0.02,0.02,627.988083,1776362737000
1776362739.28,39.28,0.68,5.0,0.67,10.0,0.7,5.0,0.71,5.0,0.3,5.0,0.29,5.0,0.32,5.0,0.33,10.0,0.02,0.02,627.97849,1776362738000
1776362739.931,39.931,0.68,5.0,0.67,10.0,0.7,5.0,0.71,5.0,0.3,5.0,0.29,5.0,0.32,5.0,0.33,10.0,0.02,0.02,628.014592,1776362739000
1776362740.912,40.912,0.62,2.0,0.61,5.0,0.63,5.0,0.64,5.0,0.3,5.0,0.29,5.0,0.32,5.0,0.33,10.0,0.01,0.02,628.014592,1776362739000
1776362742.018,42.018,0.58,2.0,0.57,5.0,0.6,5.0,0.61,5.0,0.36,5.0,0.35,5.0,0.38,2.0,0.39,5.0,0.02,0.02,628.014592,1776362740000
1776362742.268,42.268,0.58,2.0,0.57,5.0,0.6,5.0,0.61,5.0,0.4,5.0,0.39,5.0,0.42,2.0,0.43,5.0,0.02,0.02,628.00436,1776362741000
1776362743.478,43.478,0.58,2.0,0.57,5.0,0.61,2.0,0.62,5.0,0.39,2.0,0.38,5.0,0.42,2.0,0.43,5.0,0.03,0.03,627.88177,1776362742000
1776362744.509,44.509,0.58,2.0,0.57,5.0,0.61,2.0,0.62,5.0,0.39,2.0,0.38,5.0,0.42,2.0,0.43,5.0,0.03,0.03,627.780047,1776362743000
1776362744.975,44.975,0.58,2.0,0.57,5.0,0.61,2.0,0.62,5.0,0.39,2.0,0.38,5.0,0.42,2.0,0.43,5.0,0.03,0.03,627.780047,1776362744000
1776362746.07,46.07,0.58,2.0,0.57,5.0,0.61,2.0,0.62,5.0,0.39,2.0,0.38,5.0,0.42,2.0,0.43,5.0,0.03,0.03,627.77135,1776362745000
1776362747.003,47.003,0.58,2.0,0.57,5.0,0.61,2.0,0.62,5.0,0.39,2.0,0.38,5.0,0.42,2.0,0.43,5.0,0.03,0.03,627.769071,1776362746000
1776362747.993,47.993,0.58,2.0,0.57,5.0,0.61,2.0,0.62,5.0,0.39,2.0,0.38,5.0,0.42,2.0,0.43,5.0,0.03,0.03,627.742989,1776362747000
1776362749.003,49.003,0.58,5.0,0.57,5.0,0.59,3.25,0.6,5.0,0.39,2.0,0.38,5.0,0.42,2.0,0.43,5.0,0.01,0.03,627.742989,1776362747000
1776362749.615,49.615,0.56,5.0,0.55,5.0,0.6,5.0,0.61,5.0,0.41,3.25,0.4,5.0,0.42,5.0,0.43,5.0,0.04,0.01,627.70615,1776362748000
1776362750.184,50.184,0.56,5.0,0.55,5.0,0.6,5.0,0.61,5.0,0.4,5.0,0.39,5.0,0.44,5.0,0.45,5.0,0.04,0.04,627.71045,1776362749000
1776362751.26,51.26,0.56,5.0,0.55,5.0,0.6,5.0,0.61,5.0,0.4,5.0,0.39,5.0,0.44,5.0,0.45,5.0,0.04,0.04,627.71175,1776362750000
1776362752.26,52.26,0.56,5.0,0.55,5.0,0.6,5.0,0.61,5.0,0.4,5.0,0.39,5.0,0.44,5.0,0.45,5.0,0.04,0.04,627.70869,1776362751000
1776362752.633,52.633,0.65,5.0,0.64,5.0,0.66,2.0,0.67,5.0,0.4,5.0,0.39,5.0,0.44,5.0,0.45,5.0,0.01,0.04,627.70869,1776362751000
1776362753.28,53.28,0.64,5.0,0.63,5.0,0.66,2.0,0.67,5.0,0.34,2.0,0.33,5.0,0.36,5.0,0.37,5.0,0.02,0.02,627.715909,1776362752000
1776362754.243,54.243,0.64,5.0,0.63,5.0,0.66,2.0,0.67,5.0,0.34,2.0,0.33,5.0,0.36,5.0,0.37,5.0,0.02,0.02,627.723245,1776362753000
1776362755.163,55.163,0.64,5.0,0.63,5.0,0.66,2.0,0.67,5.0,0.34,2.0,0.33,5.0,0.36,5.0,0.37,5.0,0.02,0.02,627.828822,1776362754000
1776362756.183,56.183,0.64,5.0,0.63,5.0,0.66,2.0,0.67,5.0,0.34,2.0,0.33,5.0,0.36,5.0,0.37,5.0,0.02,0.02,627.813411,1776362755000
1776362756.881,56.881,0.64,5.0,0.63,5.0,0.69,3.56,0.7,5.0,0.34,2.0,0.33,5.0,0.36,5.0,0.37,5.0,0.05,0.02,627.813411,1776362755000
1776362757.741,57.741,0.64,5.0,0.63,5.0,0.69,3.56,0.7,5.0,0.31,3.56,0.3,5.0,0.36,5.0,0.37,5.0,0.05,0.05,627.847964,1776362756000
1776362758.337,58.337,0.64,5.0,0.63,5.0,0.69,3.56,0.7,5.0,0.31,3.56,0.3,5.0,0.36,5.0,0.37,5.0,0.05,0.05,627.839833,1776362757000
1776362758.881,58.881,0.64,5.0,0.63,5.0,0.69,3.56,0.7,5.0,0.31,3.56,0.3,5.0,0.36,5.0,0.37,5.0,0.05,0.05,627.852497,1776362758000
1776362760.055,60.055,0.64,5.0,0.63,5.0,0.69,3.56,0.7,5.0,0.31,3.56,0.3,5.0,0.36,5.0,0.37,5.0,0.05,0.05,627.85581,1776362759000
1776362760.894,60.894,0.7,5.0,0.69,5.0,0.72,5.0,0.73,5.0,0.31,3.56,0.3,5.0,0.36,5.0,0.37,5.0,0.02,0.05,627.85581,1776362759000
1776362761.361,61.361,0.73,5.0,0.72,5.0,0.75,2.0,0.76,19.3,0.28,5.0,0.27,5.0,0.3,5.0,0.31,5.0,0.02,0.02,627.852994,1776362760000
1776362762.208,62.208,0.73,5.0,0.72,5.0,0.76,19.3,0.77,19.7,0.24,19.3,0.23,19.7,0.27,5.0,0.28,5.0,0.03,0.03,627.851909,1776362761000
1776362763.241,63.241,0.73,5.0,0.72,5.0,0.76,19.3,0.77,19.7,0.24,19.3,0.23,19.7,0.27,5.0,0.28,5.0,0.03,0.03,627.940088,1776362762000
1776362764.364,64.364,0.74,5.0,0.73,5.0,0.76,4.0,0.77,5.0,0.24,4.0,0.23,5.0,0.26,5.0,0.27,5.0,0.02,0.02,627.973084,1776362763000
1776362764.591,64.591,0.8,5.0,0.79,5.0,0.81,13.89,0.82,17.6,0.24,4.0,0.23,5.0,0.26,5.0,0.27,5.0,0.01,0.02,627.973084,1776362763000
1776362764.947,64.947,0.79,3.31,0.78,5.0,0.81,13.89,0.82,17.6,0.19,13.89,0.18,17.6,0.21,3.31,0.22,5.0,0.02,0.02,627.973084,1776362764000
1776362765.873,65.873,0.79,3.31,0.78,5.0,0.81,13.89,0.82,17.6,0.19,13.89,0.18,17.6,0.21,3.31,0.22,5.0,0.02,0.02,627.97753,1776362765000
1776362766.215,66.215,0.77,5.0,0.76,5.0,0.8,5.0,0.81,5.0,0.19,13.89,0.18,17.6,0.21,3.31,0.22,5.0,0.03,0.02,627.97753,1776362765000
1776362767.043,67.043,0.79,3.71,0.78,5.0,0.8,5.0,0.81,5.0,0.2,5.0,0.19,5.0,0.23,5.0,0.24,5.0,0.01,0.03,627.97753,1776362765000
1776362767.475,67.475,0.79,3.71,0.78,5.0,0.8,5.0,0.81,5.0,0.2,5.0,0.19,5.0,0.21,3.71,0.22,5.0,0.01,0.01,628.076912,1776362766000
1776362768.095,68.095,0.79,3.71,0.78,5.0,0.8,5.0,0.81,5.0,0.2,5.0,0.19,5.0,0.21,3.71,0.22,5.0,0.01,0.01,628.074948,1776362767000
1776362769.33,69.33,0.79,3.71,0.78,5.0,0.8,5.0,0.81,5.0,0.2,5.0,0.19,5.0,0.21,3.71,0.22,5.0,0.01,0.01,628.075481,1776362768000
1776362769.894,69.894,0.79,3.71,0.78,5.0,0.8,5.0,0.81,5.0,0.2,5.0,0.19,5.0,0.21,3.71,0.22,5.0,0.01,0.01,628.070497,1776362769000
1776362770.257,70.257,0.79,3.71,0.78,5.0,0.81,5.0,0.82,22.6,0.2,5.0,0.19,5.0,0.21,3.71,0.22,5.0,0.02,0.01,628.070497,1776362769000
1776362771.033,71.033,0.79,3.71,0.78,5.0,0.81,5.0,0.82,22.6,0.19,5.0,0.18,22.6,0.21,3.71,0.22,5.0,0.02,0.02,628.061809,1776362770000
1776362771.459,71.459,0.79,3.71,0.78,5.0,0.82,21.6,0.83,23.39,0.19,5.0,0.18,22.6,0.21,3.71,0.22,5.0,0.03,0.02,628.061809,1776362770000
1776362772.641,72.641,0.79,3.71,0.78,5.0,0.82,21.6,0.83,23.39,0.18,21.6,0.17,23.39,0.21,3.71,0.22,5.0,0.03,0.03,628.075567,1776362771000
1776362773.641,73.641,0.79,3.71,0.78,5.0,0.82,21.6,0.83,23.39,0.18,21.6,0.17,23.39,0.21,3.71,0.22,5.0,0.03,0.03,628.075567,1776362772000
1776362774.171,74.171,0.79,3.71,0.78,5.0,0.82,21.6,0.83,23.39,0.18,21.6,0.17,23.39,0.21,3.71,0.22,5.0,0.03,0.03,628.075567,1776362773000
1776362775.984,75.984,0.79,3.71,0.78,5.0,0.82,21.6,0.83,23.39,0.18,21.6,0.17,23.39,0.21,3.71,0.22,5.0,0.03,0.03,628.075567,1776362774000
1776362776.739,76.739,0.79,3.71,0.78,5.0,0.82,21.6,0.83,23.39,0.18,21.6,0.17,23.39,0.21,3.71,0.22,5.0,0.03,0.03,628.067646,1776362775000
1776362777.285,77.285,0.79,3.71,0.78,5.0,0.82,21.6,0.83,23.39,0.18,21.6,0.17,23.39,0.21,3.71,0.22,5.0,0.03,0.03,628.062698,1776362776000
1776362778.163,78.163,0.79,3.71,0.78,5.0,0.82,21.6,0.83,23.39,0.18,21.6,0.17,23.39,0.21,3.71,0.22,5.0,0.03,0.03,628.063666,1776362777000
1776362779.777,79.777,0.79,3.71,0.78,5.0,0.82,21.6,0.83,23.39,0.18,21.6,0.17,23.39,0.21,3.71,0.22,5.0,0.03,0.03,628.06693,1776362778000
1776362780.648,80.648,0.79,3.71,0.78,5.0,0.82,21.6,0.83,23.39,0.18,21.6,0.17,23.39,0.21,3.71,0.22,5.0,0.03,0.03,628.06406,1776362779000
1776362781.413,81.413,0.79,3.71,0.78,5.0,0.82,21.6,0.83,23.39,0.18,21.6,0.17,23.39,0.21,3.71,0.22,5.0,0.03,0.03,628.0565,1776362780000
1776362782.132,82.132,0.79,3.71,0.78,5.0,0.82,21.6,0.83,23.39,0.18,21.6,0.17,23.39,0.21,3.71,0.22,5.0,0.03,0.03,628.06005,1776362781000
1776362782.358,82.358,0.83,5.0,0.82,5.0,0.84,16.3,0.85,20.39,0.18,21.6,0.17,23.39,0.21,3.71,0.22,5.0,0.01,0.03,628.06005,1776362781000
1776362783.592,83.592,0.83,5.0,0.82,5.0,0.84,16.3,0.85,20.39,0.16,16.3,0.15,20.39,0.17,5.0,0.18,5.0,0.01,0.01,628.0669,1776362782000
1776362784.243,84.243,0.83,5.0,0.82,5.0,0.84,16.3,0.85,20.39,0.16,16.3,0.15,20.39,0.17,5.0,0.18,5.0,0.01,0.01,628.07228,1776362783000
1776362785.034,85.034,0.83,5.0,0.82,5.0,0.84,16.3,0.85,20.39,0.16,16.3,0.15,20.39,0.17,5.0,0.18,5.0,0.01,0.01,628.108077,1776362784000
1776362786.703,86.703,0.83,5.0,0.82,5.0,0.84,16.3,0.85,20.39,0.16,16.3,0.15,20.39,0.17,5.0,0.18,5.0,0.01,0.01,628.11435,1776362785000
1776362787.425,87.425,0.83,5.0,0.82,5.0,0.84,16.3,0.85,20.39,0.16,16.3,0.15,20.39,0.17,5.0,0.18,5.0,0.01,0.01,628.09383,1776362786000
1776362788.195,88.195,0.83,5.0,0.82,5.0,0.84,16.3,0.85,20.39,0.16,16.3,0.15,20.39,0.17,5.0,0.18,5.0,0.01,0.01,628.094263,1776362787000
1776362789.675,89.675,0.83,5.0,0.82,5.0,0.84,16.3,0.85,20.39,0.16,16.3,0.15,20.39,0.17,5.0,0.18,5.0,0.01,0.01,628.09383,1776362788000
1776362790.382,90.382,0.83,5.0,0.82,5.0,0.84,16.3,0.85,20.39,0.16,16.3,0.15,20.39,0.17,5.0,0.18,5.0,0.01,0.01,628.09383,1776362789000
1776362791.332,91.332,0.83,5.0,0.82,5.0,0.84,16.3,0.85,20.39,0.16,16.3,0.15,20.39,0.17,5.0,0.18,5.0,0.01,0.01,628.09383,1776362790000
1776362792.427,92.427,0.83,5.0,0.82,5.0,0.84,16.3,0.85,20.39,0.16,16.3,0.15,20.39,0.17,5.0,0.18,5.0,0.01,0.01,628.112031,1776362791000
1776362793.005,93.005,0.83,5.0,0.82,5.0,0.84,16.3,0.85,20.39,0.16,16.3,0.15,20.39,0.17,5.0,0.18,5.0,0.01,0.01,628.111534,1776362792000
1776362794.004,94.004,0.83,5.0,0.82,5.0,0.84,16.3,0.85,20.39,0.16,16.3,0.15,20.39,0.17,5.0,0.18,5.0,0.01,0.01,628.109494,1776362793000
1776362794.616,94.616,0.75,2.0,0.74,5.0,0.76,5.0,0.77,5.0,0.16,16.3,0.15,20.39,0.17,5.0,0.18,5.0,0.01,0.01,628.109494,1776362793000
1776362794.968,94.968,0.74,2.3,0.73,5.0,0.77,5.0,0.78,5.0,0.23,5.0,0.22,5.0,0.26,2.3,0.27,5.0,0.03,0.03,628.105812,1776362794000
1776362796.029,96.029,0.74,2.3,0.73,5.0,0.77,5.0,0.78,5.0,0.23,5.0,0.22,5.0,0.26,2.3,0.27,5.0,0.03,0.03,628.090918,1776362795000
1776362797.007,97.007,0.74,2.3,0.73,5.0,0.77,5.0,0.78,5.0,0.23,5.0,0.22,5.0,0.26,2.3,0.27,5.0,0.03,0.03,627.986575,1776362796000
1776362798.022,98.022,0.74,2.3,0.73,5.0,0.77,5.0,0.78,5.0,0.23,5.0,0.22,5.0,0.26,2.3,0.27,5.0,0.03,0.03,627.944244,1776362797000
1776362799.112,99.112,0.74,2.3,0.73,5.0,0.77,5.0,0.78,5.0,0.23,5.0,0.22,5.0,0.26,2.3,0.27,5.0,0.03,0.03,627.94293,1776362798000
1776362800.19,100.19,0.74,2.3,0.73,5.0,0.77,5.0,0.78,5.0,0.23,5.0,0.22,5.0,0.26,2.3,0.27,5.0,0.03,0.03,627.94367,1776362799000
1776362801.136,101.136,0.74,2.3,0.73,5.0,0.77,5.0,0.78,5.0,0.23,5.0,0.22,5.0,0.26,2.3,0.27,5.0,0.03,0.03,627.944244,1776362800000
1776362802.296,102.296,0.74,2.3,0.73,5.0,0.77,5.0,0.78,5.0,0.23,5.0,0.22,5.0,0.26,2.3,0.27,5.0,0.03,0.03,627.946002,1776362801000
1776362803.214,103.214,0.74,2.3,0.73,5.0,0.77,5.0,0.78,5.0,0.23,5.0,0.22,5.0,0.26,2.3,0.27,5.0,0.03,0.03,627.944244,1776362802000
1776362804.186,104.186,0.74,2.3,0.73,5.0,0.77,5.0,0.78,5.0,0.23,5.0,0.22,5.0,0.26,2.3,0.27,5.0,0.03,0.03,627.944244,1776362803000
1776362805.794,105.794,0.74,2.3,0.73,5.0,0.77,5.0,0.78,5.0,0.23,5.0,0.22,5.0,0.26,2.3,0.27,5.0,0.03,0.03,627.944244,1776362804000
1776362806.466,106.466,0.74,2.3,0.73,5.0,0.77,5.0,0.78,5.0,0.23,5.0,0.22,5.0,0.26,2.3,0.27,5.0,0.03,0.03,627.944244,1776362805000
1776362807.062,107.062,0.74,2.3,0.73,5.0,0.77,5.0,0.78,5.0,0.23,5.0,0.22,5.0,0.26,2.3,0.27,5.0,0.03,0.03,627.945678,1776362806000
1776362808.339,108.339,0.74,2.3,0.73,5.0,0.77,5.0,0.78,5.0,0.23,5.0,0.22,5.0,0.26,2.3,0.27,5.0,0.03,0.03,627.94684,1776362807000
1776362809.647,109.647,0.74,2.3,0.73,5.0,0.77,5.0,0.78,5.0,0.23,5.0,0.22,5.0,0.26,2.3,0.27,5.0,0.03,0.03,627.948709,1776362808000
1776362810.3,110.3,0.74,2.3,0.73,5.0,0.77,5.0,0.78,5.0,0.23,5.0,0.22,5.0,0.26,2.3,0.27,5.0,0.03,0.03,627.948709,1776362809000
1776362811.574,111.574,0.74,2.3,0.73,5.0,0.77,5.0,0.78,5.0,0.23,5.0,0.22,5.0,0.26,2.3,0.27,5.0,0.03,0.03,627.93305,1776362810000
1776362812.238,112.238,0.74,2.3,0.73,5.0,0.77,5.0,0.78,5.0,0.23,5.0,0.22,5.0,0.26,2.3,0.27,5.0,0.03,0.03,627.943438,1776362811000
1776362813.315,113.315,0.74,2.3,0.73,5.0,0.77,5.0,0.78,5.0,0.23,5.0,0.22,5.0,0.26,2.3,0.27,5.0,0.03,0.03,627.93087,1776362812000
1776362814.015,114.015,0.74,2.3,0.73,5.0,0.77,5.0,0.78,5.0,0.23,5.0,0.22,5.0,0.26,2.3,0.27,5.0,0.03,0.03,627.936278,1776362813000
1776362814.343,114.343,0.69,2.0,0.68,5.0,0.72,5.0,0.73,5.0,0.23,5.0,0.22,5.0,0.26,2.3,0.27,5.0,0.03,0.03,627.936278,1776362813000
1776362815.217,115.217,0.69,2.0,0.68,5.0,0.72,5.0,0.73,5.0,0.28,5.0,0.27,5.0,0.31,2.0,0.32,5.0,0.03,0.03,627.93545,1776362814000
1776362816.158,116.158,0.63,2.0,0.62,5.0,0.65,5.0,0.66,5.0,0.28,5.0,0.27,5.0,0.31,2.0,0.32,5.0,0.02,0.03,627.93545,1776362814000
1776362816.444,116.444,0.63,2.0,0.62,5.0,0.65,5.0,0.66,5.0,0.35,5.0,0.34,5.0,0.37,2.0,0.38,5.0,0.02,0.02,627.885763,1776362815000
1776362817.075,117.075,0.63,2.0,0.62,5.0,0.65,5.0,0.66,5.0,0.35,5.0,0.34,5.0,0.37,2.0,0.38,5.0,0.02,0.02,627.885763,1776362816000
1776362818.322,118.322,0.63,2.0,0.62,5.0,0.65,5.0,0.66,5.0,0.35,5.0,0.34,5.0,0.37,2.0,0.38,5.0,0.02,0.02,627.821054,1776362817000
1776362818.936,118.936,0.59,2.0,0.58,5.0,0.61,5.0,0.62,5.0,0.35,5.0,0.34,5.0,0.37,2.0,0.38,5.0,0.02,0.02,627.821054,1776362817000
1776362819.487,119.487,0.59,2.0,0.58,5.0,0.61,5.0,0.62,5.0,0.39,5.0,0.38,5.0,0.41,2.0,0.42,5.0,0.02,0.02,627.81025,1776362818000
1776362819.74,119.74,0.58,5.0,0.57,10.0,0.6,2.0,0.61,5.0,0.39,5.0,0.38,5.0,0.41,2.0,0.42,5.0,0.02,0.02,627.81025,1776362818000
1776362820.024,120.024,0.58,5.0,0.57,10.0,0.6,2.0,0.61,5.0,0.4,2.0,0.39,5.0,0.42,5.0,0.43,10.0,0.02,0.02,627.80705,1776362819000
1776362820.402,120.402,0.55,2.0,0.54,5.0,0.56,5.0,0.57,5.0,0.4,2.0,0.39,5.0,0.42,5.0,0.43,10.0,0.01,0.02,627.80705,1776362819000
1776362821.706,121.706,0.63,5.0,0.62,5.0,0.65,3.46,0.66,5.0,0.44,5.0,0.43,5.0,0.45,2.0,0.46,5.0,0.02,0.01,627.80705,1776362819000
1776362822.099,122.099,0.63,5.0,0.62,5.0,0.65,3.46,0.66,5.0,0.35,3.46,0.34,5.0,0.37,5.0,0.38,5.0,0.02,0.02,627.759376,1776362820000
1776362822.685,122.685,0.63,5.0,0.62,5.0,0.65,3.46,0.66,5.0,0.35,3.46,0.34,5.0,0.37,5.0,0.38,5.0,0.02,0.02,627.663714,1776362821000
1776362823.204,123.204,0.63,5.0,0.62,5.0,0.65,3.46,0.66,5.0,0.35,3.46,0.34,5.0,0.37,5.0,0.38,5.0,0.02,0.02,627.667401,1776362822000
1776362824.466,124.466,0.63,5.0,0.62,5.0,0.65,3.46,0.66,5.0,0.35,3.46,0.34,5.0,0.37,5.0,0.38,5.0,0.02,0.02,627.67473,1776362823000
1776362824.988,124.988,0.63,5.0,0.62,5.0,0.65,3.46,0.66,5.0,0.35,3.46,0.34,5.0,0.37,5.0,0.38,5.0,0.02,0.02,627.668647,1776362824000
1776362826.317,126.317,0.63,5.0,0.62,5.0,0.65,3.46,0.66,5.0,0.35,3.46,0.34,5.0,0.37,5.0,0.38,5.0,0.02,0.02,627.667401,1776362825000
1776362827.423,127.423,0.63,5.0,0.62,5.0,0.65,3.46,0.66,5.0,0.35,3.46,0.34,5.0,0.37,5.0,0.38,5.0,0.02,0.02,627.663957,1776362826000
1776362827.94,127.94,0.63,5.0,0.62,5.0,0.65,3.46,0.66,5.0,0.35,3.46,0.34,5.0,0.37,5.0,0.38,5.0,0.02,0.02,627.663957,1776362827000
1776362829.129,129.129,0.63,5.0,0.62,5.0,0.65,3.46,0.66,5.0,0.35,3.46,0.34,5.0,0.37,5.0,0.38,5.0,0.02,0.02,627.661246,1776362828000
1776362830.306,130.306,0.63,5.0,0.62,5.0,0.65,3.46,0.66,5.0,0.35,3.46,0.34,5.0,0.37,5.0,0.38,5.0,0.02,0.02,627.661246,1776362829000
1776362830.897,130.897,0.69,5.0,0.68,5.0,0.7,9.4,0.71,12.6,0.35,3.46,0.34,5.0,0.37,5.0,0.38,5.0,0.01,0.02,627.661246,1776362829000
1776362831.407,131.407,0.69,5.0,0.68,5.0,0.7,9.4,0.71,12.6,0.3,9.4,0.29,12.6,0.31,5.0,0.32,5.0,0.01,0.01,627.66581,1776362830000
1776362831.987,131.987,0.69,5.0,0.68,5.0,0.7,9.4,0.71,12.6,0.3,9.4,0.29,12.6,0.31,5.0,0.32,5.0,0.01,0.01,627.66967,1776362831000
1776362833.209,133.209,0.69,5.0,0.68,5.0,0.7,9.4,0.71,12.6,0.3,9.4,0.29,12.6,0.31,5.0,0.32,5.0,0.01,0.01,627.718302,1776362832000
1776362833.759,133.759,0.73,5.0,0.72,5.0,0.75,15.9,0.76,19.3,0.3,9.4,0.29,12.6,0.31,5.0,0.32,5.0,0.02,0.01,627.718302,1776362832000
1776362834.372,134.372,0.73,5.0,0.72,5.0,0.75,15.9,0.76,19.3,0.25,15.9,0.24,19.3,0.27,5.0,0.28,5.0,0.02,0.02,627.72432,1776362833000
1776362835.017,135.017,0.73,5.0,0.72,5.0,0.75,15.9,0.76,19.3,0.25,15.9,0.24,19.3,0.27,5.0,0.28,5.0,0.02,0.02,627.73935,1776362834000
1776362836.138,136.138,0.73,5.0,0.72,5.0,0.75,15.9,0.76,19.3,0.25,15.9,0.24,19.3,0.27,5.0,0.28,5.0,0.02,0.02,627.84335,1776362835000
1776362838.52,138.52,0.79,5.0,0.78,5.0,0.8,11.2,0.81,21.89,0.2,11.2,0.19,21.89,0.21,5.0,0.22,5.0,0.01,0.01,627.89783,1776362837000
1776362839.367,139.367,0.79,5.0,0.78,5.0,0.8,11.2,0.81,21.89,0.2,11.2,0.19,21.89,0.21,5.0,0.22,5.0,0.01,0.01,627.90047,1776362838000
1776362840.454,140.454,0.79,5.0,0.78,5.0,0.8,11.2,0.81,21.89,0.2,11.2,0.19,21.89,0.21,5.0,0.22,5.0,0.01,0.01,627.90516,1776362839000
1776362840.985,140.985,0.79,5.0,0.78,5.0,0.8,11.2,0.81,21.89,0.2,11.2,0.19,21.89,0.21,5.0,0.22,5.0,0.01,0.01,627.886497,1776362840000
1776362842.301,142.301,0.79,5.0,0.78,5.0,0.8,11.2,0.81,21.89,0.2,11.2,0.19,21.89,0.21,5.0,0.22,5.0,0.01,0.01,627.886497,1776362841000
1776362843.082,143.082,0.79,5.0,0.78,5.0,0.8,11.2,0.81,21.89,0.2,11.2,0.19,21.89,0.21,5.0,0.22,5.0,0.01,0.01,627.886497,1776362842000
1776362844.508,144.508,0.79,5.0,0.78,5.0,0.8,11.2,0.81,21.89,0.2,11.2,0.19,21.89,0.21,5.0,0.22,5.0,0.01,0.01,627.895617,1776362843000
1776362845.116,145.116,0.79,5.0,0.78,5.0,0.8,11.2,0.81,21.89,0.2,11.2,0.19,21.89,0.21,5.0,0.22,5.0,0.01,0.01,627.911261,1776362844000
1776362846.662,146.662,0.79,5.0,0.78,5.0,0.8,11.2,0.81,21.89,0.2,11.2,0.19,21.89,0.21,5.0,0.22,5.0,0.01,0.01,627.922976,1776362845000
1776362847.172,147.172,0.79,5.0,0.78,5.0,0.8,11.2,0.81,21.89,0.2,11.2,0.19,21.89,0.21,5.0,0.22,5.0,0.01,0.01,627.922976,1776362846000
1776362848.507,148.507,0.79,5.0,0.78,5.0,0.8,11.2,0.81,21.89,0.2,11.2,0.19,21.89,0.21,5.0,0.22,5.0,0.01,0.01,627.922976,1776362847000
1776362849.202,149.202,0.79,5.0,0.78,5.0,0.8,11.2,0.81,21.89,0.2,11.2,0.19,21.89,0.21,5.0,0.22,5.0,0.01,0.01,627.89267,1776362848000
1776362850.417,150.417,0.79,5.0,0.78,5.0,0.8,11.2,0.81,21.89,0.2,11.2,0.19,21.89,0.21,5.0,0.22,5.0,0.01,0.01,627.922976,1776362849000
1776362851.197,151.197,0.79,5.0,0.78,5.0,0.8,11.2,0.81,21.89,0.2,11.2,0.19,21.89,0.21,5.0,0.22,5.0,0.01,0.01,627.922976,1776362850000
1776362852.624,152.624,0.79,5.0,0.78,5.0,0.8,11.2,0.81,21.89,0.2,11.2,0.19,21.89,0.21,5.0,0.22,5.0,0.01,0.01,627.925503,1776362851000
1776362853.482,153.482,0.79,5.0,0.78,5.0,0.8,11.2,0.81,21.89,0.2,11.2,0.19,21.89,0.21,5.0,0.22,5.0,0.01,0.01,627.92811,1776362852000
1776362854.106,154.106,0.7,2.0,0.69,10.0,0.71,5.0,0.72,5.0,0.29,5.0,0.28,5.0,0.3,2.0,0.31,10.0,0.01,0.01,627.922976,1776362853000
1776362855.509,155.509,0.63,5.0,0.6,10.0,0.71,41.0,0.72,5.0,0.29,41.0,0.28,5.0,0.37,5.0,0.4,10.0,0.08,0.08,627.88506,1776362854000
1776362856.591,156.591,0.55,2.77,0.54,5.0,0.57,5.0,0.58,5.0,0.29,41.0,0.28,5.0,0.37,5.0,0.4,10.0,0.02,0.08,627.88506,1776362854000
1776362857.169,157.169,0.55,2.77,0.54,5.0,0.57,4.29,0.58,5.0,0.43,4.29,0.42,5.0,0.45,2.77,0.46,5.0,0.02,0.02,627.66022,1776362856000
1776362857.503,157.503,0.57,5.0,0.56,5.0,0.58,1.96,0.59,5.0,0.43,4.29,0.42,5.0,0.45,2.77,0.46,5.0,0.01,0.02,627.66022,1776362856000
1776362858.353,158.353,0.57,5.0,0.56,5.0,0.58,1.96,0.59,5.0,0.42,1.96,0.41,5.0,0.43,5.0,0.44,5.0,0.01,0.01,627.66775,1776362857000
1776362859.61,159.61,0.57,5.0,0.56,5.0,0.58,1.96,0.59,5.0,0.42,1.96,0.41,5.0,0.43,5.0,0.44,5.0,0.01,0.01,627.65756,1776362858000
1776362860.158,160.158,0.57,5.0,0.56,5.0,0.58,1.96,0.59,5.0,0.42,1.96,0.41,5.0,0.43,5.0,0.44,5.0,0.01,0.01,627.64076,1776362859000
1776362861.561,161.561,0.57,5.0,0.56,5.0,0.58,1.96,0.59,5.0,0.42,1.96,0.41,5.0,0.43,5.0,0.44,5.0,0.01,0.01,627.633937,1776362860000
1776362861.965,161.965,0.57,5.0,0.56,5.0,0.58,1.96,0.59,5.0,0.42,1.96,0.41,5.0,0.43,5.0,0.44,5.0,0.01,0.01,627.633937,1776362861000
1776362863.118,163.118,0.57,5.0,0.56,5.0,0.58,1.96,0.59,5.0,0.42,1.96,0.41,5.0,0.43,5.0,0.44,5.0,0.01,0.01,627.65569,1776362862000
1776362864.352,164.352,0.57,5.0,0.56,5.0,0.58,1.96,0.59,5.0,0.42,1.96,0.41,5.0,0.43,5.0,0.44,5.0,0.01,0.01,627.642245,1776362863000
1776362864.967,164.967,0.57,5.0,0.56,5.0,0.58,1.96,0.59,5.0,0.42,1.96,0.41,5.0,0.43,5.0,0.44,5.0,0.01,0.01,627.636464,1776362864000
1776362866.128,166.128,0.57,5.0,0.56,5.0,0.58,1.96,0.59,5.0,0.42,1.96,0.41,5.0,0.43,5.0,0.44,5.0,0.01,0.01,627.635489,1776362865000
1776362866.952,166.952,0.53,2.87,0.52,5.0,0.54,5.0,0.55,5.0,0.42,1.96,0.41,5.0,0.43,5.0,0.44,5.0,0.01,0.01,627.635489,1776362865000
1776362867.162,167.162,0.53,2.87,0.52,5.0,0.54,5.0,0.55,5.0,0.46,5.0,0.45,5.0,0.47,2.87,0.48,5.0,0.01,0.01,627.633937,1776362866000
1776362868.395,168.395,0.53,2.87,0.52,5.0,0.54,5.0,0.55,5.0,0.46,5.0,0.45,5.0,0.47,2.87,0.48,5.0,0.01,0.01,627.6288,1776362867000
1776362869.009,169.009,0.53,2.87,0.52,5.0,0.54,5.0,0.55,5.0,0.46,5.0,0.45,5.0,0.47,2.87,0.48,5.0,0.01,0.01,627.544551,1776362868000
1776362870.111,170.111,0.53,2.87,0.52,5.0,0.54,5.0,0.55,5.0,0.46,5.0,0.45,5.0,0.47,2.87,0.48,5.0,0.01,0.01,627.544105,1776362869000
1776362870.42,170.42,0.41,5.0,0.4,20.0,0.43,12.2,0.46,5.0,0.46,5.0,0.45,5.0,0.47,2.87,0.48,5.0,0.02,0.01,627.544105,1776362869000
1776362871.499,171.499,0.42,2.0,0.4,15.0,0.43,12.2,0.46,5.0,0.57,12.2,0.54,5.0,0.59,5.0,0.6,20.0,0.01,0.02,627.544105,1776362869000
1776362871.975,171.975,0.42,2.0,0.4,15.0,0.43,12.2,0.46,5.0,0.57,12.2,0.54,5.0,0.58,2.0,0.6,15.0,0.01,0.01,627.531955,1776362870000
1776362872.798,172.798,0.42,2.0,0.4,15.0,0.43,12.2,0.46,5.0,0.57,12.2,0.54,5.0,0.58,2.0,0.6,15.0,0.01,0.01,627.519688,1776362871000
1776362873.135,173.135,0.3,5.0,0.27,18.2,0.35,5.0,0.36,5.0,0.57,12.2,0.54,5.0,0.58,2.0,0.6,15.0,0.05,0.01,627.519688,1776362871000
1776362873.385,173.385,0.3,5.0,0.29,5.0,0.31,1.77,0.35,5.0,0.65,5.0,0.64,5.0,0.7,5.0,0.73,18.2,0.01,0.05,627.519688,1776362871000
1776362874.24,174.24,0.3,5.0,0.29,5.0,0.31,1.77,0.35,5.0,0.69,1.77,0.65,5.0,0.7,5.0,0.71,5.0,0.01,0.01,627.479508,1776362873000
1776362875.592,175.592,0.3,5.0,0.29,5.0,0.31,1.77,0.35,5.0,0.69,1.77,0.65,5.0,0.7,5.0,0.71,5.0,0.01,0.01,627.39968,1776362874000
1776362876.324,176.324,0.3,5.0,0.29,5.0,0.31,1.77,0.35,5.0,0.69,1.77,0.65,5.0,0.7,5.0,0.71,5.0,0.01,0.01,627.39968,1776362875000
1776362877.041,177.041,0.3,5.0,0.29,5.0,0.31,1.77,0.35,5.0,0.69,1.77,0.65,5.0,0.7,5.0,0.71,5.0,0.01,0.01,627.355794,1776362876000
1776362878.37,178.37,0.3,5.0,0.29,5.0,0.31,1.77,0.35,5.0,0.69,1.77,0.65,5.0,0.7,5.0,0.71,5.0,0.01,0.01,627.352554,1776362877000
1776362878.8,178.8,0.33,5.0,0.32,5.0,0.35,2.14,0.36,5.0,0.69,1.77,0.65,5.0,0.7,5.0,0.71,5.0,0.02,0.01,627.352554,1776362877000
1776362879.405,179.405,0.33,5.0,0.32,5.0,0.35,2.14,0.36,5.0,0.65,2.14,0.64,5.0,0.67,5.0,0.68,5.0,0.02,0.02,627.344962,1776362878000
1776362879.897,179.897,0.34,5.0,0.33,5.0,0.36,2.22,0.37,5.0,0.65,2.14,0.64,5.0,0.67,5.0,0.68,5.0,0.02,0.02,627.344962,1776362878000
1776362880.257,180.257,0.34,5.0,0.33,5.0,0.36,2.22,0.37,5.0,0.64,2.22,0.63,5.0,0.66,5.0,0.67,5.0,0.02,0.02,627.344962,1776362879000
1776362881.354,181.354,0.3,7.0,0.25,5.0,0.31,5.0,0.32,5.0,0.64,2.22,0.63,5.0,0.66,5.0,0.67,5.0,0.01,0.02,627.344962,1776362879000
1776362881.638,181.638,0.3,7.0,0.25,5.0,0.31,5.0,0.32,5.0,0.69,5.0,0.68,5.0,0.7,7.0,0.75,5.0,0.01,0.01,627.344962,1776362880000
1776362882.714,182.714,0.3,7.0,0.25,5.0,0.31,5.0,0.32,5.0,0.69,5.0,0.68,5.0,0.7,7.0,0.75,5.0,0.01,0.01,627.340522,1776362881000
1776362883.595,183.595,0.3,7.0,0.25,5.0,0.31,5.0,0.32,5.0,0.69,5.0,0.68,5.0,0.7,7.0,0.75,5.0,0.01,0.01,627.240481,1776362882000
1776362884.537,184.537,0.3,7.0,0.25,5.0,0.31,5.0,0.32,5.0,0.69,5.0,0.68,5.0,0.7,7.0,0.75,5.0,0.01,0.01,627.211792,1776362883000
1776362884.988,184.988,0.12,24.6,0.11,26.6,0.29,1.72,0.3,5.0,0.69,5.0,0.68,5.0,0.7,7.0,0.75,5.0,0.17,0.01,627.211792,1776362883000
1776362885.324,185.324,0.12,24.6,0.11,26.6,0.29,1.72,0.3,5.0,0.71,1.72,0.7,5.0,0.88,24.6,0.89,26.6,0.17,0.17,627.122065,1776362884000
1776362886.502,186.502,0.19,9.2,0.18,5.0,0.2,5.0,0.21,5.0,0.71,1.72,0.7,5.0,0.88,24.6,0.89,26.6,0.01,0.17,627.122065,1776362884000
1776362886.903,186.903,0.19,9.2,0.18,5.0,0.2,5.0,0.21,5.0,0.8,5.0,0.79,5.0,0.81,9.2,0.82,5.0,0.01,0.01,627.148658,1776362885000
1776362887.886,187.886,0.19,9.2,0.18,5.0,0.2,5.0,0.21,5.0,0.8,5.0,0.79,5.0,0.81,9.2,0.82,5.0,0.01,0.01,627.141599,1776362886000
1776362888.503,188.503,0.19,9.2,0.18,5.0,0.2,5.0,0.21,5.0,0.8,5.0,0.79,5.0,0.81,9.2,0.82,5.0,0.01,0.01,627.118488,1776362887000
1776362889.256,189.256,0.19,9.2,0.18,5.0,0.2,5.0,0.21,5.0,0.8,5.0,0.79,5.0,0.81,9.2,0.82,5.0,0.01,0.01,627.109526,1776362888000
1776362890.121,190.121,0.19,9.2,0.18,5.0,0.2,5.0,0.21,5.0,0.8,5.0,0.79,5.0,0.81,9.2,0.82,5.0,0.01,0.01,627.10359,1776362889000
1776362892.315,192.315,0.19,9.2,0.18,5.0,0.2,5.0,0.21,5.0,0.8,5.0,0.79,5.0,0.81,9.2,0.82,5.0,0.01,0.01,627.090785,1776362891000
1776362892.961,192.961,0.15,12.0,0.14,5.0,0.16,5.0,0.17,5.0,0.8,5.0,0.79,5.0,0.81,9.2,0.82,5.0,0.01,0.01,627.090785,1776362891000
1776362893.469,193.469,0.15,12.0,0.14,5.0,0.16,5.0,0.17,5.0,0.84,5.0,0.83,5.0,0.85,12.0,0.86,5.0,0.01,0.01,627.090785,1776362892000
1776362894.066,194.066,0.15,12.0,0.14,5.0,0.16,5.0,0.17,5.0,0.84,5.0,0.83,5.0,0.85,12.0,0.86,5.0,0.01,0.01,627.090785,1776362893000
1776362895.342,195.342,0.15,12.0,0.14,5.0,0.16,5.0,0.17,5.0,0.84,5.0,0.83,5.0,0.85,12.0,0.86,5.0,0.01,0.01,627.03902,1776362894000
1776362896.025,196.025,0.15,12.0,0.14,5.0,0.16,5.0,0.17,5.0,0.84,5.0,0.83,5.0,0.85,12.0,0.86,5.0,0.01,0.01,627.03902,1776362895000
1776362897.26,197.26,0.15,12.0,0.14,5.0,0.16,5.0,0.17,5.0,0.84,5.0,0.83,5.0,0.85,12.0,0.86,5.0,0.01,0.01,627.054335,1776362896000
1776362898.322,198.322,0.15,12.0,0.14,5.0,0.16,5.0,0.17,5.0,0.84,5.0,0.83,5.0,0.85,12.0,0.86,5.0,0.01,0.01,627.05307,1776362897000
1776362898.911,198.911,0.15,12.0,0.14,5.0,0.16,5.0,0.17,5.0,0.84,5.0,0.83,5.0,0.85,12.0,0.86,5.0,0.01,0.01,627.054335,1776362898000
1776362899.913,199.913,0.17,5.0,0.16,5.0,0.23,11.7,0.24,14.3,0.84,5.0,0.83,5.0,0.85,12.0,0.86,5.0,0.06,0.01,627.054335,1776362898000
1776362900.192,200.192,0.17,5.0,0.16,5.0,0.23,11.7,0.24,14.3,0.77,11.7,0.76,14.3,0.83,5.0,0.84,5.0,0.06,0.06,627.054335,1776362899000
1776362900.424,200.424,0.17,3.55,0.16,5.0,0.23,11.7,0.24,14.3,0.77,11.7,0.76,14.3,0.83,5.0,0.84,5.0,0.06,0.06,627.054335,1776362899000
1776362901.361,201.361,0.17,3.55,0.16,5.0,0.23,11.7,0.24,14.3,0.77,11.7,0.76,14.3,0.83,3.55,0.84,5.0,0.06,0.06,627.111902,1776362900000
1776362901.869,201.869,0.17,8.55,0.16,5.0,0.23,11.7,0.24,14.3,0.77,11.7,0.76,14.3,0.83,3.55,0.84,5.0,0.06,0.06,627.111902,1776362900000
1776362902.891,202.891,0.18,5.0,0.17,10.0,0.22,15.2,0.23,11.7,0.77,11.7,0.76,14.3,0.83,8.55,0.84,5.0,0.04,0.06,627.12171,1776362901000
1776362903.198,203.198,0.18,5.0,0.17,10.0,0.22,15.2,0.23,11.7,0.78,15.2,0.77,11.7,0.82,5.0,0.83,10.0,0.04,0.04,627.117897,1776362902000
1776362904.427,204.427,0.18,5.0,0.17,10.0,0.22,15.2,0.23,11.7,0.78,15.2,0.77,11.7,0.82,5.0,0.83,10.0,0.04,0.04,627.117897,1776362903000
1776362905.064,205.064,0.26,5.0,0.25,5.0,0.28,17.9,0.29,19.32,0.72,17.9,0.71,19.32,0.74,5.0,0.75,5.0,0.02,0.02,627.145166,1776362904000
1776362906.192,206.192,0.27,5.0,0.26,5.0,0.29,2.0,0.3,5.0,0.72,17.9,0.71,19.32,0.74,5.0,0.75,5.0,0.02,0.02,627.145166,1776362904000
1776362906.75,206.75,0.27,5.0,0.26,5.0,0.29,2.0,0.3,5.0,0.71,2.0,0.7,5.0,0.73,5.0,0.74,5.0,0.02,0.02,627.203789,1776362905000
1776362907.388,207.388,0.27,5.0,0.26,5.0,0.29,2.0,0.3,5.0,0.71,2.0,0.7,5.0,0.73,5.0,0.74,5.0,0.02,0.02,627.212865,1776362906000
1776362908.814,208.814,0.22,3.0,0.21,5.0,0.26,5.0,0.27,5.0,0.71,2.0,0.7,5.0,0.73,5.0,0.74,5.0,0.04,0.02,627.212865,1776362906000
1776362909.622,209.622,0.22,3.0,0.21,5.0,0.26,5.0,0.27,5.0,0.74,5.0,0.73,5.0,0.78,3.0,0.79,5.0,0.04,0.04,627.249978,1776362908000
1776362910.297,210.297,0.22,3.0,0.21,5.0,0.26,5.0,0.27,5.0,0.74,5.0,0.73,5.0,0.78,3.0,0.79,5.0,0.04,0.04,627.243242,1776362909000
1776362911.386,211.386,0.22,3.0,0.21,5.0,0.26,5.0,0.27,5.0,0.74,5.0,0.73,5.0,0.78,3.0,0.79,5.0,0.04,0.04,627.249748,1776362910000
1776362911.735,211.735,0.19,5.0,0.18,5.0,0.27,10.97,0.28,17.9,0.74,5.0,0.73,5.0,0.78,3.0,0.79,5.0,0.08,0.04,627.249748,1776362910000
1776362911.988,211.988,0.19,5.0,0.18,5.0,0.27,10.97,0.28,17.9,0.73,10.97,0.72,17.9,0.81,5.0,0.82,5.0,0.08,0.08,627.249748,1776362911000
1776362913.15,213.15,0.19,5.0,0.18,5.0,0.27,10.97,0.28,17.9,0.73,10.97,0.72,17.9,0.81,5.0,0.82,5.0,0.08,0.08,627.249748,1776362912000
1776362913.419,213.419,0.22,2.0,0.21,5.0,0.23,5.0,0.24,5.0,0.73,10.97,0.72,17.9,0.81,5.0,0.82,5.0,0.01,0.08,627.249748,1776362912000
1776362913.841,213.841,0.19,5.0,0.18,5.0,0.21,10.0,0.22,5.0,0.77,5.0,0.76,5.0,0.78,2.0,0.79,5.0,0.02,0.01,627.249748,1776362912000
1776362914.277,214.277,0.19,5.0,0.18,5.0,0.21,10.0,0.22,5.0,0.79,10.0,0.78,5.0,0.81,5.0,0.82,5.0,0.02,0.02,627.249748,1776362913000
1776362915.394,215.394,0.19,5.0,0.18,5.0,0.21,10.0,0.22,5.0,0.79,10.0,0.78,5.0,0.81,5.0,0.82,5.0,0.02,0.02,627.149897,1776362914000
1776362915.625,215.625,0.19,5.0,0.18,5.0,0.21,10.0,0.22,15.2,0.79,10.0,0.78,5.0,0.81,5.0,0.82,5.0,0.02,0.02,627.149897,1776362914000
1776362916.149,216.149,0.19,5.0,0.18,5.0,0.21,10.0,0.22,15.2,0.79,10.0,0.78,15.2,0.81,5.0,0.82,5.0,0.02,0.02,627.07538,1776362915000
1776362917.084,217.084,0.2,5.0,0.19,5.0,0.21,27.7,0.22,15.2,0.79,15.0,0.78,15.2,0.81,5.0,0.82,5.0,0.01,0.02,627.07538,1776362915000
1776362918.656,218.656,0.2,5.0,0.19,5.0,0.21,27.7,0.22,15.2,0.79,27.7,0.78,15.2,0.8,5.0,0.81,5.0,0.01,0.01,627.141193,1776362917000
1776362919.337,219.337,0.2,5.0,0.19,5.0,0.21,27.7,0.22,15.2,0.79,27.7,0.78,15.2,0.8,5.0,0.81,5.0,0.01,0.01,627.159417,1776362918000
1776362920.28,220.28,0.2,5.0,0.19,5.0,0.21,27.7,0.22,15.2,0.79,27.7,0.78,15.2,0.8,5.0,0.81,5.0,0.01,0.01,627.177568,1776362919000
1776362920.978,220.978,0.2,5.0,0.19,5.0,0.21,27.7,0.22,15.2,0.79,27.7,0.78,15.2,0.8,5.0,0.81,5.0,0.01,0.01,627.17765,1776362920000
1776362922.002,222.002,0.2,5.0,0.19,5.0,0.21,27.7,0.22,15.2,0.79,27.7,0.78,15.2,0.8,5.0,0.81,5.0,0.01,0.01,627.177678,1776362921000
1776362922.508,222.508,0.19,5.0,0.18,5.0,0.21,27.7,0.22,15.2,0.79,27.7,0.78,15.2,0.8,5.0,0.81,5.0,0.02,0.01,627.177678,1776362921000
1776362923.248,223.248,0.19,5.0,0.18,5.0,0.21,27.7,0.22,15.2,0.79,27.7,0.78,15.2,0.81,5.0,0.82,5.0,0.02,0.02,627.179768,1776362922000
1776362924.134,224.134,0.2,5.0,0.19,5.0,0.21,4.0,0.23,5.0,0.79,27.7,0.78,15.2,0.81,5.0,0.82,5.0,0.01,0.02,627.179768,1776362922000
1776362924.925,224.925,0.2,5.0,0.19,5.0,0.21,4.0,0.23,5.0,0.79,4.0,0.77,5.0,0.8,5.0,0.81,5.0,0.01,0.01,627.179302,1776362923000
1776362925.362,225.362,0.2,5.0,0.19,5.0,0.21,4.0,0.23,5.0,0.79,4.0,0.77,5.0,0.8,5.0,0.81,5.0,0.01,0.01,627.181814,1776362924000
1776362925.984,225.984,0.2,5.0,0.19,5.0,0.21,4.0,0.23,5.0,0.79,4.0,0.77,5.0,0.8,5.0,0.81,5.0,0.01,0.01,627.211681,1776362925000
1776362926.304,226.304,0.2,5.0,0.19,5.0,0.21,1.0,0.23,5.0,0.79,4.0,0.77,5.0,0.8,5.0,0.81,5.0,0.01,0.01,627.211681,1776362925000
1776362927.087,227.087,0.2,5.0,0.19,5.0,0.28,5.0,0.31,5.1,0.72,5.0,0.69,5.1,0.8,5.0,0.81,5.0,0.08,0.08,627.232565,1776362926000
1776362928.147,228.147,0.2,5.0,0.19,5.0,0.28,5.0,0.31,5.1,0.72,5.0,0.69,5.1,0.8,5.0,0.81,5.0,0.08,0.08,627.308813,1776362927000
1776362928.537,228.537,0.26,5.0,0.25,5.0,0.29,5.0,0.3,5.0,0.72,5.0,0.69,5.1,0.8,5.0,0.81,5.0,0.03,0.08,627.308813,1776362927000
1776362929.186,229.186,0.26,5.0,0.25,5.0,0.29,5.0,0.3,5.0,0.71,5.0,0.7,5.0,0.74,5.0,0.75,5.0,0.03,0.03,627.315062,1776362928000
1776362930.247,230.247,0.26,5.0,0.25,5.0,0.29,5.0,0.3,5.0,0.71,5.0,0.7,5.0,0.74,5.0,0.75,5.0,0.03,0.03,627.315062,1776362929000
1776362931.265,231.265,0.26,5.0,0.25,5.0,0.29,5.0,0.3,5.0,0.71,5.0,0.7,5.0,0.74,5.0,0.75,5.0,0.03,0.03,627.315089,1776362930000
1776362932.238,232.238,0.26,5.0,0.25,5.0,0.29,5.0,0.3,5.0,0.71,5.0,0.7,5.0,0.74,5.0,0.75,5.0,0.03,0.03,627.308188,1776362931000
1776362933.241,233.241,0.26,5.0,0.25,5.0,0.29,5.0,0.3,5.0,0.71,5.0,0.7,5.0,0.74,5.0,0.75,5.0,0.03,0.03,627.314276,1776362932000
1776362934.35,234.35,0.26,5.0,0.25,5.0,0.29,5.0,0.3,5.0,0.71,5.0,0.7,5.0,0.74,5.0,0.75,5.0,0.03,0.03,627.308386,1776362933000
1776362935.361,235.361,0.26,5.0,0.25,5.0,0.29,5.0,0.3,5.0,0.71,5.0,0.7,5.0,0.74,5.0,0.75,5.0,0.03,0.03,627.310769,1776362934000
1776362936.376,236.376,0.26,5.0,0.25,5.0,0.29,5.0,0.3,5.0,0.71,5.0,0.7,5.0,0.74,5.0,0.75,5.0,0.03,0.03,627.310726,1776362935000
1776362937.335,237.335,0.26,5.0,0.25,5.0,0.29,5.0,0.3,5.0,0.71,5.0,0.7,5.0,0.74,5.0,0.75,5.0,0.03,0.03,627.310671,1776362936000
1776362938.553,238.553,0.26,5.0,0.25,5.0,0.29,5.0,0.3,5.0,0.71,5.0,0.7,5.0,0.74,5.0,0.75,5.0,0.03,0.03,627.310353,1776362937000
1776362939.379,239.379,0.26,5.0,0.25,5.0,0.29,5.0,0.3,5.0,0.71,5.0,0.7,5.0,0.74,5.0,0.75,5.0,0.03,0.03,627.310353,1776362938000
1776362940.072,240.072,0.26,5.0,0.25,5.0,0.29,5.0,0.3,5.0,0.71,5.0,0.7,5.0,0.74,5.0,0.75,5.0,0.03,0.03,627.30476,1776362939000
1776362941.916,241.916,0.26,5.0,0.25,5.0,0.29,5.0,0.3,5.0,0.71,5.0,0.7,5.0,0.74,5.0,0.75,5.0,0.03,0.03,627.300115,1776362940000
1776362942.786,242.786,0.26,5.0,0.25,5.0,0.29,5.0,0.3,5.0,0.71,5.0,0.7,5.0,0.74,5.0,0.75,5.0,0.03,0.03,627.295234,1776362941000
1776362943.654,243.654,0.26,5.0,0.25,5.0,0.29,5.0,0.3,5.0,0.71,5.0,0.7,5.0,0.74,5.0,0.75,5.0,0.03,0.03,627.305221,1776362942000
1776362944.372,244.372,0.26,5.0,0.25,5.0,0.29,5.0,0.3,5.0,0.71,5.0,0.7,5.0,0.74,5.0,0.75,5.0,0.03,0.03,627.305221,1776362943000
1776362945.123,245.123,0.26,5.0,0.25,5.0,0.29,5.0,0.3,5.0,0.71,5.0,0.7,5.0,0.74,5.0,0.75,5.0,0.03,0.03,627.305221,1776362944000
1776362946.505,246.505,0.26,5.0,0.25,5.0,0.29,5.0,0.3,5.0,0.71,5.0,0.7,5.0,0.74,5.0,0.75,5.0,0.03,0.03,627.297563,1776362945000
1776362947.051,247.051,0.19,5.0,0.18,5.0,0.2,0.1,0.21,5.0,0.71,5.0,0.7,5.0,0.74,5.0,0.75,5.0,0.01,0.03,627.297563,1776362945000
1776362947.301,247.301,0.19,5.0,0.18,5.0,0.2,0.1,0.21,5.0,0.8,0.1,0.79,5.0,0.81,5.0,0.82,5.0,0.01,0.01,627.297138,1776362946000
1776362948.085,248.085,0.19,5.0,0.18,5.0,0.2,0.1,0.21,5.0,0.8,0.1,0.79,5.0,0.81,5.0,0.82,5.0,0.01,0.01,627.297138,1776362947000
1776362949.421,249.421,0.19,5.0,0.18,5.0,0.21,5.23,0.22,5.0,0.8,0.1,0.79,5.0,0.81,5.0,0.82,5.0,0.02,0.01,627.297138,1776362947000
1776362950.375,250.375,0.19,5.0,0.18,5.0,0.21,5.23,0.22,5.0,0.79,5.23,0.78,5.0,0.81,5.0,0.82,5.0,0.02,0.02,627.293963,1776362949000
1776362951.208,251.208,0.19,5.0,0.18,5.0,0.21,5.23,0.22,5.0,0.79,5.23,0.78,5.0,0.81,5.0,0.82,5.0,0.02,0.02,627.293963,1776362950000
1776362952.709,252.709,0.19,5.0,0.18,5.0,0.21,5.23,0.22,5.0,0.79,5.23,0.78,5.0,0.81,5.0,0.82,5.0,0.02,0.02,627.294068,1776362951000
1776362953.261,253.261,0.1,7.0,0.09,11.0,0.14,5.0,0.15,5.0,0.79,5.23,0.78,5.0,0.81,5.0,0.82,5.0,0.04,0.02,627.294068,1776362951000
1776362953.665,253.665,0.1,0.41,0.09,11.0,0.11,5.0,0.12,1.25,0.88,1.25,0.87,5.0,0.9,7.0,0.91,11.0,0.01,0.02,627.292843,1776362952000
1776362954.127,254.127,0.09,9.2,0.08,17.0,0.11,5.0,0.12,1.25,0.89,5.0,0.88,1.25,0.91,9.2,0.92,17.0,0.02,0.02,627.292843,1776362953000
1776362955.609,255.609,0.09,3.7,0.08,17.0,0.1,5.0,0.11,5.0,0.89,5.0,0.88,1.25,0.91,9.2,0.92,17.0,0.01,0.02,627.292843,1776362953000
1776362956.572,256.572,0.09,3.7,0.08,17.0,0.1,5.0,0.11,5.0,0.9,5.0,0.89,5.0,0.91,3.7,0.92,17.0,0.01,0.01,627.079506,1776362955000
1776362956.821,256.821,0.09,2.78,0.08,17.0,0.1,7.22,0.12,6.25,0.9,5.0,0.89,5.0,0.91,3.7,0.92,17.0,0.01,0.01,627.079506,1776362955000
1776362957.256,257.256,0.09,2.78,0.08,17.0,0.1,7.22,0.12,6.25,0.9,7.22,0.88,6.25,0.91,2.78,0.92,17.0,0.01,0.01,627.0808,1776362956000
1776362958.698,258.698,0.09,2.78,0.08,17.0,0.1,7.22,0.12,6.25,0.9,7.22,0.88,6.25,0.91,2.78,0.92,17.0,0.01,0.01,627.086068,1776362957000
1776362959.097,259.097,0.07,15.56,0.06,21.0,0.09,7.14,0.1,33.9,0.9,7.22,0.88,6.25,0.91,2.78,0.92,17.0,0.02,0.01,627.086068,1776362957000
1776362959.43,259.43,0.07,15.56,0.06,21.0,0.09,7.14,0.1,33.9,0.91,7.14,0.9,33.9,0.93,15.56,0.94,21.0,0.02,0.02,627.097792,1776362958000
1776362960.359,260.359,0.07,10.56,0.06,21.0,0.08,37.77,0.09,36.7,0.91,7.14,0.9,33.9,0.93,15.56,0.94,21.0,0.01,0.02,627.097792,1776362958000
1776362960.633,260.633,0.07,13.37,0.06,21.0,0.08,37.77,0.09,36.7,0.92,37.77,0.91,36.7,0.93,10.56,0.94,21.0,0.01,0.01,627.081515,1776362959000
1776362961.188,261.188,0.07,12.29,0.06,21.0,0.08,37.77,0.09,36.7,0.92,37.77,0.91,36.7,0.93,12.29,0.94,21.0,0.01,0.01,627.082368,1776362960000
1776362962.423,262.423,0.07,12.29,0.06,21.0,0.08,37.77,0.09,36.7,0.92,37.77,0.91,36.7,0.93,12.29,0.94,21.0,0.01,0.01,627.081728,1776362961000
1776362963.082,263.082,0.07,12.29,0.06,21.0,0.08,37.77,0.09,36.7,0.92,37.77,0.91,36.7,0.93,12.29,0.94,21.0,0.01,0.01,627.075365,1776362962000
1776362964.038,264.038,0.07,5.77,0.06,21.0,0.08,42.77,0.09,36.7,0.92,37.77,0.91,36.7,0.93,12.29,0.94,21.0,0.01,0.01,627.075365,1776362962000
1776362964.423,264.423,0.06,18.14,0.05,25.0,0.08,42.77,0.09,36.7,0.92,42.77,0.91,36.7,0.93,0.77,0.94,21.0,0.02,0.01,626.976815,1776362963000
1776362965.416,265.416,0.06,18.14,0.05,25.0,0.08,42.77,0.09,36.7,0.92,42.77,0.91,36.7,0.94,18.14,0.95,25.0,0.02,0.02,626.96695,1776362964000
1776362966.108,266.108,0.04,23.21,0.03,38.0,0.07,51.88,0.08,35.71,0.93,51.88,0.92,35.71,0.96,23.21,0.97,38.0,0.03,0.03,626.979464,1776362965000
1776362966.83,266.83,0.04,18.21,0.03,38.0,0.05,61.7,0.06,56.42,0.93,51.88,0.92,35.71,0.96,23.21,0.97,38.0,0.01,0.03,626.979464,1776362965000
1776362967.375,267.375,0.04,18.21,0.03,38.0,0.05,61.7,0.06,56.42,0.95,61.7,0.94,56.42,0.96,18.21,0.97,38.0,0.01,0.01,626.9784,1776362966000
1776362967.936,267.936,0.04,18.21,0.03,38.0,0.05,61.7,0.06,56.42,0.95,61.7,0.94,56.42,0.96,18.21,0.97,38.0,0.01,0.01,626.927527,1776362967000
1776362968.367,268.367,0.04,2.68,0.03,38.0,0.05,61.7,0.06,51.1,0.95,61.7,0.94,51.1,0.96,7.89,0.97,38.0,0.01,0.01,626.927527,1776362967000
1776362968.832,268.832,0.03,3.96,0.02,99.68,0.04,67.7,0.05,54.86,0.95,61.7,0.94,51.1,0.98,99.68,0.99,420.0,0.01,0.03,626.927527,1776362967000
1776362969.132,269.132,0.03,3.96,0.02,99.68,0.04,67.7,0.05,54.86,0.96,67.7,0.95,54.86,0.97,3.96,0.98,99.68,0.01,0.01,626.930275,1776362968000
1776362969.647,269.647,0.02,96.75,0.01,420.0,0.04,67.7,0.05,54.86,0.96,67.7,0.95,54.86,0.97,3.96,0.98,99.68,0.02,0.01,626.930275,1776362968000
1776362970.402,270.402,0.02,86.64,0.01,420.0,0.03,89.3,0.04,72.7,0.97,89.3,0.96,72.7,0.98,86.64,0.99,420.0,0.01,0.01,626.932222,1776362969000
1776362971.015,271.015,0.02,81.59,0.01,420.0,0.03,89.3,0.04,72.7,0.97,89.3,0.96,72.7,0.98,81.59,0.99,420.0,0.01,0.01,626.91879,1776362970000
1776362971.246,271.246,0.02,80.56,0.01,420.0,0.03,89.3,0.04,72.7,0.97,89.3,0.96,72.7,0.98,81.59,0.99,420.0,0.01,0.01,626.91879,1776362970000
1776362971.53,271.53,0.02,70.56,0.01,420.0,0.03,89.3,0.04,72.7,0.97,89.3,0.96,72.7,0.98,80.56,0.99,420.0,0.01,0.01,626.91879,1776362970000
1776362972.159,272.159,0.01,384.5,,,0.03,94.3,0.04,72.7,0.97,94.3,0.96,72.7,0.99,384.5,,,0.02,0.02,626.916927,1776362971000
1776362973.655,273.655,0.01,384.5,,,0.03,94.3,0.04,72.7,0.97,94.3,0.96,72.7,0.99,384.5,,,0.02,0.02,626.84897,1776362972000
1776362974.756,274.756,0.01,379.45,,,0.02,132.69,0.03,94.3,0.98,132.69,0.97,94.3,0.99,379.45,,,0.01,0.01,626.862766,1776362973000
1776362975.42,275.42,0.01,379.45,,,0.02,132.69,0.03,94.3,0.98,132.69,0.97,94.3,0.99,379.45,,,0.01,0.01,626.855884,1776362974000
1776362976.03,276.03,0.01,379.45,,,0.02,132.69,0.03,94.3,0.98,132.69,0.97,94.3,0.99,379.45,,,0.01,0.01,626.846023,1776362975000
1776362977.324,277.324,0.01,379.45,,,0.02,132.69,0.03,94.3,0.98,132.69,0.97,94.3,0.99,379.45,,,0.01,0.01,626.848239,1776362976000
1776362978.233,278.233,,,,,0.01,746.49,0.03,5.0,0.97,5.0,0.96,5.0,0.99,253.51,,,,0.02,626.848239,1776362976000
1776362978.444,278.444,,,,,0.01,746.49,0.03,5.0,0.99,746.49,0.97,5.0,,,,,,,626.851531,1776362977000
1776362979.142,279.142,,,,,0.01,773.99,0.02,5.0,0.99,773.99,0.98,5.0,,,,,,,626.855034,1776362978000
1776362980.211,280.211,,,,,0.01,773.99,0.02,5.0,0.99,773.99,0.98,5.0,,,,,,,626.836255,1776362979000
1776362981.277,281.277,,,,,0.01,773.99,0.02,5.0,0.99,773.99,0.98,5.0,,,,,,,626.829481,1776362980000
1776362982.536,282.536,,,,,0.01,773.99,0.02,5.0,0.99,773.99,0.98,5.0,,,,,,,626.801333,1776362981000
1776362983.166,283.166,,,,,0.01,773.99,0.02,5.0,0.99,773.99,0.98,5.0,,,,,,,626.796729,1776362982000
1776362984.375,284.375,,,,,0.01,773.99,0.02,5.0,0.99,773.99,0.98,5.0,,,,,,,626.774018,1776362983000
1776362984.923,284.923,,,,,0.01,773.99,0.02,5.0,0.99,773.99,0.98,5.0,,,,,,,626.780218,1776362984000
1776362986.134,286.134,,,,,0.01,773.99,0.02,5.0,0.99,773.99,0.98,5.0,,,,,,,626.678927,1776362985000
1776362987.283,287.283,,,,,0.01,773.99,0.02,5.0,0.99,773.99,0.98,5.0,,,,,,,626.678927,1776362986000
1776362988.478,288.478,,,,,0.01,773.99,0.02,5.0,0.99,773.99,0.98,5.0,,,,,,,626.676048,1776362987000
1776362988.961,288.961,,,,,0.01,773.99,0.02,5.0,0.99,773.99,0.98,5.0,,,,,,,626.681574,1776362988000

# RESULT,winner=Down,slug=bnb-updown-5m-1776362700,ticks=350
