timestamp,elapsed_sec,up_bid_p1,up_bid_s1,up_bid_p2,up_bid_s2,up_ask_p1,up_ask_s1,up_ask_p2,up_ask_s2,down_bid_p1,down_bid_s1,down_bid_p2,down_bid_s2,down_ask_p1,down_ask_s1,down_ask_p2,down_ask_s2,up_spread,down_spread,bnb_price,bnb_oracle_ts
1776382800.537,0.537,0.41,5.0,0.4,65.0,0.5,6.0,0.59,5.0,0.5,6.0,0.47,31.09,0.53,40.0,0.54,68.0,0.09,0.03,636.343,1776382799000
1776382801.245,1.245,0.41,5.0,0.4,65.0,0.5,6.0,0.59,5.0,0.5,6.0,0.41,5.0,0.59,5.0,0.6,65.0,0.09,0.09,636.343,1776382800000
1776382801.926,1.926,0.41,5.0,0.4,65.0,0.5,6.0,0.59,5.0,0.5,6.0,0.41,5.0,0.59,5.0,0.6,65.0,0.09,0.09,636.343,1776382801000
1776382803.014,3.014,0.41,5.0,0.4,65.0,0.5,6.0,0.59,5.0,0.5,6.0,0.41,5.0,0.59,5.0,0.6,65.0,0.09,0.09,636.341753,1776382802000
1776382804.551,4.551,0.41,5.0,0.4,65.0,0.5,6.0,0.59,5.0,0.5,6.0,0.41,5.0,0.59,5.0,0.6,65.0,0.09,0.09,636.352025,1776382803000
1776382805.08,5.08,0.41,5.0,0.4,65.0,0.5,6.0,0.59,5.0,0.5,6.0,0.41,5.0,0.59,5.0,0.6,65.0,0.09,0.09,636.352025,1776382804000
1776382806.027,6.027,0.41,5.0,0.4,65.0,0.5,6.0,0.59,5.0,0.5,6.0,0.41,5.0,0.59,5.0,0.6,65.0,0.09,0.09,636.351278,1776382805000
1776382807.046,7.046,0.41,5.0,0.4,65.0,0.5,6.0,0.59,5.0,0.5,6.0,0.41,5.0,0.59,5.0,0.6,65.0,0.09,0.09,636.356504,1776382806000
1776382808.141,8.141,0.41,5.0,0.4,65.0,0.5,6.0,0.59,5.0,0.5,6.0,0.41,5.0,0.59,5.0,0.6,65.0,0.09,0.09,636.365,1776382807000
1776382809.092,9.092,0.41,5.0,0.4,65.0,0.5,6.0,0.59,5.0,0.5,6.0,0.41,5.0,0.59,5.0,0.6,65.0,0.09,0.09,636.361,1776382808000
1776382810.156,10.156,0.41,5.0,0.4,65.0,0.5,6.0,0.59,5.0,0.5,6.0,0.41,5.0,0.59,5.0,0.6,65.0,0.09,0.09,636.361,1776382809000
1776382811.105,11.105,0.41,5.0,0.4,65.0,0.5,6.0,0.59,5.0,0.5,6.0,0.41,5.0,0.59,5.0,0.6,65.0,0.09,0.09,636.356364,1776382810000
1776382812.166,12.166,0.41,5.0,0.4,65.0,0.5,6.0,0.59,5.0,0.5,6.0,0.41,5.0,0.59,5.0,0.6,65.0,0.09,0.09,636.350669,1776382811000
1776382813.123,13.123,0.41,5.0,0.4,65.0,0.5,6.0,0.59,5.0,0.5,6.0,0.41,5.0,0.59,5.0,0.6,65.0,0.09,0.09,636.350082,1776382812000
1776382813.626,13.626,0.46,2.0,0.37,8.0,0.48,5.0,0.5,6.0,0.5,6.0,0.41,5.0,0.59,5.0,0.6,65.0,0.02,0.09,636.350082,1776382812000
1776382814.135,14.135,0.37,8.0,0.36,8.0,0.4,6.0,0.48,5.0,0.6,6.0,0.52,5.0,0.63,8.0,0.64,8.0,0.03,0.03,636.350082,1776382813000
1776382815.112,15.112,0.37,8.0,0.36,8.0,0.4,6.0,0.48,5.0,0.6,6.0,0.52,5.0,0.63,8.0,0.64,8.0,0.03,0.03,636.349756,1776382814000
1776382816.095,16.095,0.37,8.0,0.36,8.0,0.4,6.0,0.48,5.0,0.6,6.0,0.52,5.0,0.63,8.0,0.64,8.0,0.03,0.03,636.291303,1776382815000
1776382816.998,16.998,0.36,2.18,0.34,5.0,0.4,6.0,0.45,15.0,0.6,6.0,0.52,5.0,0.63,8.0,0.64,8.0,0.04,0.03,636.291303,1776382815000
1776382817.931,17.931,0.36,2.18,0.34,5.0,0.4,6.0,0.45,15.0,0.6,6.0,0.55,15.0,0.64,2.18,0.66,5.0,0.04,0.04,636.2795,1776382816000
1776382818.514,18.514,0.36,2.18,0.34,5.0,0.4,6.0,0.45,15.0,0.6,6.0,0.55,15.0,0.64,2.18,0.66,5.0,0.04,0.04,636.277613,1776382817000
1776382819.233,19.233,0.36,2.18,0.34,5.0,0.4,6.0,0.45,15.0,0.6,6.0,0.55,15.0,0.64,2.18,0.66,5.0,0.04,0.04,636.25676,1776382818000
1776382820.988,20.988,0.36,2.18,0.34,5.0,0.4,6.0,0.45,15.0,0.6,6.0,0.55,15.0,0.64,2.18,0.66,5.0,0.04,0.04,636.241623,1776382820000
1776382822.741,22.741,0.36,2.18,0.34,5.0,0.4,6.0,0.45,15.0,0.6,6.0,0.55,15.0,0.64,2.18,0.66,5.0,0.04,0.04,636.22259,1776382821000
1776382823.763,23.763,0.29,10.0,0.28,5.0,0.39,12.43,0.4,6.0,0.61,12.43,0.6,6.0,0.71,10.0,0.72,5.0,0.1,0.1,636.22259,1776382822000
1776382824.359,24.359,0.29,10.0,0.28,5.0,0.39,12.43,0.4,6.0,0.61,12.43,0.6,6.0,0.71,10.0,0.72,5.0,0.1,0.1,636.156236,1776382823000
1776382824.998,24.998,0.29,10.0,0.28,5.0,0.39,12.43,0.4,6.0,0.61,12.43,0.6,6.0,0.71,10.0,0.72,5.0,0.1,0.1,636.17819,1776382824000
1776382826.288,26.288,0.29,10.0,0.28,5.0,0.39,12.43,0.4,6.0,0.61,12.43,0.6,6.0,0.71,10.0,0.72,5.0,0.1,0.1,636.18175,1776382825000
1776382827.428,27.428,0.29,10.0,0.28,5.0,0.39,12.43,0.4,6.0,0.61,12.43,0.6,6.0,0.71,10.0,0.72,5.0,0.1,0.1,636.13582,1776382826000
1776382828.026,28.026,0.29,10.0,0.28,5.0,0.39,12.43,0.4,6.0,0.61,12.43,0.6,6.0,0.71,10.0,0.72,5.0,0.1,0.1,636.13582,1776382827000
1776382829.281,29.281,0.29,10.0,0.28,5.0,0.39,12.43,0.4,6.0,0.61,12.43,0.6,6.0,0.71,10.0,0.72,5.0,0.1,0.1,636.13171,1776382828000
1776382830.059,30.059,0.29,10.0,0.28,5.0,0.39,12.43,0.4,6.0,0.61,12.43,0.6,6.0,0.71,10.0,0.72,5.0,0.1,0.1,636.13247,1776382829000
1776382831.123,31.123,0.29,10.0,0.28,5.0,0.39,12.43,0.4,6.0,0.61,12.43,0.6,6.0,0.71,10.0,0.72,5.0,0.1,0.1,636.13196,1776382830000
1776382832.199,32.199,0.29,10.0,0.28,5.0,0.39,12.43,0.4,6.0,0.61,12.43,0.6,6.0,0.71,10.0,0.72,5.0,0.1,0.1,636.171396,1776382831000
1776382833.447,33.447,0.29,10.0,0.28,5.0,0.39,12.43,0.4,6.0,0.61,12.43,0.6,6.0,0.71,10.0,0.72,5.0,0.1,0.1,636.167,1776382832000
1776382834.02,34.02,0.29,10.0,0.28,5.0,0.39,12.43,0.4,6.0,0.61,12.43,0.6,6.0,0.71,10.0,0.72,5.0,0.1,0.1,636.167,1776382833000
1776382835.032,35.032,0.29,10.0,0.28,5.0,0.39,12.43,0.4,6.0,0.61,12.43,0.6,6.0,0.71,10.0,0.72,5.0,0.1,0.1,636.14198,1776382834000
1776382836.07,36.07,0.29,10.0,0.28,5.0,0.39,12.43,0.4,6.0,0.61,12.43,0.6,6.0,0.71,10.0,0.72,5.0,0.1,0.1,636.139,1776382835000
1776382837.09,37.09,0.29,10.0,0.28,5.0,0.39,12.43,0.4,6.0,0.61,12.43,0.6,6.0,0.71,10.0,0.72,5.0,0.1,0.1,636.13078,1776382836000
1776382838.117,38.117,0.29,10.0,0.28,5.0,0.39,12.43,0.4,6.0,0.61,12.43,0.6,6.0,0.71,10.0,0.72,5.0,0.1,0.1,636.13376,1776382837000
1776382839.103,39.103,0.29,10.0,0.28,5.0,0.39,12.43,0.4,6.0,0.61,12.43,0.6,6.0,0.71,10.0,0.72,5.0,0.1,0.1,636.13262,1776382838000
1776382840.174,40.174,0.29,10.0,0.28,5.0,0.39,12.43,0.4,6.0,0.61,12.43,0.6,6.0,0.71,10.0,0.72,5.0,0.1,0.1,636.142,1776382839000
1776382841.119,41.119,0.29,10.0,0.28,5.0,0.39,12.43,0.4,6.0,0.61,12.43,0.6,6.0,0.71,10.0,0.72,5.0,0.1,0.1,636.142,1776382840000
1776382842.174,42.174,0.29,10.0,0.28,5.0,0.39,12.43,0.4,6.0,0.61,12.43,0.6,6.0,0.71,10.0,0.72,5.0,0.1,0.1,636.148,1776382841000
1776382843.173,43.173,0.29,10.0,0.28,5.0,0.39,12.43,0.4,6.0,0.61,12.43,0.6,6.0,0.71,10.0,0.72,5.0,0.1,0.1,636.149,1776382842000
1776382844.243,44.243,0.29,10.0,0.28,5.0,0.39,12.43,0.4,6.0,0.61,12.43,0.6,6.0,0.71,10.0,0.72,5.0,0.1,0.1,636.095768,1776382843000
1776382845.344,45.344,0.29,10.0,0.28,5.0,0.39,12.43,0.4,6.0,0.61,12.43,0.6,6.0,0.71,10.0,0.72,5.0,0.1,0.1,636.069568,1776382844000
1776382846.39,46.39,0.29,10.0,0.28,5.0,0.39,12.43,0.4,6.0,0.61,12.43,0.6,6.0,0.71,10.0,0.72,5.0,0.1,0.1,636.059558,1776382845000
1776382846.948,46.948,0.29,10.0,0.28,5.0,0.39,12.43,0.4,6.0,0.61,12.43,0.6,6.0,0.71,10.0,0.72,5.0,0.1,0.1,636.05452,1776382846000
1776382848.585,48.585,0.29,10.0,0.28,5.0,0.39,12.43,0.4,6.0,0.61,12.43,0.6,6.0,0.71,10.0,0.72,5.0,0.1,0.1,636.108521,1776382847000
1776382849.127,49.127,0.29,10.0,0.28,5.0,0.39,12.43,0.4,6.0,0.61,12.43,0.6,6.0,0.71,10.0,0.72,5.0,0.1,0.1,636.124794,1776382848000
1776382850.222,50.222,0.29,10.0,0.28,5.0,0.39,12.43,0.4,6.0,0.61,12.43,0.6,6.0,0.71,10.0,0.72,5.0,0.1,0.1,636.125418,1776382849000
1776382851.16,51.16,0.29,10.0,0.28,5.0,0.39,12.43,0.4,6.0,0.61,12.43,0.6,6.0,0.71,10.0,0.72,5.0,0.1,0.1,636.125809,1776382850000
1776382852.216,52.216,0.29,10.0,0.28,5.0,0.39,12.43,0.4,6.0,0.61,12.43,0.6,6.0,0.71,10.0,0.72,5.0,0.1,0.1,636.127722,1776382851000
1776382853.219,53.219,0.29,10.0,0.28,5.0,0.39,12.43,0.4,6.0,0.61,12.43,0.6,6.0,0.71,10.0,0.72,5.0,0.1,0.1,636.129968,1776382852000
1776382854.288,54.288,0.29,10.0,0.28,5.0,0.39,12.43,0.4,6.0,0.61,12.43,0.6,6.0,0.71,10.0,0.72,5.0,0.1,0.1,636.129969,1776382853000
1776382855.294,55.294,0.29,10.0,0.28,5.0,0.39,12.43,0.4,6.0,0.61,12.43,0.6,6.0,0.71,10.0,0.72,5.0,0.1,0.1,636.13327,1776382854000
1776382856.231,56.231,0.29,10.0,0.28,5.0,0.39,12.43,0.4,6.0,0.61,12.43,0.6,6.0,0.71,10.0,0.72,5.0,0.1,0.1,636.131128,1776382855000
1776382857.207,57.207,0.29,10.0,0.28,5.0,0.39,12.43,0.4,6.0,0.61,12.43,0.6,6.0,0.71,10.0,0.72,5.0,0.1,0.1,636.129512,1776382856000
1776382858.28,58.28,0.29,10.0,0.28,5.0,0.39,12.43,0.4,6.0,0.61,12.43,0.6,6.0,0.71,10.0,0.72,5.0,0.1,0.1,636.14732,1776382857000
1776382859.21,59.21,0.29,10.0,0.28,5.0,0.39,12.43,0.4,6.0,0.61,12.43,0.6,6.0,0.71,10.0,0.72,5.0,0.1,0.1,636.138137,1776382858000
1776382860.274,60.274,0.29,10.0,0.28,5.0,0.39,12.43,0.4,6.0,0.61,12.43,0.6,6.0,0.71,10.0,0.72,5.0,0.1,0.1,636.133941,1776382859000
1776382862.081,62.081,0.29,10.0,0.28,5.0,0.39,12.43,0.4,6.0,0.61,12.43,0.6,6.0,0.71,10.0,0.72,5.0,0.1,0.1,636.12447,1776382861000
1776382863.733,63.733,0.29,10.0,0.28,5.0,0.39,12.43,0.4,6.0,0.61,12.43,0.6,6.0,0.71,10.0,0.72,5.0,0.1,0.1,636.136718,1776382862000
1776382864.631,64.631,0.29,10.0,0.28,5.0,0.39,12.43,0.4,6.0,0.61,12.43,0.6,6.0,0.71,10.0,0.72,5.0,0.1,0.1,636.124418,1776382863000
1776382865.577,65.577,0.22,10.0,0.2,5.0,0.37,7.45,0.38,8.0,0.63,7.45,0.62,8.0,0.78,10.0,0.8,5.0,0.15,0.15,636.044186,1776382864000
1776382866.357,66.357,0.22,10.0,0.2,5.0,0.37,7.45,0.38,8.0,0.63,7.45,0.62,8.0,0.78,10.0,0.8,5.0,0.15,0.15,636.036688,1776382865000
1776382867.281,67.281,0.22,10.0,0.2,5.0,0.37,7.45,0.38,8.0,0.63,7.45,0.62,8.0,0.78,10.0,0.8,5.0,0.15,0.15,636.034049,1776382866000
1776382868.582,68.582,0.22,10.0,0.2,5.0,0.37,7.45,0.38,8.0,0.63,7.45,0.62,8.0,0.78,10.0,0.8,5.0,0.15,0.15,636.043436,1776382867000
1776382869.274,69.274,0.22,10.0,0.2,5.0,0.37,7.45,0.38,8.0,0.63,7.45,0.62,8.0,0.78,10.0,0.8,5.0,0.15,0.15,636.048008,1776382868000
1776382870.697,70.697,0.22,10.0,0.2,5.0,0.37,7.45,0.38,8.0,0.63,7.45,0.62,8.0,0.78,10.0,0.8,5.0,0.15,0.15,636.048901,1776382869000
1776382871.39,71.39,0.22,10.0,0.2,5.0,0.37,7.45,0.38,8.0,0.63,7.45,0.62,8.0,0.78,10.0,0.8,5.0,0.15,0.15,636.049086,1776382870000
1776382872.121,72.121,0.22,10.0,0.2,5.0,0.37,7.45,0.38,8.0,0.63,7.45,0.62,8.0,0.78,10.0,0.8,5.0,0.15,0.15,636.049029,1776382871000
1776382873.409,73.409,0.22,10.0,0.2,5.0,0.37,7.45,0.38,8.0,0.63,7.45,0.62,8.0,0.78,10.0,0.8,5.0,0.15,0.15,636.052974,1776382872000
1776382874.246,74.246,0.22,10.0,0.2,5.0,0.37,7.45,0.38,8.0,0.63,7.45,0.62,8.0,0.78,10.0,0.8,5.0,0.15,0.15,636.064849,1776382873000
1776382875.605,75.605,0.22,10.0,0.2,5.0,0.37,7.45,0.38,8.0,0.63,7.45,0.62,8.0,0.78,10.0,0.8,5.0,0.15,0.15,636.088267,1776382874000
1776382876.281,76.281,0.22,10.0,0.2,5.0,0.37,7.45,0.38,8.0,0.63,7.45,0.62,8.0,0.78,10.0,0.8,5.0,0.15,0.15,636.087139,1776382875000
1776382877.773,77.773,0.22,10.0,0.2,5.0,0.37,7.45,0.38,8.0,0.63,7.45,0.62,8.0,0.78,10.0,0.8,5.0,0.15,0.15,636.03102,1776382876000
1776382878.334,78.334,0.22,10.0,0.2,5.0,0.37,7.45,0.38,8.0,0.63,7.45,0.62,8.0,0.78,10.0,0.8,5.0,0.15,0.15,636.02729,1776382877000
1776382879.216,79.216,0.22,10.0,0.2,5.0,0.37,7.45,0.38,8.0,0.63,7.45,0.62,8.0,0.78,10.0,0.8,5.0,0.15,0.15,636.01947,1776382878000
1776382881.004,81.004,0.22,10.0,0.2,5.0,0.37,7.45,0.38,8.0,0.63,7.45,0.62,8.0,0.78,10.0,0.8,5.0,0.15,0.15,636.0228,1776382879000
1776382882.345,82.345,0.22,10.0,0.2,5.0,0.37,7.45,0.38,8.0,0.63,7.45,0.62,8.0,0.78,10.0,0.8,5.0,0.15,0.15,636.01728,1776382880000
1776382883.165,83.165,0.22,10.0,0.2,5.0,0.37,7.45,0.38,8.0,0.63,7.45,0.62,8.0,0.78,10.0,0.8,5.0,0.15,0.15,636.01931,1776382882000
1776382884.391,84.391,0.22,10.0,0.2,5.0,0.37,7.45,0.38,8.0,0.63,7.45,0.62,8.0,0.78,10.0,0.8,5.0,0.15,0.15,636.02003,1776382883000
1776382885.246,85.246,0.22,10.0,0.2,5.0,0.37,7.45,0.38,8.0,0.63,7.45,0.62,8.0,0.78,10.0,0.8,5.0,0.15,0.15,636.02003,1776382884000
1776382886.463,86.463,0.22,10.0,0.2,5.0,0.37,7.45,0.38,8.0,0.63,7.45,0.62,8.0,0.78,10.0,0.8,5.0,0.15,0.15,636.01778,1776382885000
1776382887.809,87.809,0.22,10.0,0.2,5.0,0.37,7.45,0.38,8.0,0.63,7.45,0.62,8.0,0.78,10.0,0.8,5.0,0.15,0.15,636.018704,1776382886000
1776382888.323,88.323,0.22,10.0,0.2,5.0,0.37,7.45,0.38,8.0,0.63,7.45,0.62,8.0,0.78,10.0,0.8,5.0,0.15,0.15,636.032405,1776382887000
1776382889.205,89.205,0.22,10.0,0.2,5.0,0.37,7.45,0.38,8.0,0.63,7.45,0.62,8.0,0.78,10.0,0.8,5.0,0.15,0.15,636.032405,1776382888000
1776382890.592,90.592,0.22,10.0,0.2,5.0,0.37,7.45,0.38,8.0,0.63,7.45,0.62,8.0,0.78,10.0,0.8,5.0,0.15,0.15,636.033062,1776382889000
1776382891.245,91.245,0.22,10.0,0.2,5.0,0.37,7.45,0.38,8.0,0.63,7.45,0.62,8.0,0.78,10.0,0.8,5.0,0.15,0.15,636.033588,1776382890000
1776382892.839,92.839,0.22,10.0,0.2,5.0,0.37,7.45,0.38,8.0,0.63,7.45,0.62,8.0,0.78,10.0,0.8,5.0,0.15,0.15,636.03369,1776382891000
1776382893.668,93.668,0.22,10.0,0.2,5.0,0.37,7.45,0.38,8.0,0.63,7.45,0.62,8.0,0.78,10.0,0.8,5.0,0.15,0.15,636.03327,1776382892000
1776382894.405,94.405,0.22,10.0,0.2,5.0,0.37,7.45,0.38,8.0,0.63,7.45,0.62,8.0,0.78,10.0,0.8,5.0,0.15,0.15,636.03552,1776382893000
1776382895.4,95.4,0.22,10.0,0.2,5.0,0.37,7.45,0.38,8.0,0.63,7.45,0.62,8.0,0.78,10.0,0.8,5.0,0.15,0.15,636.02573,1776382894000
1776382896.734,96.734,0.22,10.0,0.2,5.0,0.37,7.45,0.38,8.0,0.63,7.45,0.62,8.0,0.78,10.0,0.8,5.0,0.15,0.15,636.03644,1776382895000
1776382897.469,97.469,0.22,10.0,0.2,5.0,0.37,7.45,0.38,8.0,0.63,7.45,0.62,8.0,0.78,10.0,0.8,5.0,0.15,0.15,636.036031,1776382896000
1776382898.416,98.416,0.22,10.0,0.2,5.0,0.37,7.45,0.38,8.0,0.63,7.45,0.62,8.0,0.78,10.0,0.8,5.0,0.15,0.15,636.036031,1776382897000
1776382899.606,99.606,0.22,10.0,0.2,5.0,0.37,7.45,0.38,8.0,0.63,7.45,0.62,8.0,0.78,10.0,0.8,5.0,0.15,0.15,636.03859,1776382898000
1776382900.829,100.829,0.22,10.0,0.2,5.0,0.37,7.45,0.38,8.0,0.63,7.45,0.62,8.0,0.78,10.0,0.8,5.0,0.15,0.15,636.04348,1776382899000
1776382901.53,101.53,0.22,10.0,0.2,5.0,0.37,7.45,0.38,8.0,0.63,7.45,0.62,8.0,0.78,10.0,0.8,5.0,0.15,0.15,636.10425,1776382900000
1776382902.409,102.409,0.22,10.0,0.2,5.0,0.37,7.45,0.38,8.0,0.63,7.45,0.62,8.0,0.78,10.0,0.8,5.0,0.15,0.15,636.12829,1776382901000
1776382903.213,103.213,0.22,10.0,0.2,5.0,0.37,7.45,0.38,8.0,0.63,7.45,0.62,8.0,0.78,10.0,0.8,5.0,0.15,0.15,636.130715,1776382902000
1776382904.531,104.531,0.22,10.0,0.2,5.0,0.37,7.45,0.38,8.0,0.63,7.45,0.62,8.0,0.78,10.0,0.8,5.0,0.15,0.15,636.14096,1776382903000
1776382905.324,105.324,0.22,10.0,0.2,5.0,0.37,7.45,0.38,8.0,0.63,7.45,0.62,8.0,0.78,10.0,0.8,5.0,0.15,0.15,636.14096,1776382904000
1776382906.341,106.341,0.32,10.42,0.31,77.2,0.4,6.0,0.42,5.0,0.63,7.45,0.62,8.0,0.78,10.0,0.8,5.0,0.08,0.15,636.14096,1776382904000
1776382907.092,107.092,0.32,10.42,0.31,77.2,0.4,6.0,0.42,5.0,0.6,6.0,0.58,5.0,0.68,10.42,0.69,77.2,0.08,0.08,636.18,1776382906000
1776382908.477,108.477,0.32,10.42,0.31,77.2,0.4,6.0,0.42,5.0,0.6,6.0,0.58,5.0,0.68,10.42,0.69,77.2,0.08,0.08,636.193988,1776382907000
1776382909.031,109.031,0.32,10.42,0.31,77.2,0.4,6.0,0.42,5.0,0.6,6.0,0.58,5.0,0.68,10.42,0.69,77.2,0.08,0.08,636.193988,1776382908000
1776382910.35,110.35,0.32,10.42,0.31,77.2,0.4,6.0,0.42,5.0,0.6,6.0,0.58,5.0,0.68,10.42,0.69,77.2,0.08,0.08,636.193209,1776382909000
1776382911.099,111.099,0.32,10.42,0.31,77.2,0.4,6.0,0.42,5.0,0.6,6.0,0.58,5.0,0.68,10.42,0.69,77.2,0.08,0.08,636.191419,1776382910000
1776382912.46,112.46,0.32,10.42,0.31,77.2,0.4,6.0,0.42,5.0,0.6,6.0,0.58,5.0,0.68,10.42,0.69,77.2,0.08,0.08,636.189635,1776382911000
1776382913.179,113.179,0.32,10.42,0.31,77.2,0.4,6.0,0.42,5.0,0.6,6.0,0.58,5.0,0.68,10.42,0.69,77.2,0.08,0.08,636.193495,1776382912000
1776382914.617,114.617,0.32,10.42,0.31,77.2,0.4,6.0,0.42,5.0,0.6,6.0,0.58,5.0,0.68,10.42,0.69,77.2,0.08,0.08,636.1933,1776382913000
1776382915.27,115.27,0.32,10.42,0.31,77.2,0.4,6.0,0.42,5.0,0.6,6.0,0.58,5.0,0.68,10.42,0.69,77.2,0.08,0.08,636.191346,1776382914000
1776382916.033,116.033,0.32,10.42,0.31,77.2,0.4,6.0,0.42,5.0,0.6,6.0,0.58,5.0,0.68,10.42,0.69,77.2,0.08,0.08,636.191367,1776382915000
1776382917.277,117.277,0.32,10.42,0.31,77.2,0.4,6.0,0.42,5.0,0.6,6.0,0.58,5.0,0.68,10.42,0.69,77.2,0.08,0.08,636.190092,1776382916000
1776382918.471,118.471,0.32,10.42,0.31,77.2,0.4,6.0,0.42,5.0,0.6,6.0,0.58,5.0,0.68,10.42,0.69,77.2,0.08,0.08,636.197,1776382917000
1776382919.029,119.029,0.32,10.42,0.31,77.2,0.4,6.0,0.42,5.0,0.6,6.0,0.58,5.0,0.68,10.42,0.69,77.2,0.08,0.08,636.195,1776382918000
1776382920.087,120.087,0.32,10.42,0.31,77.2,0.4,6.0,0.42,5.0,0.6,6.0,0.58,5.0,0.68,10.42,0.69,77.2,0.08,0.08,636.191617,1776382919000
1776382921.059,121.059,0.32,10.42,0.31,77.2,0.4,6.0,0.42,5.0,0.6,6.0,0.58,5.0,0.68,10.42,0.69,77.2,0.08,0.08,636.193,1776382920000
1776382922.507,122.507,0.32,10.42,0.31,77.2,0.4,6.0,0.42,5.0,0.6,6.0,0.58,5.0,0.68,10.42,0.69,77.2,0.08,0.08,636.184,1776382921000
1776382922.953,122.953,0.32,10.42,0.31,77.2,0.4,6.0,0.42,5.0,0.6,6.0,0.58,5.0,0.68,10.42,0.69,77.2,0.08,0.08,636.184,1776382922000
1776382924.74,124.74,0.32,10.42,0.31,77.2,0.4,6.0,0.42,5.0,0.6,6.0,0.58,5.0,0.68,10.42,0.69,77.2,0.08,0.08,636.191198,1776382923000
1776382925.376,125.376,0.32,10.42,0.31,77.2,0.4,6.0,0.42,5.0,0.6,6.0,0.58,5.0,0.68,10.42,0.69,77.2,0.08,0.08,636.190968,1776382924000
1776382925.972,125.972,0.32,10.42,0.31,77.2,0.4,6.0,0.42,5.0,0.6,6.0,0.58,5.0,0.68,10.42,0.69,77.2,0.08,0.08,636.190968,1776382925000
1776382927.081,127.081,0.32,10.42,0.31,77.2,0.4,6.0,0.42,5.0,0.6,6.0,0.58,5.0,0.68,10.42,0.69,77.2,0.08,0.08,636.187237,1776382926000
1776382928.195,128.195,0.32,10.42,0.31,77.2,0.4,6.0,0.42,5.0,0.6,6.0,0.58,5.0,0.68,10.42,0.69,77.2,0.08,0.08,636.175226,1776382927000
1776382929.334,129.334,0.32,10.42,0.31,77.2,0.4,6.0,0.42,5.0,0.6,6.0,0.58,5.0,0.68,10.42,0.69,77.2,0.08,0.08,636.132317,1776382928000
1776382929.933,129.933,0.32,10.42,0.31,77.2,0.4,6.0,0.42,5.0,0.6,6.0,0.58,5.0,0.68,10.42,0.69,77.2,0.08,0.08,636.12625,1776382929000
1776382931.039,131.039,0.32,10.42,0.31,77.2,0.4,6.0,0.42,5.0,0.6,6.0,0.58,5.0,0.68,10.42,0.69,77.2,0.08,0.08,636.129425,1776382930000
1776382932.13,132.13,0.32,10.42,0.31,77.2,0.4,6.0,0.42,5.0,0.6,6.0,0.58,5.0,0.68,10.42,0.69,77.2,0.08,0.08,636.139972,1776382931000
1776382933.695,133.695,0.32,10.42,0.31,77.2,0.4,6.0,0.42,5.0,0.6,6.0,0.58,5.0,0.68,10.42,0.69,77.2,0.08,0.08,636.136214,1776382932000
1776382934.281,134.281,0.32,10.42,0.31,77.2,0.4,6.0,0.42,5.0,0.6,6.0,0.58,5.0,0.68,10.42,0.69,77.2,0.08,0.08,636.150122,1776382933000
1776382935.592,135.592,0.32,10.42,0.31,77.2,0.4,6.0,0.42,5.0,0.6,6.0,0.58,5.0,0.68,10.42,0.69,77.2,0.08,0.08,636.15132,1776382934000
1776382936.023,136.023,0.32,10.42,0.31,77.2,0.4,6.0,0.42,5.0,0.6,6.0,0.58,5.0,0.68,10.42,0.69,77.2,0.08,0.08,636.15132,1776382935000
1776382937.017,137.017,0.32,10.42,0.31,77.2,0.4,6.0,0.42,5.0,0.6,6.0,0.58,5.0,0.68,10.42,0.69,77.2,0.08,0.08,636.148574,1776382936000
1776382938.176,138.176,0.32,10.42,0.31,77.2,0.4,6.0,0.42,5.0,0.6,6.0,0.58,5.0,0.68,10.42,0.69,77.2,0.08,0.08,636.151,1776382937000
1776382939.198,139.198,0.32,10.42,0.31,77.2,0.4,6.0,0.42,5.0,0.6,6.0,0.58,5.0,0.68,10.42,0.69,77.2,0.08,0.08,636.161448,1776382938000
1776382940.199,140.199,0.32,10.42,0.31,77.2,0.4,6.0,0.42,5.0,0.6,6.0,0.58,5.0,0.68,10.42,0.69,77.2,0.08,0.08,636.161763,1776382939000
1776382941.361,141.361,0.32,10.42,0.31,77.2,0.4,6.0,0.42,5.0,0.6,6.0,0.58,5.0,0.68,10.42,0.69,77.2,0.08,0.08,636.178902,1776382940000
1776382941.9,141.9,0.32,10.42,0.31,77.2,0.4,6.0,0.42,5.0,0.6,6.0,0.58,5.0,0.68,10.42,0.69,77.2,0.08,0.08,636.181612,1776382941000
1776382942.997,142.997,0.32,10.42,0.31,77.2,0.4,6.0,0.42,5.0,0.6,6.0,0.58,5.0,0.68,10.42,0.69,77.2,0.08,0.08,636.199406,1776382942000
1776382943.661,143.661,0.41,44.0,0.35,11.4,0.43,5.0,0.45,10.0,0.6,6.0,0.58,5.0,0.68,10.42,0.69,77.2,0.02,0.08,636.199406,1776382942000
1776382944.192,144.192,0.41,44.0,0.35,11.4,0.43,5.0,0.45,10.0,0.57,5.0,0.55,10.0,0.59,44.0,0.65,11.4,0.02,0.02,636.229519,1776382943000
1776382945.219,145.219,0.41,44.0,0.35,11.4,0.43,5.0,0.45,10.0,0.57,5.0,0.55,10.0,0.59,44.0,0.65,11.4,0.02,0.02,636.248,1776382944000
1776382946.348,146.348,0.41,44.0,0.35,11.4,0.43,5.0,0.45,10.0,0.57,5.0,0.55,10.0,0.59,44.0,0.65,11.4,0.02,0.02,636.244115,1776382945000
1776382946.865,146.865,0.41,44.0,0.35,11.4,0.43,5.0,0.45,10.0,0.57,5.0,0.55,10.0,0.59,44.0,0.65,11.4,0.02,0.02,636.29303,1776382946000
1776382949.152,149.152,0.41,44.0,0.35,11.4,0.43,5.0,0.45,10.0,0.57,5.0,0.55,10.0,0.59,44.0,0.65,11.4,0.02,0.02,636.332736,1776382947000
1776382949.881,149.881,0.41,44.0,0.35,11.4,0.43,5.0,0.45,10.0,0.57,5.0,0.55,10.0,0.59,44.0,0.65,11.4,0.02,0.02,636.38505,1776382948000
1776382950.248,150.248,0.47,15.4,0.46,10.5,0.5,6.0,0.56,5.0,0.57,5.0,0.55,10.0,0.59,44.0,0.65,11.4,0.03,0.02,636.38505,1776382948000
1776382950.541,150.541,0.47,15.4,0.46,10.5,0.5,6.0,0.56,5.0,0.5,6.0,0.44,5.0,0.53,15.4,0.54,10.5,0.03,0.03,636.358754,1776382949000
1776382951.323,151.323,0.47,15.4,0.46,10.5,0.5,6.0,0.56,5.0,0.5,6.0,0.44,5.0,0.53,15.4,0.54,10.5,0.03,0.03,636.359201,1776382950000
1776382952.706,152.706,0.47,15.4,0.46,10.5,0.5,6.0,0.56,5.0,0.5,6.0,0.44,5.0,0.53,15.4,0.54,10.5,0.03,0.03,636.358926,1776382951000
1776382953.4,153.4,0.47,15.4,0.46,10.5,0.5,6.0,0.56,5.0,0.5,6.0,0.44,5.0,0.53,15.4,0.54,10.5,0.03,0.03,636.34999,1776382952000
1776382954.013,154.013,0.49,11.57,0.48,10.4,0.5,6.0,0.56,5.0,0.5,6.0,0.44,5.0,0.53,15.4,0.54,10.5,0.01,0.03,636.34999,1776382952000
1776382955.69,155.69,0.49,11.57,0.48,10.4,0.5,6.0,0.56,5.0,0.5,6.0,0.44,5.0,0.51,11.57,0.52,10.4,0.01,0.01,636.364253,1776382954000
1776382956.376,156.376,0.49,11.57,0.48,10.4,0.5,6.0,0.56,5.0,0.5,6.0,0.44,5.0,0.51,11.57,0.52,10.4,0.01,0.01,636.3355,1776382955000
1776382957.314,157.314,0.49,11.57,0.48,10.4,0.5,6.0,0.56,5.0,0.5,6.0,0.44,5.0,0.51,11.57,0.52,10.4,0.01,0.01,636.34137,1776382956000
1776382958.787,158.787,0.49,11.57,0.48,10.4,0.5,6.0,0.56,5.0,0.5,6.0,0.44,5.0,0.51,11.57,0.52,10.4,0.01,0.01,636.33869,1776382957000
1776382959.41,159.41,0.49,11.57,0.48,10.4,0.5,6.0,0.56,5.0,0.5,6.0,0.44,5.0,0.51,11.57,0.52,10.4,0.01,0.01,636.332581,1776382958000
1776382960.206,160.206,0.49,11.57,0.48,10.4,0.5,6.0,0.56,5.0,0.5,6.0,0.44,5.0,0.51,11.57,0.52,10.4,0.01,0.01,636.345339,1776382959000
1776382961.555,161.555,0.49,11.57,0.48,10.4,0.5,6.0,0.56,5.0,0.5,6.0,0.44,5.0,0.51,11.57,0.52,10.4,0.01,0.01,636.34351,1776382960000
1776382962.327,162.327,0.49,11.57,0.48,10.4,0.5,6.0,0.56,5.0,0.5,6.0,0.44,5.0,0.51,11.57,0.52,10.4,0.01,0.01,636.288796,1776382961000
1776382963.037,163.037,0.49,11.57,0.48,10.4,0.5,6.0,0.56,5.0,0.5,6.0,0.44,5.0,0.51,11.57,0.52,10.4,0.01,0.01,636.299068,1776382962000
1776382964.418,164.418,0.37,15.0,0.34,11.6,0.5,49.88,0.51,10.0,0.5,49.88,0.49,10.0,0.63,15.0,0.66,11.6,0.13,0.13,636.293268,1776382963000
1776382965.195,165.195,0.37,15.0,0.34,11.6,0.5,49.88,0.51,10.0,0.5,49.88,0.49,10.0,0.63,15.0,0.66,11.6,0.13,0.13,636.298,1776382964000
1776382967.232,167.232,0.37,15.0,0.34,11.6,0.5,49.88,0.51,10.0,0.5,49.88,0.49,10.0,0.63,15.0,0.66,11.6,0.13,0.13,636.29409,1776382966000
1776382968.225,168.225,0.37,15.0,0.34,11.6,0.5,49.88,0.51,10.0,0.5,49.88,0.49,10.0,0.63,15.0,0.66,11.6,0.13,0.13,636.29613,1776382967000
1776382969.202,169.202,0.37,15.0,0.34,11.6,0.5,49.88,0.51,10.0,0.5,49.88,0.49,10.0,0.63,15.0,0.66,11.6,0.13,0.13,636.300532,1776382968000
1776382970.232,170.232,0.37,15.0,0.34,11.6,0.5,49.88,0.51,10.0,0.5,49.88,0.49,10.0,0.63,15.0,0.66,11.6,0.13,0.13,636.30095,1776382969000
1776382971.216,171.216,0.37,15.0,0.34,11.6,0.5,49.88,0.51,10.0,0.5,49.88,0.49,10.0,0.63,15.0,0.66,11.6,0.13,0.13,636.303569,1776382970000
1776382972.182,172.182,0.37,15.0,0.34,11.6,0.5,49.88,0.51,10.0,0.5,49.88,0.49,10.0,0.63,15.0,0.66,11.6,0.13,0.13,636.336,1776382971000
1776382973.31,173.31,0.37,15.0,0.34,11.6,0.5,49.88,0.51,10.0,0.5,49.88,0.49,10.0,0.63,15.0,0.66,11.6,0.13,0.13,636.342533,1776382972000
1776382974.248,174.248,0.37,15.0,0.34,11.6,0.5,49.88,0.51,10.0,0.5,49.88,0.49,10.0,0.63,15.0,0.66,11.6,0.13,0.13,636.34518,1776382973000
1776382975.333,175.333,0.37,15.0,0.34,11.6,0.5,49.88,0.51,10.0,0.5,49.88,0.49,10.0,0.63,15.0,0.66,11.6,0.13,0.13,636.355146,1776382974000
1776382976.235,176.235,0.37,15.0,0.34,11.6,0.5,49.88,0.51,10.0,0.5,49.88,0.49,10.0,0.63,15.0,0.66,11.6,0.13,0.13,636.359086,1776382975000
1776382977.218,177.218,0.37,15.0,0.34,11.6,0.5,49.88,0.51,10.0,0.5,49.88,0.49,10.0,0.63,15.0,0.66,11.6,0.13,0.13,636.359086,1776382976000
1776382978.279,178.279,0.37,15.0,0.34,11.6,0.5,49.88,0.51,10.0,0.5,49.88,0.49,10.0,0.63,15.0,0.66,11.6,0.13,0.13,636.358861,1776382977000
1776382979.183,179.183,0.37,15.0,0.34,11.6,0.5,49.88,0.51,10.0,0.5,49.88,0.49,10.0,0.63,15.0,0.66,11.6,0.13,0.13,636.365544,1776382978000
1776382980.625,180.625,0.37,15.0,0.34,11.6,0.5,49.88,0.51,10.0,0.5,49.88,0.49,10.0,0.63,15.0,0.66,11.6,0.13,0.13,636.365586,1776382979000
1776382981.19,181.19,0.37,15.0,0.34,11.6,0.5,49.88,0.51,10.0,0.5,49.88,0.49,10.0,0.63,15.0,0.66,11.6,0.13,0.13,636.365501,1776382980000
1776382981.451,181.451,0.51,46.12,0.47,10.4,0.57,5.0,0.58,10.0,0.5,49.88,0.49,10.0,0.63,15.0,0.66,11.6,0.06,0.13,636.365501,1776382980000
1776382982.52,182.52,0.51,46.12,0.47,10.4,0.57,5.0,0.58,10.0,0.43,5.0,0.42,10.0,0.49,46.12,0.53,10.4,0.06,0.06,636.358397,1776382981000
1776382983.291,183.291,0.51,46.12,0.47,10.4,0.57,5.0,0.58,10.0,0.43,5.0,0.42,10.0,0.49,46.12,0.53,10.4,0.06,0.06,636.357,1776382982000
1776382984.038,184.038,0.51,46.12,0.47,10.4,0.57,5.0,0.58,10.0,0.43,5.0,0.42,10.0,0.49,46.12,0.53,10.4,0.06,0.06,636.389229,1776382983000
1776382985.164,185.164,0.51,46.12,0.47,10.4,0.57,5.0,0.58,10.0,0.43,5.0,0.42,10.0,0.49,46.12,0.53,10.4,0.06,0.06,636.422817,1776382984000
1776382986.486,186.486,0.51,46.12,0.47,10.4,0.57,5.0,0.58,10.0,0.43,5.0,0.42,10.0,0.49,46.12,0.53,10.4,0.06,0.06,636.422817,1776382985000
1776382987.106,187.106,0.51,46.12,0.47,10.4,0.57,5.0,0.58,10.0,0.43,5.0,0.42,10.0,0.49,46.12,0.53,10.4,0.06,0.06,636.420815,1776382986000
1776382988.246,188.246,0.51,46.12,0.47,10.4,0.57,5.0,0.58,10.0,0.43,5.0,0.42,10.0,0.49,46.12,0.53,10.4,0.06,0.06,636.418966,1776382987000
1776382989.439,189.439,0.51,46.12,0.47,10.4,0.57,5.0,0.58,10.0,0.43,5.0,0.42,10.0,0.49,46.12,0.53,10.4,0.06,0.06,636.384947,1776382988000
1776382990.064,190.064,0.51,46.12,0.47,10.4,0.57,5.0,0.58,10.0,0.43,5.0,0.42,10.0,0.49,46.12,0.53,10.4,0.06,0.06,636.384947,1776382989000
1776382991.396,191.396,0.51,46.12,0.47,10.4,0.57,5.0,0.58,10.0,0.43,5.0,0.42,10.0,0.49,46.12,0.53,10.4,0.06,0.06,636.354463,1776382990000
1776382991.958,191.958,0.51,46.12,0.47,10.4,0.57,5.0,0.58,10.0,0.43,5.0,0.42,10.0,0.49,46.12,0.53,10.4,0.06,0.06,636.354244,1776382991000
1776382993.232,193.232,0.51,46.12,0.47,10.4,0.57,5.0,0.58,10.0,0.43,5.0,0.42,10.0,0.49,46.12,0.53,10.4,0.06,0.06,636.345316,1776382992000
1776382994.431,194.431,0.51,46.12,0.47,10.4,0.57,5.0,0.58,10.0,0.43,5.0,0.42,10.0,0.49,46.12,0.53,10.4,0.06,0.06,636.31878,1776382993000
1776382995.058,195.058,0.51,46.12,0.47,10.4,0.57,5.0,0.58,10.0,0.43,5.0,0.42,10.0,0.49,46.12,0.53,10.4,0.06,0.06,636.31878,1776382994000
1776382996.638,196.638,0.45,9.0,0.41,50.0,0.5,5.0,0.52,10.0,0.43,5.0,0.42,10.0,0.49,46.12,0.53,10.4,0.05,0.06,636.31878,1776382994000
1776382997.236,197.236,0.45,9.0,0.41,50.0,0.5,5.0,0.52,10.0,0.5,5.0,0.48,10.0,0.55,9.0,0.59,50.0,0.05,0.05,636.323,1776382996000
1776382998.277,198.277,0.45,9.0,0.41,50.0,0.5,5.0,0.52,10.0,0.5,5.0,0.48,10.0,0.55,9.0,0.59,50.0,0.05,0.05,636.32,1776382997000
1776382999.466,199.466,0.45,9.0,0.41,50.0,0.5,5.0,0.52,10.0,0.5,5.0,0.48,10.0,0.55,9.0,0.59,50.0,0.05,0.05,636.329,1776382998000
1776382999.928,199.928,0.45,9.0,0.41,50.0,0.5,5.0,0.52,10.0,0.5,5.0,0.48,10.0,0.55,9.0,0.59,50.0,0.05,0.05,636.329,1776382999000
1776383001.016,201.016,0.45,9.0,0.41,50.0,0.5,5.0,0.52,10.0,0.5,5.0,0.48,10.0,0.55,9.0,0.59,50.0,0.05,0.05,636.30529,1776383000000
1776383002.061,202.061,0.45,9.0,0.41,50.0,0.5,5.0,0.52,10.0,0.5,5.0,0.48,10.0,0.55,9.0,0.59,50.0,0.05,0.05,636.318,1776383001000
1776383003.123,203.123,0.45,9.0,0.41,50.0,0.5,5.0,0.52,10.0,0.5,5.0,0.48,10.0,0.55,9.0,0.59,50.0,0.05,0.05,636.307959,1776383002000
1776383004.26,204.26,0.45,9.0,0.41,50.0,0.5,5.0,0.52,10.0,0.5,5.0,0.48,10.0,0.55,9.0,0.59,50.0,0.05,0.05,636.31743,1776383003000
1776383005.346,205.346,0.45,9.0,0.41,50.0,0.5,5.0,0.52,10.0,0.5,5.0,0.48,10.0,0.55,9.0,0.59,50.0,0.05,0.05,636.31954,1776383004000
1776383006.446,206.446,0.45,9.0,0.41,50.0,0.5,5.0,0.52,10.0,0.5,5.0,0.48,10.0,0.55,9.0,0.59,50.0,0.05,0.05,636.325682,1776383005000
1776383006.992,206.992,0.45,9.0,0.41,50.0,0.5,5.0,0.52,10.0,0.5,5.0,0.48,10.0,0.55,9.0,0.59,50.0,0.05,0.05,636.325988,1776383006000
1776383008.165,208.165,0.45,9.0,0.41,50.0,0.5,5.0,0.52,10.0,0.5,5.0,0.48,10.0,0.55,9.0,0.59,50.0,0.05,0.05,636.329709,1776383007000
1776383009.336,209.336,0.45,9.0,0.41,50.0,0.5,5.0,0.52,10.0,0.5,5.0,0.48,10.0,0.55,9.0,0.59,50.0,0.05,0.05,636.345,1776383008000
1776383010.882,210.882,0.45,9.0,0.41,50.0,0.5,5.0,0.52,10.0,0.5,5.0,0.48,10.0,0.55,9.0,0.59,50.0,0.05,0.05,636.345,1776383009000
1776383011.306,211.306,0.45,9.0,0.41,50.0,0.5,5.0,0.52,10.0,0.5,5.0,0.48,10.0,0.55,9.0,0.59,50.0,0.05,0.05,636.345,1776383010000
1776383011.873,211.873,0.45,9.0,0.41,50.0,0.5,5.0,0.52,10.0,0.5,5.0,0.48,10.0,0.55,9.0,0.59,50.0,0.05,0.05,636.348,1776383011000
1776383012.947,212.947,0.45,9.0,0.41,50.0,0.5,5.0,0.52,10.0,0.5,5.0,0.48,10.0,0.55,9.0,0.59,50.0,0.05,0.05,636.345,1776383012000
1776383013.95,213.95,0.45,9.0,0.41,50.0,0.5,5.0,0.52,10.0,0.5,5.0,0.48,10.0,0.55,9.0,0.59,50.0,0.05,0.05,636.344,1776383013000
1776383014.913,214.913,0.45,9.0,0.41,50.0,0.5,5.0,0.52,10.0,0.5,5.0,0.48,10.0,0.55,9.0,0.59,50.0,0.05,0.05,636.35,1776383014000
1776383015.975,215.975,0.45,9.0,0.41,50.0,0.5,5.0,0.52,10.0,0.5,5.0,0.48,10.0,0.55,9.0,0.59,50.0,0.05,0.05,636.357,1776383015000
1776383016.961,216.961,0.45,9.0,0.41,50.0,0.5,5.0,0.52,10.0,0.5,5.0,0.48,10.0,0.55,9.0,0.59,50.0,0.05,0.05,636.37543,1776383016000
1776383018.123,218.123,0.45,9.0,0.41,50.0,0.5,5.0,0.52,10.0,0.5,5.0,0.48,10.0,0.55,9.0,0.59,50.0,0.05,0.05,636.37731,1776383017000
1776383019.101,219.101,0.45,9.0,0.41,50.0,0.5,5.0,0.52,10.0,0.5,5.0,0.48,10.0,0.55,9.0,0.59,50.0,0.05,0.05,636.377,1776383018000
1776383020.12,220.12,0.45,9.0,0.41,50.0,0.5,5.0,0.52,10.0,0.5,5.0,0.48,10.0,0.55,9.0,0.59,50.0,0.05,0.05,636.389762,1776383019000
1776383021.128,221.128,0.45,9.0,0.41,50.0,0.5,5.0,0.52,10.0,0.5,5.0,0.48,10.0,0.55,9.0,0.59,50.0,0.05,0.05,636.35707,1776383020000
1776383022.064,222.064,0.45,9.0,0.41,50.0,0.5,5.0,0.52,10.0,0.5,5.0,0.48,10.0,0.55,9.0,0.59,50.0,0.05,0.05,636.390922,1776383021000
1776383023.009,223.009,0.45,9.0,0.41,50.0,0.5,5.0,0.52,10.0,0.5,5.0,0.48,10.0,0.55,9.0,0.59,50.0,0.05,0.05,636.406534,1776383022000
1776383024.444,224.444,0.45,9.0,0.41,50.0,0.5,5.0,0.52,10.0,0.5,5.0,0.48,10.0,0.55,9.0,0.59,50.0,0.05,0.05,636.421504,1776383023000
1776383024.843,224.843,0.59,10.7,0.58,10.7,0.76,14.3,0.77,14.7,0.5,5.0,0.48,10.0,0.55,9.0,0.59,50.0,0.17,0.05,636.421504,1776383023000
1776383025.236,225.236,0.59,10.7,0.58,10.7,0.76,14.3,0.77,14.7,0.24,14.3,0.23,14.7,0.41,10.7,0.42,10.7,0.17,0.17,636.41749,1776383024000
1776383026.755,226.755,0.59,10.7,0.58,10.7,0.76,14.3,0.77,14.7,0.24,14.3,0.23,14.7,0.41,10.7,0.42,10.7,0.17,0.17,636.419474,1776383025000
1776383027.252,227.252,0.59,10.7,0.58,10.7,0.76,14.3,0.77,14.7,0.24,14.3,0.23,14.7,0.41,10.7,0.42,10.7,0.17,0.17,636.429637,1776383026000
1776383028.641,228.641,0.59,10.7,0.58,10.7,0.76,14.3,0.77,14.7,0.24,14.3,0.23,14.7,0.41,10.7,0.42,10.7,0.17,0.17,636.42405,1776383027000
1776383029.206,229.206,0.59,10.7,0.58,10.7,0.76,14.3,0.77,14.7,0.24,14.3,0.23,14.7,0.41,10.7,0.42,10.7,0.17,0.17,636.415407,1776383028000
1776383030.389,230.389,0.59,10.7,0.58,10.7,0.76,14.3,0.77,14.7,0.24,14.3,0.23,14.7,0.41,10.7,0.42,10.7,0.17,0.17,636.425904,1776383029000
1776383031.011,231.011,0.59,10.7,0.58,10.7,0.76,14.3,0.77,14.7,0.24,14.3,0.23,14.7,0.41,10.7,0.42,10.7,0.17,0.17,636.416911,1776383030000
1776383032.286,232.286,0.59,10.7,0.58,10.7,0.76,14.3,0.77,14.7,0.24,14.3,0.23,14.7,0.41,10.7,0.42,10.7,0.17,0.17,636.405268,1776383031000
1776383033.399,233.399,0.59,10.7,0.58,10.7,0.76,14.3,0.77,14.7,0.24,14.3,0.23,14.7,0.41,10.7,0.42,10.7,0.17,0.17,636.407848,1776383032000
1776383034.005,234.005,0.59,10.7,0.58,10.7,0.76,14.3,0.77,14.7,0.24,14.3,0.23,14.7,0.41,10.7,0.42,10.7,0.17,0.17,636.408316,1776383033000
1776383035.042,235.042,0.59,10.7,0.58,10.7,0.76,14.3,0.77,14.7,0.24,14.3,0.23,14.7,0.41,10.7,0.42,10.7,0.17,0.17,636.426125,1776383034000
1776383036.164,236.164,0.59,10.7,0.58,10.7,0.76,14.3,0.77,14.7,0.24,14.3,0.23,14.7,0.41,10.7,0.42,10.7,0.17,0.17,636.392826,1776383035000
1776383037.221,237.221,0.59,10.7,0.58,10.7,0.76,14.3,0.77,14.7,0.24,14.3,0.23,14.7,0.41,10.7,0.42,10.7,0.17,0.17,636.409944,1776383036000
1776383038.365,238.365,0.59,10.7,0.58,10.7,0.76,14.3,0.77,14.7,0.24,14.3,0.23,14.7,0.41,10.7,0.42,10.7,0.17,0.17,636.414621,1776383037000
1776383038.913,238.913,0.59,10.7,0.58,10.7,0.76,14.3,0.77,14.7,0.24,14.3,0.23,14.7,0.41,10.7,0.42,10.7,0.17,0.17,636.414621,1776383038000
1776383040.575,240.575,0.59,10.7,0.58,10.7,0.76,14.3,0.77,14.7,0.24,14.3,0.23,14.7,0.41,10.7,0.42,10.7,0.17,0.17,636.339003,1776383039000
1776383041.065,241.065,0.59,10.7,0.58,10.7,0.76,14.3,0.77,14.7,0.24,14.3,0.23,14.7,0.41,10.7,0.42,10.7,0.17,0.17,636.339003,1776383040000
1776383042.08,242.08,0.59,10.7,0.58,10.7,0.76,14.3,0.77,14.7,0.24,14.3,0.23,14.7,0.41,10.7,0.42,10.7,0.17,0.17,636.310077,1776383041000
1776383043.037,243.037,0.59,10.7,0.58,10.7,0.76,14.3,0.77,14.7,0.24,14.3,0.23,14.7,0.41,10.7,0.42,10.7,0.17,0.17,636.310077,1776383042000
1776383044.071,244.071,0.59,10.7,0.58,10.7,0.76,14.3,0.77,14.7,0.24,14.3,0.23,14.7,0.41,10.7,0.42,10.7,0.17,0.17,636.313632,1776383043000
1776383045.18,245.18,0.59,10.7,0.58,10.7,0.76,14.3,0.77,14.7,0.24,14.3,0.23,14.7,0.41,10.7,0.42,10.7,0.17,0.17,636.320966,1776383044000
1776383046.154,246.154,0.59,10.7,0.58,10.7,0.76,14.3,0.77,14.7,0.24,14.3,0.23,14.7,0.41,10.7,0.42,10.7,0.17,0.17,636.320691,1776383045000
1776383047.172,247.172,0.59,10.7,0.58,10.7,0.76,14.3,0.77,14.7,0.24,14.3,0.23,14.7,0.41,10.7,0.42,10.7,0.17,0.17,636.320413,1776383046000
1776383048.211,248.211,0.59,10.7,0.58,10.7,0.76,14.3,0.77,14.7,0.24,14.3,0.23,14.7,0.41,10.7,0.42,10.7,0.17,0.17,636.319548,1776383047000
1776383049.079,249.079,0.59,10.7,0.58,10.7,0.76,14.3,0.77,14.7,0.24,14.3,0.23,14.7,0.41,10.7,0.42,10.7,0.17,0.17,636.31975,1776383048000
1776383050.176,250.176,0.59,10.7,0.58,10.7,0.76,14.3,0.77,14.7,0.24,14.3,0.23,14.7,0.41,10.7,0.42,10.7,0.17,0.17,636.313532,1776383049000
1776383050.573,250.573,0.21,46.24,0.14,21.6,0.51,167.0,0.54,10.0,0.24,14.3,0.23,14.7,0.41,10.7,0.42,10.7,0.3,0.17,636.313532,1776383049000
1776383050.982,250.982,0.21,37.45,0.14,21.6,0.5,173.0,0.51,55.0,0.49,167.0,0.46,10.0,0.79,38.72,0.86,21.6,0.29,0.3,636.313532,1776383049000
1776383051.254,251.254,0.21,37.45,0.14,21.6,0.5,173.0,0.51,55.0,0.5,173.0,0.49,55.0,0.79,37.45,0.86,21.6,0.29,0.29,636.333996,1776383050000
1776383052.295,252.295,0.21,37.45,0.14,21.6,0.5,173.0,0.51,55.0,0.5,173.0,0.49,55.0,0.79,37.45,0.86,21.6,0.29,0.29,636.25828,1776383051000
1776383053.279,253.279,0.21,37.45,0.14,21.6,0.5,173.0,0.51,55.0,0.5,173.0,0.49,55.0,0.79,37.45,0.86,21.6,0.29,0.29,636.23539,1776383052000
1776383054.494,254.494,0.21,37.45,0.14,21.6,0.5,173.0,0.51,55.0,0.5,173.0,0.49,55.0,0.79,37.45,0.86,21.6,0.29,0.29,636.232328,1776383053000
1776383054.789,254.789,0.21,32.45,0.13,23.0,0.5,188.4,0.51,65.4,0.5,173.0,0.49,55.0,0.79,37.45,0.86,21.6,0.29,0.29,636.232328,1776383053000
1776383055.05,255.05,0.21,32.45,0.13,23.0,0.5,188.4,0.51,65.4,0.5,188.4,0.49,65.4,0.79,32.45,0.87,23.0,0.29,0.29,636.231694,1776383054000
1776383055.576,255.576,0.1,6.7,0.09,11.0,0.21,116.0,0.31,50.0,0.5,188.4,0.49,65.4,0.79,32.45,0.87,23.0,0.11,0.29,636.231694,1776383054000
1776383055.983,255.983,0.1,3.4,0.09,11.0,0.21,116.0,0.31,50.0,0.79,116.0,0.69,50.0,0.9,3.4,0.91,11.0,0.11,0.11,636.206,1776383055000
1776383057.841,257.841,0.1,3.4,0.09,11.0,0.21,51.85,0.31,50.0,0.79,116.0,0.69,50.0,0.9,3.4,0.91,11.0,0.11,0.11,636.206,1776383055000
1776383058.133,258.133,0.1,3.4,0.09,11.0,0.21,32.99,0.31,50.0,0.79,32.99,0.69,50.0,0.9,3.4,0.91,11.0,0.11,0.11,636.121337,1776383057000
1776383059.206,259.206,0.1,3.4,0.09,11.0,0.21,32.99,0.31,50.0,0.79,32.99,0.69,50.0,0.9,3.4,0.91,11.0,0.11,0.11,636.125115,1776383058000
1776383059.918,259.918,0.11,54.38,0.1,3.4,0.31,70.0,0.41,60.7,0.79,32.99,0.69,50.0,0.9,3.4,0.91,11.0,0.2,0.11,636.125115,1776383058000
1776383060.541,260.541,0.11,54.38,0.1,3.4,0.31,70.0,0.41,60.7,0.69,70.0,0.59,60.7,0.89,54.38,0.9,3.4,0.2,0.2,636.158341,1776383059000
1776383060.974,260.974,0.11,54.38,0.1,3.4,0.31,70.0,0.41,60.7,0.69,70.0,0.59,60.7,0.89,54.38,0.9,3.4,0.2,0.2,636.158341,1776383060000
1776383061.964,261.964,0.11,54.38,0.1,3.4,0.31,70.0,0.41,60.7,0.69,70.0,0.59,60.7,0.89,54.38,0.9,3.4,0.2,0.2,636.166592,1776383061000
1776383062.987,262.987,0.11,54.38,0.1,3.4,0.31,70.0,0.41,60.7,0.69,70.0,0.59,60.7,0.89,54.38,0.9,3.4,0.2,0.2,636.166144,1776383062000
1776383063.992,263.992,0.11,54.38,0.1,3.4,0.31,70.0,0.41,60.7,0.69,70.0,0.59,60.7,0.89,54.38,0.9,3.4,0.2,0.2,636.167187,1776383063000
1776383065.066,265.066,0.11,54.38,0.1,3.4,0.31,70.0,0.41,60.7,0.69,70.0,0.59,60.7,0.89,54.38,0.9,3.4,0.2,0.2,636.170049,1776383064000
1776383066.184,266.184,0.11,54.38,0.1,3.4,0.31,70.0,0.41,60.7,0.69,70.0,0.59,60.7,0.89,54.38,0.9,3.4,0.2,0.2,636.190515,1776383065000
1776383067.236,267.236,0.11,54.38,0.1,3.4,0.31,70.0,0.41,60.7,0.69,70.0,0.59,60.7,0.89,54.38,0.9,3.4,0.2,0.2,636.206,1776383066000
1776383068.516,268.516,0.11,54.38,0.1,3.4,0.31,70.0,0.41,60.7,0.69,70.0,0.59,60.7,0.89,54.38,0.9,3.4,0.2,0.2,636.2,1776383067000
1776383069.13,269.13,0.11,54.38,0.1,3.4,0.31,70.0,0.41,60.7,0.69,70.0,0.59,60.7,0.89,54.38,0.9,3.4,0.2,0.2,636.2,1776383068000
1776383070.378,270.378,0.11,54.38,0.1,3.4,0.31,70.0,0.41,60.7,0.69,70.0,0.59,60.7,0.89,54.38,0.9,3.4,0.2,0.2,636.19351,1776383069000
1776383070.984,270.984,0.11,54.38,0.1,3.4,0.31,70.0,0.41,60.7,0.69,70.0,0.59,60.7,0.89,54.38,0.9,3.4,0.2,0.2,636.178262,1776383070000
1776383072.251,272.251,0.11,54.38,0.1,3.4,0.31,70.0,0.41,60.7,0.69,70.0,0.59,60.7,0.89,54.38,0.9,3.4,0.2,0.2,636.177156,1776383071000
1776383073.323,273.323,0.11,54.38,0.1,3.4,0.31,70.0,0.41,60.7,0.69,70.0,0.59,60.7,0.89,54.38,0.9,3.4,0.2,0.2,636.201,1776383072000
1776383074.023,274.023,0.11,54.38,0.1,3.4,0.31,70.0,0.41,60.7,0.69,70.0,0.59,60.7,0.89,54.38,0.9,3.4,0.2,0.2,636.201,1776383073000
1776383075.073,275.073,0.31,152.0,0.21,50.0,0.49,4.33,0.5,15.4,0.69,70.0,0.59,60.7,0.89,54.38,0.9,3.4,0.18,0.2,636.201,1776383073000
1776383075.362,275.362,0.41,47.96,0.31,152.0,0.5,5.0,0.51,5.0,0.51,4.33,0.5,15.4,0.69,152.0,0.79,50.0,0.09,0.18,636.201,1776383073000
1776383075.79,275.79,0.41,47.96,0.31,152.0,0.5,5.0,0.51,5.0,0.5,5.0,0.49,5.0,0.59,47.96,0.69,152.0,0.09,0.09,636.251724,1776383074000
1776383076.283,276.283,0.41,46.26,0.31,152.0,0.5,5.0,0.51,5.0,0.5,5.0,0.49,5.0,0.59,47.96,0.69,152.0,0.09,0.09,636.251724,1776383074000
1776383077.066,277.066,0.41,46.26,0.31,152.0,0.51,5.0,0.71,50.0,0.49,5.0,0.29,50.0,0.59,46.26,0.69,152.0,0.1,0.1,636.288725,1776383076000
1776383078.146,278.146,0.41,46.26,0.31,152.0,0.51,5.0,0.71,50.0,0.49,5.0,0.29,50.0,0.59,46.26,0.69,152.0,0.1,0.1,636.29117,1776383077000
1776383079.376,279.376,0.41,46.26,0.31,152.0,0.51,5.0,0.71,50.0,0.49,5.0,0.29,50.0,0.59,46.26,0.69,152.0,0.1,0.1,636.30812,1776383078000
1776383079.993,279.993,0.41,46.26,0.31,152.0,0.51,5.0,0.71,50.0,0.49,5.0,0.29,50.0,0.59,46.26,0.69,152.0,0.1,0.1,636.316375,1776383079000
1776383081.203,281.203,0.41,46.26,0.31,152.0,0.51,5.0,0.71,50.0,0.49,5.0,0.29,50.0,0.59,46.26,0.69,152.0,0.1,0.1,636.29077,1776383080000
1776383082.404,282.404,0.41,46.26,0.31,152.0,0.51,5.0,0.71,50.0,0.49,5.0,0.29,50.0,0.59,46.26,0.69,152.0,0.1,0.1,636.317879,1776383081000
1776383083.104,283.104,0.41,46.26,0.31,152.0,0.51,5.0,0.71,50.0,0.49,5.0,0.29,50.0,0.59,46.26,0.69,152.0,0.1,0.1,636.323361,1776383082000
1776383084.767,284.767,0.41,50.0,0.35,5.71,0.71,45.81,0.81,50.0,0.49,5.0,0.29,50.0,0.59,46.26,0.69,152.0,0.3,0.1,636.323361,1776383082000
1776383085.438,285.438,0.51,50.0,0.41,50.0,0.81,46.33,0.9,10.0,0.29,45.81,0.19,50.0,0.59,50.0,0.65,5.71,0.3,0.3,636.34,1776383083000
1776383085.997,285.997,0.51,50.0,0.41,50.0,0.81,46.33,0.9,10.0,0.19,46.33,0.1,10.0,0.49,50.0,0.59,50.0,0.3,0.3,636.339,1776383085000
1776383087.25,287.25,0.51,50.0,0.41,50.0,0.81,46.33,0.9,10.0,0.19,46.33,0.1,10.0,0.49,50.0,0.59,50.0,0.3,0.3,636.361,1776383086000
1776383088.134,288.134,0.71,50.0,0.61,50.0,0.9,3.6,0.91,11.0,0.19,46.33,0.1,10.0,0.49,50.0,0.59,50.0,0.19,0.3,636.361,1776383086000
1776383088.381,288.381,0.71,50.0,0.61,50.0,0.9,3.6,0.91,11.0,0.1,3.6,0.09,11.0,0.29,50.0,0.39,50.0,0.19,0.19,636.386,1776383087000
1776383088.97,288.97,0.71,50.0,0.61,50.0,0.91,11.0,0.92,12.0,0.09,11.0,0.08,12.0,0.29,50.0,0.39,50.0,0.2,0.2,636.386,1776383088000
1776383091.68,291.68,0.71,46.55,0.61,50.0,0.91,11.0,0.92,12.0,0.09,11.0,0.08,12.0,0.29,50.0,0.39,50.0,0.2,0.2,636.397076,1776383090000
1776383092.032,292.032,0.61,83.0,0.51,50.0,0.91,56.0,0.92,12.0,0.09,11.0,0.08,12.0,0.29,46.55,0.39,50.0,0.3,0.2,636.394995,1776383091000
1776383095.028,295.028,0.71,50.0,0.61,50.0,0.92,2.05,0.93,14.0,0.09,56.0,0.08,12.0,0.39,83.0,0.49,50.0,0.21,0.3,636.394688,1776383093000
1776383096.377,296.377,0.71,83.0,0.61,50.0,0.92,0.86,0.93,14.0,0.08,2.05,0.07,14.0,0.29,50.0,0.39,50.0,0.21,0.21,636.383,1776383095000
1776383097.337,297.337,0.71,83.0,0.61,50.0,0.97,28.52,0.98,60.0,0.04,21.52,0.03,33.0,0.29,83.0,0.39,50.0,0.26,0.25,636.383,1776383096000
1776383098.26,298.26,0.71,83.0,0.61,50.0,0.97,12.07,0.98,60.0,0.03,27.38,0.02,60.0,0.29,83.0,0.39,50.0,0.26,0.26,636.383,1776383097000
1776383098.461,298.461,0.71,83.0,0.61,50.0,0.97,4.94,0.98,60.0,0.03,6.07,0.02,60.0,0.29,83.0,0.39,50.0,0.26,0.26,636.383,1776383097000
1776383098.785,298.785,0.71,83.0,0.61,50.0,0.99,149.94,,,0.03,4.94,0.02,60.0,0.29,83.0,0.39,50.0,0.28,0.26,636.383,1776383097000
1776383099.236,299.236,0.97,5.0,0.71,33.0,0.99,147.91,,,0.01,149.94,,,0.29,83.0,0.39,50.0,0.02,0.28,636.383,1776383097000
1776383100.108,300.108,0.99,2357.15,0.97,38.0,,,,,0.01,142.85,,,0.03,5.0,0.29,33.0,,0.02,636.385,1776383098000

# RESULT,winner=Up,slug=bnb-updown-5m-1776382800,ticks=310
