timestamp,elapsed_sec,up_bid_p1,up_bid_s1,up_bid_p2,up_bid_s2,up_ask_p1,up_ask_s1,up_ask_p2,up_ask_s2,down_bid_p1,down_bid_s1,down_bid_p2,down_bid_s2,down_ask_p1,down_ask_s1,down_ask_p2,down_ask_s2,up_spread,down_spread,bnb_price,bnb_oracle_ts
1776229801.438,1.438,0.5,5.0,0.41,5.0,0.51,5.0,0.67,300.0,0.49,5.0,0.33,300.0,0.5,5.0,0.67,300.0,0.01,0.01,615.566258,1776229800000
1776229801.73,1.73,0.5,5.0,0.41,5.0,0.51,5.0,0.67,300.0,0.49,5.0,0.33,300.0,0.5,5.0,0.67,300.0,0.01,0.01,615.566258,1776229800000
1776229802.076,2.076,0.33,300.0,0.31,375.0,0.51,5.0,0.67,300.0,0.49,5.0,0.33,300.0,0.67,300.0,0.69,375.0,0.18,0.18,615.566766,1776229801000
1776229803.02,3.02,0.33,300.0,0.31,375.0,0.51,5.0,0.67,300.0,0.49,5.0,0.33,300.0,0.67,300.0,0.69,375.0,0.18,0.18,615.57054,1776229802000
1776229804.519,4.519,0.33,300.0,0.31,375.0,0.51,5.0,0.67,300.0,0.49,5.0,0.33,300.0,0.67,300.0,0.69,375.0,0.18,0.18,615.558906,1776229803000
1776229805.333,5.333,0.33,300.0,0.31,375.0,0.51,5.0,0.67,300.0,0.49,5.0,0.33,300.0,0.67,300.0,0.69,375.0,0.18,0.18,615.558906,1776229804000
1776229805.947,5.947,0.33,300.0,0.31,375.0,0.51,5.0,0.67,300.0,0.49,5.0,0.33,300.0,0.67,300.0,0.69,375.0,0.18,0.18,615.560773,1776229805000
1776229807.113,7.113,0.33,300.0,0.31,375.0,0.51,5.0,0.67,300.0,0.49,5.0,0.33,300.0,0.67,300.0,0.69,375.0,0.18,0.18,615.565413,1776229806000
1776229808.286,8.286,0.33,300.0,0.31,375.0,0.51,5.0,0.67,300.0,0.49,5.0,0.33,300.0,0.67,300.0,0.69,375.0,0.18,0.18,615.486789,1776229807000
1776229808.857,8.857,0.33,300.0,0.31,375.0,0.51,5.0,0.67,300.0,0.49,5.0,0.33,300.0,0.67,300.0,0.69,375.0,0.18,0.18,615.47519,1776229808000
1776229810.027,10.027,0.33,300.0,0.31,375.0,0.51,5.0,0.67,300.0,0.49,5.0,0.33,300.0,0.67,300.0,0.69,375.0,0.18,0.18,615.47474,1776229809000
1776229811.112,11.112,0.33,300.0,0.31,375.0,0.51,5.0,0.67,300.0,0.49,5.0,0.33,300.0,0.67,300.0,0.69,375.0,0.18,0.18,615.46943,1776229810000
1776229812.176,12.176,0.33,300.0,0.31,375.0,0.51,5.0,0.67,300.0,0.49,5.0,0.33,300.0,0.67,300.0,0.69,375.0,0.18,0.18,615.46901,1776229811000
1776229813.306,13.306,0.33,300.0,0.31,375.0,0.51,5.0,0.67,300.0,0.49,5.0,0.33,300.0,0.67,300.0,0.69,375.0,0.18,0.18,615.50052,1776229812000
1776229814.431,14.431,0.33,300.0,0.31,375.0,0.51,5.0,0.67,300.0,0.49,5.0,0.33,300.0,0.67,300.0,0.69,375.0,0.18,0.18,615.50133,1776229813000
1776229814.94,14.94,0.33,300.0,0.31,375.0,0.51,5.0,0.67,300.0,0.49,5.0,0.33,300.0,0.67,300.0,0.69,375.0,0.18,0.18,615.49885,1776229814000
1776229816.091,16.091,0.33,300.0,0.31,375.0,0.51,5.0,0.67,300.0,0.49,5.0,0.33,300.0,0.67,300.0,0.69,375.0,0.18,0.18,615.47669,1776229815000
1776229817.11,17.11,0.33,300.0,0.31,375.0,0.51,5.0,0.67,300.0,0.49,5.0,0.33,300.0,0.67,300.0,0.69,375.0,0.18,0.18,615.47502,1776229816000
1776229818.24,18.24,0.33,300.0,0.31,375.0,0.51,5.0,0.67,300.0,0.49,5.0,0.33,300.0,0.67,300.0,0.69,375.0,0.18,0.18,615.4935,1776229817000
1776229819.267,19.267,0.33,300.0,0.31,375.0,0.51,5.0,0.67,300.0,0.49,5.0,0.33,300.0,0.67,300.0,0.69,375.0,0.18,0.18,615.49515,1776229818000
1776229820.206,20.206,0.33,300.0,0.31,375.0,0.51,5.0,0.67,300.0,0.49,5.0,0.33,300.0,0.67,300.0,0.69,375.0,0.18,0.18,615.49675,1776229819000
1776229821.189,21.189,0.33,300.0,0.31,375.0,0.51,5.0,0.67,300.0,0.49,5.0,0.33,300.0,0.67,300.0,0.69,375.0,0.18,0.18,615.5033,1776229820000
1776229822.147,22.147,0.33,300.0,0.31,375.0,0.51,5.0,0.67,300.0,0.49,5.0,0.33,300.0,0.67,300.0,0.69,375.0,0.18,0.18,615.529796,1776229821000
1776229823.076,23.076,0.33,300.0,0.31,375.0,0.51,5.0,0.67,300.0,0.49,5.0,0.33,300.0,0.67,300.0,0.69,375.0,0.18,0.18,615.529796,1776229822000
1776229824.049,24.049,0.33,300.0,0.31,375.0,0.51,5.0,0.67,300.0,0.49,5.0,0.33,300.0,0.67,300.0,0.69,375.0,0.18,0.18,615.51685,1776229823000
1776229825.037,25.037,0.33,300.0,0.31,375.0,0.51,5.0,0.67,300.0,0.49,5.0,0.33,300.0,0.67,300.0,0.69,375.0,0.18,0.18,615.51661,1776229824000
1776229825.926,25.926,0.33,300.0,0.31,375.0,0.51,5.0,0.67,300.0,0.49,5.0,0.33,300.0,0.67,300.0,0.69,375.0,0.18,0.18,615.51889,1776229825000
1776229827.026,27.026,0.33,300.0,0.31,375.0,0.51,5.0,0.67,300.0,0.49,5.0,0.33,300.0,0.67,300.0,0.69,375.0,0.18,0.18,615.540385,1776229826000
1776229828.008,28.008,0.33,300.0,0.31,375.0,0.51,5.0,0.67,300.0,0.49,5.0,0.33,300.0,0.67,300.0,0.69,375.0,0.18,0.18,615.55183,1776229827000
1776229829.05,29.05,0.33,300.0,0.31,375.0,0.51,5.0,0.67,300.0,0.49,5.0,0.33,300.0,0.67,300.0,0.69,375.0,0.18,0.18,615.54934,1776229828000
1776229830.115,30.115,0.33,300.0,0.31,375.0,0.51,5.0,0.67,300.0,0.49,5.0,0.33,300.0,0.67,300.0,0.69,375.0,0.18,0.18,615.54969,1776229829000
1776229831.002,31.002,0.33,300.0,0.31,375.0,0.51,5.0,0.67,300.0,0.49,5.0,0.33,300.0,0.67,300.0,0.69,375.0,0.18,0.18,615.55109,1776229830000
1776229832.156,32.156,0.33,300.0,0.31,375.0,0.51,5.0,0.67,300.0,0.49,5.0,0.33,300.0,0.67,300.0,0.69,375.0,0.18,0.18,615.55127,1776229831000
1776229833.959,33.959,0.33,300.0,0.31,375.0,0.51,5.0,0.67,300.0,0.49,5.0,0.33,300.0,0.67,300.0,0.69,375.0,0.18,0.18,615.55132,1776229832000
1776229834.534,34.534,0.33,300.0,0.31,375.0,0.51,5.0,0.67,300.0,0.49,5.0,0.33,300.0,0.67,300.0,0.69,375.0,0.18,0.18,615.5486,1776229833000
1776229835.735,35.735,0.33,300.0,0.31,375.0,0.51,5.0,0.67,300.0,0.49,5.0,0.33,300.0,0.67,300.0,0.69,375.0,0.18,0.18,615.54859,1776229834000
1776229836.327,36.327,0.33,300.0,0.31,375.0,0.51,5.0,0.67,300.0,0.49,5.0,0.33,300.0,0.67,300.0,0.69,375.0,0.18,0.18,615.537933,1776229835000
1776229836.939,36.939,0.45,11.0,0.44,5.0,0.54,5.0,0.55,10.0,0.49,5.0,0.33,300.0,0.67,300.0,0.69,375.0,0.09,0.18,615.537933,1776229835000
1776229838.584,38.584,0.45,11.0,0.44,5.0,0.54,5.0,0.55,10.0,0.46,5.0,0.45,10.0,0.55,11.0,0.56,5.0,0.09,0.09,615.57062,1776229837000
1776229839.406,39.406,0.45,11.0,0.44,5.0,0.54,5.0,0.55,10.0,0.46,5.0,0.45,10.0,0.55,11.0,0.56,5.0,0.09,0.09,615.600277,1776229838000
1776229840.193,40.193,0.45,11.0,0.44,5.0,0.54,5.0,0.55,10.0,0.46,5.0,0.45,10.0,0.55,11.0,0.56,5.0,0.09,0.09,615.622414,1776229839000
1776229841.583,41.583,0.45,11.0,0.44,5.0,0.54,5.0,0.55,10.0,0.46,5.0,0.45,10.0,0.55,11.0,0.56,5.0,0.09,0.09,615.665614,1776229840000
1776229842.237,42.237,0.45,11.0,0.44,5.0,0.54,5.0,0.55,10.0,0.46,5.0,0.45,10.0,0.55,11.0,0.56,5.0,0.09,0.09,615.634922,1776229841000
1776229843.629,43.629,0.45,11.0,0.44,5.0,0.54,5.0,0.55,10.0,0.46,5.0,0.45,10.0,0.55,11.0,0.56,5.0,0.09,0.09,615.633059,1776229842000
1776229844.44,44.44,0.45,11.0,0.44,5.0,0.54,5.0,0.55,10.0,0.46,5.0,0.45,10.0,0.55,11.0,0.56,5.0,0.09,0.09,615.631326,1776229843000
1776229845.339,45.339,0.45,11.0,0.44,5.0,0.54,5.0,0.55,10.0,0.46,5.0,0.45,10.0,0.55,11.0,0.56,5.0,0.09,0.09,615.631326,1776229844000
1776229846.828,46.828,0.45,11.0,0.44,5.0,0.54,5.0,0.55,10.0,0.46,5.0,0.45,10.0,0.55,11.0,0.56,5.0,0.09,0.09,615.649699,1776229845000
1776229847.633,47.633,0.45,11.0,0.44,5.0,0.54,5.0,0.55,10.0,0.46,5.0,0.45,10.0,0.55,11.0,0.56,5.0,0.09,0.09,615.653808,1776229846000
1776229848.466,48.466,0.45,11.0,0.44,5.0,0.54,5.0,0.55,10.0,0.46,5.0,0.45,10.0,0.55,11.0,0.56,5.0,0.09,0.09,615.652854,1776229847000
1776229849.316,49.316,0.45,11.0,0.44,5.0,0.54,5.0,0.55,10.0,0.46,5.0,0.45,10.0,0.55,11.0,0.56,5.0,0.09,0.09,615.653668,1776229848000
1776229850.892,50.892,0.45,11.0,0.44,5.0,0.54,5.0,0.55,10.0,0.46,5.0,0.45,10.0,0.55,11.0,0.56,5.0,0.09,0.09,615.667546,1776229849000
1776229851.913,51.913,0.45,11.0,0.44,5.0,0.54,5.0,0.55,10.0,0.46,5.0,0.45,10.0,0.55,11.0,0.56,5.0,0.09,0.09,615.65774,1776229850000
1776229852.468,52.468,0.45,11.0,0.44,5.0,0.54,5.0,0.55,10.0,0.46,5.0,0.45,10.0,0.55,11.0,0.56,5.0,0.09,0.09,615.65774,1776229851000
1776229853.052,53.052,0.45,11.0,0.44,5.0,0.54,5.0,0.55,10.0,0.46,5.0,0.45,10.0,0.55,11.0,0.56,5.0,0.09,0.09,615.663151,1776229852000
1776229854.174,54.174,0.45,11.0,0.44,5.0,0.54,5.0,0.55,10.0,0.46,5.0,0.45,10.0,0.55,11.0,0.56,5.0,0.09,0.09,615.656888,1776229853000
1776229855.336,55.336,0.45,11.0,0.44,5.0,0.54,5.0,0.55,10.0,0.46,5.0,0.45,10.0,0.55,11.0,0.56,5.0,0.09,0.09,615.659978,1776229854000
1776229855.912,55.912,0.45,11.0,0.44,5.0,0.54,5.0,0.55,10.0,0.46,5.0,0.45,10.0,0.55,11.0,0.56,5.0,0.09,0.09,615.668499,1776229855000
1776229857.095,57.095,0.45,11.0,0.44,5.0,0.54,5.0,0.55,10.0,0.46,5.0,0.45,10.0,0.55,11.0,0.56,5.0,0.09,0.09,615.633549,1776229856000
1776229858.156,58.156,0.45,11.0,0.44,5.0,0.54,5.0,0.55,10.0,0.46,5.0,0.45,10.0,0.55,11.0,0.56,5.0,0.09,0.09,615.661399,1776229857000
1776229859.327,59.327,0.45,11.0,0.44,5.0,0.54,5.0,0.55,10.0,0.46,5.0,0.45,10.0,0.55,11.0,0.56,5.0,0.09,0.09,615.661417,1776229858000
1776229860.384,60.384,0.45,11.0,0.44,5.0,0.54,5.0,0.55,10.0,0.46,5.0,0.45,10.0,0.55,11.0,0.56,5.0,0.09,0.09,615.70153,1776229859000
1776229860.9,60.9,0.45,11.0,0.44,5.0,0.54,5.0,0.55,10.0,0.46,5.0,0.45,10.0,0.55,11.0,0.56,5.0,0.09,0.09,615.70171,1776229860000
1776229862.085,62.085,0.45,11.0,0.44,5.0,0.54,5.0,0.55,10.0,0.46,5.0,0.45,10.0,0.55,11.0,0.56,5.0,0.09,0.09,615.71166,1776229861000
1776229863.141,63.141,0.45,11.0,0.44,5.0,0.54,5.0,0.55,10.0,0.46,5.0,0.45,10.0,0.55,11.0,0.56,5.0,0.09,0.09,615.703127,1776229862000
1776229864.296,64.296,0.45,11.0,0.44,5.0,0.54,5.0,0.55,10.0,0.46,5.0,0.45,10.0,0.55,11.0,0.56,5.0,0.09,0.09,615.686717,1776229863000
1776229865.447,65.447,0.45,11.0,0.44,5.0,0.54,5.0,0.55,10.0,0.46,5.0,0.45,10.0,0.55,11.0,0.56,5.0,0.09,0.09,615.680547,1776229864000
1776229866.784,66.784,0.45,11.0,0.44,5.0,0.54,5.0,0.55,10.0,0.46,5.0,0.45,10.0,0.55,11.0,0.56,5.0,0.09,0.09,615.70557,1776229865000
1776229867.501,67.501,0.45,11.0,0.44,5.0,0.54,5.0,0.55,10.0,0.46,5.0,0.45,10.0,0.55,11.0,0.56,5.0,0.09,0.09,615.708,1776229866000
1776229868.355,68.355,0.45,11.0,0.44,5.0,0.54,5.0,0.55,10.0,0.46,5.0,0.45,10.0,0.55,11.0,0.56,5.0,0.09,0.09,615.698,1776229867000
1776229869.798,69.798,0.45,11.0,0.44,5.0,0.54,5.0,0.55,10.0,0.46,5.0,0.45,10.0,0.55,11.0,0.56,5.0,0.09,0.09,615.703,1776229868000
1776229870.519,70.519,0.45,11.0,0.44,5.0,0.54,5.0,0.55,10.0,0.46,5.0,0.45,10.0,0.55,11.0,0.56,5.0,0.09,0.09,615.706,1776229869000
1776229871.247,71.247,0.45,11.0,0.44,5.0,0.54,5.0,0.55,10.0,0.46,5.0,0.45,10.0,0.55,11.0,0.56,5.0,0.09,0.09,615.705,1776229870000
1776229872.556,72.556,0.45,11.0,0.44,5.0,0.54,5.0,0.55,10.0,0.46,5.0,0.45,10.0,0.55,11.0,0.56,5.0,0.09,0.09,615.68624,1776229871000
1776229873.185,73.185,0.45,11.0,0.44,5.0,0.54,5.0,0.55,10.0,0.46,5.0,0.45,10.0,0.55,11.0,0.56,5.0,0.09,0.09,615.665,1776229872000
1776229874.604,74.604,0.45,11.0,0.44,5.0,0.54,5.0,0.55,10.0,0.46,5.0,0.45,10.0,0.55,11.0,0.56,5.0,0.09,0.09,615.653,1776229873000
1776229875.392,75.392,0.45,11.0,0.44,5.0,0.54,5.0,0.55,10.0,0.46,5.0,0.45,10.0,0.55,11.0,0.56,5.0,0.09,0.09,615.649,1776229874000
1776229876.511,76.511,0.45,11.0,0.44,5.0,0.54,5.0,0.55,10.0,0.46,5.0,0.45,10.0,0.55,11.0,0.56,5.0,0.09,0.09,615.66181,1776229875000
1776229876.967,76.967,0.45,11.0,0.44,5.0,0.54,5.0,0.55,10.0,0.46,5.0,0.45,10.0,0.55,11.0,0.56,5.0,0.09,0.09,615.67067,1776229876000
1776229878.242,78.242,0.45,11.0,0.44,5.0,0.54,5.0,0.55,10.0,0.46,5.0,0.45,10.0,0.55,11.0,0.56,5.0,0.09,0.09,615.670382,1776229877000
1776229879.471,79.471,0.45,11.0,0.44,5.0,0.54,5.0,0.55,10.0,0.46,5.0,0.45,10.0,0.55,11.0,0.56,5.0,0.09,0.09,615.663,1776229878000
1776229880.119,80.119,0.45,11.0,0.44,5.0,0.54,5.0,0.55,10.0,0.46,5.0,0.45,10.0,0.55,11.0,0.56,5.0,0.09,0.09,615.663,1776229879000
1776229881.401,81.401,0.45,11.0,0.44,5.0,0.54,5.0,0.55,10.0,0.46,5.0,0.45,10.0,0.55,11.0,0.56,5.0,0.09,0.09,615.661,1776229880000
1776229881.953,81.953,0.45,11.0,0.44,5.0,0.54,5.0,0.55,10.0,0.46,5.0,0.45,10.0,0.55,11.0,0.56,5.0,0.09,0.09,615.666,1776229881000
1776229883.61,83.61,0.45,11.0,0.44,5.0,0.54,5.0,0.55,10.0,0.46,5.0,0.45,10.0,0.55,11.0,0.56,5.0,0.09,0.09,615.6841,1776229882000
1776229884.252,84.252,0.45,11.0,0.44,5.0,0.54,5.0,0.55,10.0,0.46,5.0,0.45,10.0,0.55,11.0,0.56,5.0,0.09,0.09,615.6841,1776229883000
1776229885.522,85.522,0.45,11.0,0.44,5.0,0.54,5.0,0.55,10.0,0.46,5.0,0.45,10.0,0.55,11.0,0.56,5.0,0.09,0.09,615.69334,1776229884000
1776229886.111,86.111,0.45,11.0,0.44,5.0,0.54,5.0,0.55,10.0,0.46,5.0,0.45,10.0,0.55,11.0,0.56,5.0,0.09,0.09,615.69303,1776229885000
1776229887.34,87.34,0.45,11.0,0.44,5.0,0.54,5.0,0.55,10.0,0.46,5.0,0.45,10.0,0.55,11.0,0.56,5.0,0.09,0.09,615.67429,1776229886000
1776229888.427,88.427,0.45,11.0,0.44,5.0,0.54,5.0,0.55,10.0,0.46,5.0,0.45,10.0,0.55,11.0,0.56,5.0,0.09,0.09,615.668154,1776229887000
1776229888.919,88.919,0.45,11.0,0.44,5.0,0.54,5.0,0.55,10.0,0.46,5.0,0.45,10.0,0.55,11.0,0.56,5.0,0.09,0.09,615.688822,1776229888000
1776229890.071,90.071,0.45,11.0,0.44,5.0,0.54,5.0,0.55,10.0,0.46,5.0,0.45,10.0,0.55,11.0,0.56,5.0,0.09,0.09,615.69706,1776229889000
1776229890.393,90.393,0.6,10.0,0.59,5.0,0.67,5.0,0.69,5.0,0.46,5.0,0.45,10.0,0.55,11.0,0.56,5.0,0.07,0.09,615.69706,1776229889000
1776229891.403,91.403,0.6,10.0,0.59,5.0,0.67,5.0,0.69,5.0,0.33,5.0,0.31,5.0,0.4,10.0,0.41,5.0,0.07,0.07,615.699,1776229890000
1776229891.976,91.976,0.6,10.0,0.59,5.0,0.67,5.0,0.69,5.0,0.33,5.0,0.31,5.0,0.4,10.0,0.41,5.0,0.07,0.07,615.699,1776229891000
1776229893.045,93.045,0.6,10.0,0.59,5.0,0.67,5.0,0.69,5.0,0.33,5.0,0.31,5.0,0.4,10.0,0.41,5.0,0.07,0.07,615.689,1776229892000
1776229894.154,94.154,0.6,10.0,0.59,5.0,0.67,5.0,0.69,5.0,0.33,5.0,0.31,5.0,0.4,10.0,0.41,5.0,0.07,0.07,615.695,1776229893000
1776229895.097,95.097,0.6,10.0,0.59,5.0,0.67,5.0,0.69,5.0,0.33,5.0,0.31,5.0,0.4,10.0,0.41,5.0,0.07,0.07,615.693,1776229894000
1776229896.228,96.228,0.6,10.0,0.59,5.0,0.67,5.0,0.69,5.0,0.33,5.0,0.31,5.0,0.4,10.0,0.41,5.0,0.07,0.07,615.69,1776229895000
1776229897.443,97.443,0.6,10.0,0.59,5.0,0.67,5.0,0.69,5.0,0.33,5.0,0.31,5.0,0.4,10.0,0.41,5.0,0.07,0.07,615.668,1776229896000
1776229898.693,98.693,0.6,10.0,0.59,5.0,0.67,5.0,0.69,5.0,0.33,5.0,0.31,5.0,0.4,10.0,0.41,5.0,0.07,0.07,615.688,1776229897000
1776229899.187,99.187,0.6,10.0,0.59,5.0,0.67,5.0,0.69,5.0,0.33,5.0,0.31,5.0,0.4,10.0,0.41,5.0,0.07,0.07,615.688,1776229898000
1776229899.462,99.462,0.6,5.0,0.57,10.0,0.68,5.0,0.7,5.0,0.33,5.0,0.31,5.0,0.4,10.0,0.41,5.0,0.08,0.07,615.688,1776229898000
1776229900.385,100.385,0.6,5.0,0.57,10.0,0.68,5.0,0.7,5.0,0.32,5.0,0.3,5.0,0.4,5.0,0.43,10.0,0.08,0.08,615.687,1776229899000
1776229900.986,100.986,0.6,5.0,0.57,10.0,0.68,5.0,0.7,5.0,0.32,5.0,0.3,5.0,0.4,5.0,0.43,10.0,0.08,0.08,615.68565,1776229900000
1776229902.192,102.192,0.6,5.0,0.57,10.0,0.68,5.0,0.7,5.0,0.32,5.0,0.3,5.0,0.4,5.0,0.43,10.0,0.08,0.08,615.684,1776229901000
1776229902.737,102.737,0.6,5.0,0.57,20.6,0.67,5.0,0.68,5.0,0.32,5.0,0.3,5.0,0.4,5.0,0.43,10.0,0.07,0.08,615.684,1776229901000
1776229903.359,103.359,0.6,5.0,0.57,20.6,0.67,5.0,0.68,5.0,0.33,5.0,0.32,5.0,0.4,5.0,0.43,20.6,0.07,0.07,615.686228,1776229902000
1776229904.026,104.026,0.6,5.0,0.57,20.6,0.67,5.0,0.68,5.0,0.33,5.0,0.32,5.0,0.4,5.0,0.43,20.6,0.07,0.07,615.675699,1776229903000
1776229905.134,105.134,0.6,5.0,0.57,20.6,0.67,5.0,0.68,5.0,0.33,5.0,0.32,5.0,0.4,5.0,0.43,20.6,0.07,0.07,615.675012,1776229904000
1776229906.666,106.666,0.6,5.0,0.57,20.6,0.67,5.0,0.68,5.0,0.33,5.0,0.32,5.0,0.4,5.0,0.43,20.6,0.07,0.07,615.670268,1776229905000
1776229907.22,107.22,0.6,5.0,0.57,20.6,0.67,5.0,0.68,5.0,0.33,5.0,0.32,5.0,0.4,5.0,0.43,20.6,0.07,0.07,615.683,1776229906000
1776229907.494,107.494,0.6,5.0,0.57,20.6,0.65,5.0,0.68,5.0,0.33,5.0,0.32,5.0,0.4,5.0,0.43,20.6,0.05,0.07,615.683,1776229906000
1776229908.52,108.52,0.6,5.0,0.57,20.6,0.65,5.0,0.68,5.0,0.35,5.0,0.32,5.0,0.4,5.0,0.43,20.6,0.05,0.05,615.680711,1776229907000
1776229909.222,109.222,0.6,5.0,0.57,20.6,0.65,5.0,0.68,5.0,0.35,5.0,0.32,5.0,0.4,5.0,0.43,20.6,0.05,0.05,615.680313,1776229908000
1776229910.209,110.209,0.6,5.0,0.57,20.6,0.65,5.0,0.68,5.0,0.35,5.0,0.32,5.0,0.4,5.0,0.43,20.6,0.05,0.05,615.66967,1776229909000
1776229911.318,111.318,0.6,5.0,0.57,20.6,0.65,5.0,0.68,5.0,0.35,5.0,0.32,5.0,0.4,5.0,0.43,20.6,0.05,0.05,615.668,1776229910000
1776229912.364,112.364,0.6,5.0,0.57,20.6,0.65,5.0,0.68,5.0,0.35,5.0,0.32,5.0,0.4,5.0,0.43,20.6,0.05,0.05,615.668,1776229911000
1776229913.016,113.016,0.6,5.0,0.57,20.6,0.65,5.0,0.68,5.0,0.35,5.0,0.32,5.0,0.4,5.0,0.43,20.6,0.05,0.05,615.669,1776229912000
1776229914.533,114.533,0.6,5.0,0.57,20.6,0.65,5.0,0.68,5.0,0.35,5.0,0.32,5.0,0.4,5.0,0.43,20.6,0.05,0.05,615.664,1776229913000
1776229914.945,114.945,0.6,5.0,0.57,20.6,0.65,5.0,0.68,5.0,0.35,5.0,0.32,5.0,0.4,5.0,0.43,20.6,0.05,0.05,615.659,1776229914000
1776229916.056,116.056,0.6,5.0,0.57,20.6,0.65,5.0,0.68,5.0,0.35,5.0,0.32,5.0,0.4,5.0,0.43,20.6,0.05,0.05,615.66,1776229915000
1776229917.045,117.045,0.6,5.0,0.57,20.6,0.65,5.0,0.68,5.0,0.35,5.0,0.32,5.0,0.4,5.0,0.43,20.6,0.05,0.05,615.662,1776229916000
1776229918.093,118.093,0.6,5.0,0.57,20.6,0.65,5.0,0.68,5.0,0.35,5.0,0.32,5.0,0.4,5.0,0.43,20.6,0.05,0.05,615.665,1776229917000
1776229919.093,119.093,0.6,5.0,0.57,20.6,0.65,5.0,0.68,5.0,0.35,5.0,0.32,5.0,0.4,5.0,0.43,20.6,0.05,0.05,615.652,1776229918000
1776229920.2,120.2,0.6,5.0,0.57,20.6,0.65,5.0,0.68,5.0,0.35,5.0,0.32,5.0,0.4,5.0,0.43,20.6,0.05,0.05,615.657,1776229919000
1776229921.193,121.193,0.6,5.0,0.57,20.6,0.65,5.0,0.68,5.0,0.35,5.0,0.32,5.0,0.4,5.0,0.43,20.6,0.05,0.05,615.656,1776229920000
1776229922.293,122.293,0.6,5.0,0.57,20.6,0.65,5.0,0.68,5.0,0.35,5.0,0.32,5.0,0.4,5.0,0.43,20.6,0.05,0.05,615.658,1776229921000
1776229923.3,123.3,0.6,5.0,0.57,20.6,0.65,5.0,0.68,5.0,0.35,5.0,0.32,5.0,0.4,5.0,0.43,20.6,0.05,0.05,615.658,1776229922000
1776229924.377,124.377,0.6,5.0,0.57,20.6,0.65,5.0,0.68,5.0,0.35,5.0,0.32,5.0,0.4,5.0,0.43,20.6,0.05,0.05,615.658,1776229923000
1776229924.921,124.921,0.6,5.0,0.57,20.6,0.65,5.0,0.68,5.0,0.35,5.0,0.32,5.0,0.4,5.0,0.43,20.6,0.05,0.05,615.661,1776229924000
1776229925.835,125.835,0.6,5.0,0.57,20.6,0.65,5.0,0.68,5.0,0.35,5.0,0.32,5.0,0.4,5.0,0.43,20.6,0.05,0.05,615.655,1776229925000
1776229926.904,126.904,0.6,5.0,0.57,20.6,0.65,5.0,0.68,5.0,0.35,5.0,0.32,5.0,0.4,5.0,0.43,20.6,0.05,0.05,615.637773,1776229926000
1776229928.424,128.424,0.6,5.0,0.57,20.6,0.65,5.0,0.68,5.0,0.35,5.0,0.32,5.0,0.4,5.0,0.43,20.6,0.05,0.05,615.605,1776229927000
1776229929.03,129.03,0.6,5.0,0.57,20.6,0.65,5.0,0.68,5.0,0.35,5.0,0.32,5.0,0.4,5.0,0.43,20.6,0.05,0.05,615.612,1776229928000
1776229929.336,129.336,0.57,5.0,0.56,5.0,0.61,6.0,0.62,10.0,0.35,5.0,0.32,5.0,0.4,5.0,0.43,20.6,0.04,0.05,615.612,1776229928000
1776229929.93,129.93,0.57,5.0,0.56,5.0,0.61,6.0,0.62,10.0,0.39,6.0,0.38,10.0,0.43,5.0,0.44,5.0,0.04,0.04,615.612,1776229929000
1776229931.076,131.076,0.57,5.0,0.56,5.0,0.61,6.0,0.62,10.0,0.39,6.0,0.38,10.0,0.43,5.0,0.44,5.0,0.04,0.04,615.608,1776229930000
1776229931.303,131.303,0.53,67.1,0.41,50.0,0.58,5.0,0.59,10.0,0.39,6.0,0.38,10.0,0.43,5.0,0.44,5.0,0.05,0.04,615.608,1776229930000
1776229932.031,132.031,0.53,57.1,0.41,50.0,0.54,5.0,0.58,6.0,0.46,5.0,0.42,6.0,0.47,57.1,0.59,50.0,0.01,0.01,615.608,1776229931000
1776229933.12,133.12,0.53,57.1,0.41,50.0,0.54,5.0,0.58,6.0,0.46,5.0,0.42,6.0,0.47,57.1,0.59,50.0,0.01,0.01,615.538982,1776229932000
1776229933.32,133.32,0.53,13.6,0.41,50.0,0.54,31.0,0.59,10.0,0.46,5.0,0.42,6.0,0.47,57.1,0.59,50.0,0.01,0.01,615.538982,1776229932000
1776229934.188,134.188,0.41,50.0,0.39,5.0,0.53,10.76,0.54,31.0,0.47,10.76,0.46,31.0,0.59,50.0,0.61,5.0,0.12,0.12,615.518,1776229933000
1776229935.305,135.305,0.41,50.0,0.39,5.0,0.53,10.76,0.54,31.0,0.47,10.76,0.46,31.0,0.59,50.0,0.61,5.0,0.12,0.12,615.54996,1776229934000
1776229936.313,136.313,0.41,50.0,0.39,5.0,0.53,10.76,0.54,31.0,0.47,10.76,0.46,31.0,0.59,50.0,0.61,5.0,0.12,0.12,615.48023,1776229935000
1776229937.296,137.296,0.41,50.0,0.39,5.0,0.53,10.76,0.54,31.0,0.47,10.76,0.46,31.0,0.59,50.0,0.61,5.0,0.12,0.12,615.48084,1776229936000
1776229937.891,137.891,0.41,50.0,0.39,5.0,0.53,10.76,0.54,31.0,0.47,10.76,0.46,31.0,0.59,50.0,0.61,5.0,0.12,0.12,615.4809,1776229937000
1776229938.829,138.829,0.41,50.0,0.39,5.0,0.53,10.76,0.54,31.0,0.47,10.76,0.46,31.0,0.59,50.0,0.61,5.0,0.12,0.12,615.48229,1776229938000
1776229939.99,139.99,0.41,50.0,0.39,5.0,0.53,10.76,0.54,31.0,0.47,10.76,0.46,31.0,0.59,50.0,0.61,5.0,0.12,0.12,615.48235,1776229939000
1776229941.383,141.383,0.41,50.0,0.39,5.0,0.53,10.76,0.54,31.0,0.47,10.76,0.46,31.0,0.59,50.0,0.61,5.0,0.12,0.12,615.52553,1776229940000
1776229941.918,141.918,0.41,50.0,0.39,5.0,0.53,10.76,0.54,31.0,0.47,10.76,0.46,31.0,0.59,50.0,0.61,5.0,0.12,0.12,615.49322,1776229941000
1776229942.866,142.866,0.41,50.0,0.39,5.0,0.53,10.76,0.54,31.0,0.47,10.76,0.46,31.0,0.59,50.0,0.61,5.0,0.12,0.12,615.49202,1776229942000
1776229943.855,143.855,0.41,50.0,0.39,5.0,0.53,10.76,0.54,31.0,0.47,10.76,0.46,31.0,0.59,50.0,0.61,5.0,0.12,0.12,615.4927,1776229943000
1776229945.251,145.251,0.37,6.0,0.36,10.0,0.42,3.57,0.43,10.6,0.47,10.76,0.46,31.0,0.59,50.0,0.61,5.0,0.05,0.12,615.4927,1776229943000
1776229945.989,145.989,0.37,6.0,0.36,10.0,0.42,3.57,0.43,10.6,0.58,3.57,0.57,10.6,0.63,6.0,0.64,10.0,0.05,0.05,615.49255,1776229945000
1776229946.874,146.874,0.37,6.0,0.36,10.0,0.42,3.57,0.43,10.6,0.58,3.57,0.57,10.6,0.63,6.0,0.64,10.0,0.05,0.05,615.489927,1776229946000
1776229947.983,147.983,0.37,6.0,0.36,10.0,0.42,3.57,0.43,10.6,0.58,3.57,0.57,10.6,0.63,6.0,0.64,10.0,0.05,0.05,615.46859,1776229947000
1776229949.038,149.038,0.37,6.0,0.36,10.0,0.42,3.57,0.43,10.6,0.58,3.57,0.57,10.6,0.63,6.0,0.64,10.0,0.05,0.05,615.47172,1776229948000
1776229950.054,150.054,0.37,6.0,0.36,10.0,0.42,3.57,0.43,10.6,0.58,3.57,0.57,10.6,0.63,6.0,0.64,10.0,0.05,0.05,615.470666,1776229949000
1776229951.141,151.141,0.37,6.0,0.36,10.0,0.42,3.57,0.43,10.6,0.58,3.57,0.57,10.6,0.63,6.0,0.64,10.0,0.05,0.05,615.455,1776229950000
1776229952.209,152.209,0.37,6.0,0.36,10.0,0.42,3.57,0.43,10.6,0.58,3.57,0.57,10.6,0.63,6.0,0.64,10.0,0.05,0.05,615.455,1776229951000
1776229952.568,152.568,0.35,4.15,0.34,5.0,0.39,10.9,0.4,10.8,0.58,3.57,0.57,10.6,0.63,6.0,0.64,10.0,0.04,0.05,615.455,1776229951000
1776229953.312,153.312,0.35,4.15,0.34,5.0,0.39,10.9,0.4,10.8,0.61,10.9,0.6,10.8,0.65,4.15,0.66,5.0,0.04,0.04,615.459941,1776229952000
1776229955.022,155.022,0.35,4.15,0.34,5.0,0.39,10.9,0.4,10.8,0.61,10.9,0.6,10.8,0.65,4.15,0.66,5.0,0.04,0.04,615.451,1776229953000
1776229955.643,155.643,0.35,4.15,0.34,5.0,0.39,10.9,0.4,10.8,0.61,10.9,0.6,10.8,0.65,4.15,0.66,5.0,0.04,0.04,615.451,1776229954000
1776229956.3,156.3,0.35,4.15,0.34,5.0,0.39,10.9,0.4,10.8,0.61,10.9,0.6,10.8,0.65,4.15,0.66,5.0,0.04,0.04,615.446,1776229955000
1776229957.432,157.432,0.35,4.15,0.34,5.0,0.39,10.9,0.4,10.8,0.61,10.9,0.6,10.8,0.65,4.15,0.66,5.0,0.04,0.04,615.461,1776229956000
1776229958.057,158.057,0.35,4.15,0.34,5.0,0.39,10.9,0.4,10.8,0.61,10.9,0.6,10.8,0.65,4.15,0.66,5.0,0.04,0.04,615.461,1776229957000
1776229959.158,159.158,0.35,4.15,0.34,5.0,0.39,10.9,0.4,10.8,0.61,10.9,0.6,10.8,0.65,4.15,0.66,5.0,0.04,0.04,615.464,1776229958000
1776229960.291,160.291,0.35,4.15,0.34,5.0,0.39,10.9,0.4,10.8,0.61,10.9,0.6,10.8,0.65,4.15,0.66,5.0,0.04,0.04,615.462,1776229959000
1776229960.912,160.912,0.35,4.15,0.34,5.0,0.39,10.9,0.4,10.8,0.61,10.9,0.6,10.8,0.65,4.15,0.66,5.0,0.04,0.04,615.462,1776229960000
1776229962.152,162.152,0.35,4.15,0.34,5.0,0.39,10.9,0.4,10.8,0.61,10.9,0.6,10.8,0.65,4.15,0.66,5.0,0.04,0.04,615.464,1776229961000
1776229963.303,163.303,0.35,4.15,0.34,5.0,0.39,10.9,0.4,10.8,0.61,10.9,0.6,10.8,0.65,4.15,0.66,5.0,0.04,0.04,615.446,1776229962000
1776229964.393,164.393,0.35,4.15,0.34,5.0,0.39,10.9,0.4,10.8,0.61,10.9,0.6,10.8,0.65,4.15,0.66,5.0,0.04,0.04,615.405,1776229963000
1776229964.916,164.916,0.33,3.0,0.32,5.0,0.37,6.0,0.38,11.0,0.61,10.9,0.6,10.8,0.65,4.15,0.66,5.0,0.04,0.04,615.405,1776229963000
1776229966.346,166.346,0.33,3.0,0.32,5.0,0.37,6.0,0.38,11.0,0.63,6.0,0.62,11.0,0.67,3.0,0.68,5.0,0.04,0.04,615.413,1776229965000
1776229967.445,167.445,0.33,3.0,0.32,5.0,0.37,6.0,0.38,11.0,0.63,6.0,0.62,11.0,0.67,3.0,0.68,5.0,0.04,0.04,615.42026,1776229966000
1776229967.99,167.99,0.33,3.0,0.32,5.0,0.37,6.0,0.38,11.0,0.63,6.0,0.62,11.0,0.67,3.0,0.68,5.0,0.04,0.04,615.427,1776229967000
1776229969.257,169.257,0.33,3.0,0.32,5.0,0.37,6.0,0.38,11.0,0.63,6.0,0.62,11.0,0.67,3.0,0.68,5.0,0.04,0.04,615.426,1776229968000
1776229972.14,172.14,0.33,3.0,0.32,5.0,0.37,6.0,0.38,11.0,0.63,6.0,0.62,11.0,0.67,3.0,0.68,5.0,0.04,0.04,615.427,1776229970000
1776229973.096,173.096,0.33,3.0,0.32,5.0,0.37,6.0,0.38,11.0,0.63,6.0,0.62,11.0,0.67,3.0,0.68,5.0,0.04,0.04,615.42041,1776229971000
1776229974.221,174.221,0.33,3.0,0.32,5.0,0.37,6.0,0.38,11.0,0.63,6.0,0.62,11.0,0.67,3.0,0.68,5.0,0.04,0.04,615.417,1776229972000
1776229975.13,175.13,0.33,3.0,0.32,5.0,0.37,6.0,0.38,11.0,0.63,6.0,0.62,11.0,0.67,3.0,0.68,5.0,0.04,0.04,615.421,1776229973000
1776229976.109,176.109,0.33,3.0,0.32,5.0,0.37,6.0,0.38,11.0,0.63,6.0,0.62,11.0,0.67,3.0,0.68,5.0,0.04,0.04,615.417,1776229974000
1776229977.095,177.095,0.33,3.0,0.32,5.0,0.37,6.0,0.38,11.0,0.63,6.0,0.62,11.0,0.67,3.0,0.68,5.0,0.04,0.04,615.415,1776229975000
1776229977.965,177.965,0.33,3.0,0.32,5.0,0.37,6.0,0.38,11.0,0.63,6.0,0.62,11.0,0.67,3.0,0.68,5.0,0.04,0.04,615.405,1776229976000
1776229978.684,178.684,0.33,3.0,0.32,5.0,0.37,6.0,0.38,11.0,0.63,6.0,0.62,11.0,0.67,3.0,0.68,5.0,0.04,0.04,615.419,1776229977000
1776229979.308,179.308,0.33,3.0,0.32,5.0,0.37,6.0,0.38,11.0,0.63,6.0,0.62,11.0,0.67,3.0,0.68,5.0,0.04,0.04,615.414,1776229978000
1776229980.121,180.121,0.33,3.0,0.32,5.0,0.37,6.0,0.38,11.0,0.63,6.0,0.62,11.0,0.67,3.0,0.68,5.0,0.04,0.04,615.414,1776229979000
1776229981.676,181.676,0.33,3.0,0.32,5.0,0.37,6.0,0.38,11.0,0.63,6.0,0.62,11.0,0.67,3.0,0.68,5.0,0.04,0.04,615.414,1776229980000
1776229982.385,182.385,0.33,3.0,0.32,5.0,0.37,6.0,0.38,11.0,0.63,6.0,0.62,11.0,0.67,3.0,0.68,5.0,0.04,0.04,615.407924,1776229981000
1776229982.979,182.979,0.32,5.0,0.31,60.0,0.34,6.0,0.35,11.4,0.63,6.0,0.62,11.0,0.67,3.0,0.68,5.0,0.02,0.04,615.407924,1776229981000
1776229983.284,183.284,0.32,5.0,0.31,60.0,0.34,6.0,0.35,11.4,0.66,6.0,0.65,11.4,0.68,5.0,0.69,60.0,0.02,0.02,615.408702,1776229982000
1776229984.762,184.762,0.32,5.0,0.31,60.0,0.34,6.0,0.35,11.4,0.66,6.0,0.65,11.4,0.68,5.0,0.69,60.0,0.02,0.02,615.423,1776229983000
1776229985.57,185.57,0.32,5.0,0.31,60.0,0.34,6.0,0.35,11.4,0.66,6.0,0.65,11.4,0.68,5.0,0.69,60.0,0.02,0.02,615.427,1776229984000
1776229986.23,186.23,0.32,5.0,0.31,60.0,0.34,6.0,0.35,11.4,0.66,6.0,0.65,11.4,0.68,5.0,0.69,60.0,0.02,0.02,615.427,1776229985000
1776229987.712,187.712,0.32,5.0,0.31,60.0,0.34,6.0,0.35,11.4,0.66,6.0,0.65,11.4,0.68,5.0,0.69,60.0,0.02,0.02,615.427,1776229986000
1776229988.345,188.345,0.32,5.0,0.31,60.0,0.34,6.0,0.35,11.4,0.66,6.0,0.65,11.4,0.68,5.0,0.69,60.0,0.02,0.02,615.427,1776229987000
1776229989.087,189.087,0.32,5.0,0.31,60.0,0.34,6.0,0.35,11.4,0.66,6.0,0.65,11.4,0.68,5.0,0.69,60.0,0.02,0.02,615.429,1776229988000
1776229990.438,190.438,0.32,5.0,0.31,60.0,0.34,6.0,0.35,11.4,0.66,6.0,0.65,11.4,0.68,5.0,0.69,60.0,0.02,0.02,615.418,1776229989000
1776229991.033,191.033,0.32,5.0,0.31,60.0,0.34,6.0,0.35,11.4,0.66,6.0,0.65,11.4,0.68,5.0,0.69,60.0,0.02,0.02,615.418,1776229990000
1776229992.283,192.283,0.32,5.0,0.31,60.0,0.34,6.0,0.35,11.4,0.66,6.0,0.65,11.4,0.68,5.0,0.69,60.0,0.02,0.02,615.435,1776229991000
1776229994.282,194.282,0.32,5.0,0.31,60.0,0.34,6.0,0.35,11.4,0.66,6.0,0.65,11.4,0.68,5.0,0.69,60.0,0.02,0.02,615.441818,1776229992000
1776229994.977,194.977,0.32,5.0,0.31,60.0,0.34,6.0,0.35,11.4,0.66,6.0,0.65,11.4,0.68,5.0,0.69,60.0,0.02,0.02,615.441436,1776229994000
1776229996.251,196.251,0.42,6.0,0.41,50.0,0.46,5.0,0.51,5.0,0.66,6.0,0.65,11.4,0.68,5.0,0.69,60.0,0.04,0.02,615.441436,1776229994000
1776229996.481,196.481,0.42,6.0,0.41,50.0,0.46,5.0,0.51,5.0,0.54,5.0,0.49,5.0,0.58,6.0,0.59,50.0,0.04,0.04,615.443,1776229995000
1776229996.855,196.855,0.52,44.95,0.51,50.0,0.73,9.13,0.74,13.5,0.28,8.77,0.27,13.2,0.48,44.95,0.49,50.0,0.21,0.2,615.443,1776229995000
1776229997.169,197.169,0.52,44.95,0.51,50.0,0.73,9.13,0.74,13.5,0.27,9.13,0.26,13.5,0.48,44.95,0.49,50.0,0.21,0.21,615.436,1776229996000
1776229998.464,198.464,0.53,10.0,0.52,44.95,0.56,1.0,0.7,5.0,0.27,9.13,0.26,13.5,0.48,44.95,0.49,50.0,0.03,0.21,615.436,1776229996000
1776229999.278,199.278,0.53,10.0,0.52,44.95,0.56,1.0,0.7,5.0,0.44,1.0,0.3,5.0,0.47,10.0,0.48,44.95,0.03,0.03,615.611887,1776229998000
1776230000.131,200.131,0.53,10.0,0.52,44.95,0.56,1.0,0.7,5.0,0.44,1.0,0.3,5.0,0.47,10.0,0.48,44.95,0.03,0.03,615.611887,1776229999000
1776230001.494,201.494,0.53,10.0,0.52,44.95,0.56,1.0,0.7,5.0,0.44,1.0,0.3,5.0,0.47,10.0,0.48,44.95,0.03,0.03,615.60917,1776230000000
1776230002.192,202.192,0.53,10.0,0.52,44.95,0.56,1.0,0.7,5.0,0.44,1.0,0.3,5.0,0.47,10.0,0.48,44.95,0.03,0.03,615.62117,1776230001000
1776230003.585,203.585,0.53,10.0,0.52,44.95,0.56,1.0,0.7,5.0,0.44,1.0,0.3,5.0,0.47,10.0,0.48,44.95,0.03,0.03,615.638263,1776230002000
1776230004.27,204.27,0.53,10.0,0.52,44.95,0.56,1.0,0.7,5.0,0.44,1.0,0.3,5.0,0.47,10.0,0.48,44.95,0.03,0.03,615.637309,1776230003000
1776230005.01,205.01,0.53,10.0,0.52,44.95,0.56,1.0,0.7,5.0,0.44,1.0,0.3,5.0,0.47,10.0,0.48,44.95,0.03,0.03,615.630572,1776230004000
1776230006.652,206.652,0.53,10.0,0.52,44.95,0.56,1.0,0.7,5.0,0.44,1.0,0.3,5.0,0.47,10.0,0.48,44.95,0.03,0.03,615.594617,1776230005000
1776230007.317,207.317,0.53,10.0,0.52,44.95,0.56,1.0,0.7,5.0,0.44,1.0,0.3,5.0,0.47,10.0,0.48,44.95,0.03,0.03,615.577584,1776230006000
1776230007.626,207.626,0.55,10.0,0.52,44.95,0.65,9.23,0.66,10.0,0.44,1.0,0.3,5.0,0.47,10.0,0.48,44.95,0.1,0.03,615.577584,1776230006000
1776230008.126,208.126,0.55,10.0,0.52,44.95,0.65,9.23,0.66,10.0,0.35,9.23,0.34,10.0,0.45,10.0,0.48,44.95,0.1,0.1,615.58801,1776230007000
1776230009.491,209.491,0.55,10.0,0.52,44.95,0.65,9.23,0.66,10.0,0.35,9.23,0.34,10.0,0.45,10.0,0.48,44.95,0.1,0.1,615.614886,1776230008000
1776230010.184,210.184,0.55,10.0,0.52,44.95,0.65,9.23,0.66,10.0,0.35,9.23,0.34,10.0,0.45,10.0,0.48,44.95,0.1,0.1,615.614886,1776230009000
1776230011.394,211.394,0.55,10.0,0.52,44.95,0.65,9.23,0.66,10.0,0.35,9.23,0.34,10.0,0.45,10.0,0.48,44.95,0.1,0.1,615.605524,1776230010000
1776230012.087,212.087,0.55,10.0,0.52,44.95,0.65,9.23,0.66,10.0,0.35,9.23,0.34,10.0,0.45,10.0,0.48,44.95,0.1,0.1,615.60638,1776230011000
1776230013.222,213.222,0.55,10.0,0.52,44.95,0.65,9.23,0.66,10.0,0.35,9.23,0.34,10.0,0.45,10.0,0.48,44.95,0.1,0.1,615.596199,1776230012000
1776230014.03,214.03,0.53,10.0,0.52,44.95,0.6,4.91,0.61,12.0,0.35,9.23,0.34,10.0,0.45,10.0,0.48,44.95,0.07,0.1,615.596199,1776230012000
1776230014.558,214.558,0.53,10.0,0.52,44.95,0.6,4.91,0.61,12.0,0.4,4.91,0.39,12.0,0.47,10.0,0.48,44.95,0.07,0.07,615.63606,1776230013000
1776230015.091,215.091,0.53,10.0,0.52,44.95,0.6,4.91,0.61,12.0,0.4,4.91,0.39,12.0,0.47,10.0,0.48,44.95,0.07,0.07,615.63606,1776230014000
1776230016.34,216.34,0.53,10.0,0.52,44.95,0.6,4.91,0.61,12.0,0.4,4.91,0.39,12.0,0.47,10.0,0.48,44.95,0.07,0.07,615.63773,1776230015000
1776230016.937,216.937,0.53,10.0,0.52,44.95,0.6,4.91,0.61,12.0,0.4,4.91,0.39,12.0,0.47,10.0,0.48,44.95,0.07,0.07,615.63687,1776230016000
1776230018.079,218.079,0.53,10.0,0.52,44.95,0.6,4.91,0.61,12.0,0.4,4.91,0.39,12.0,0.47,10.0,0.48,44.95,0.07,0.07,615.630883,1776230017000
1776230019.259,219.259,0.53,10.0,0.52,44.95,0.6,4.91,0.61,12.0,0.4,4.91,0.39,12.0,0.47,10.0,0.48,44.95,0.07,0.07,615.631163,1776230018000
1776230020.354,220.354,0.53,10.0,0.52,44.95,0.6,4.91,0.61,12.0,0.4,4.91,0.39,12.0,0.47,10.0,0.48,44.95,0.07,0.07,615.640825,1776230019000
1776230020.919,220.919,0.53,10.0,0.52,44.95,0.6,4.91,0.61,12.0,0.4,4.91,0.39,12.0,0.47,10.0,0.48,44.95,0.07,0.07,615.64711,1776230020000
1776230021.383,221.383,0.59,5.7,0.58,10.7,0.72,12.0,0.74,13.5,0.4,4.91,0.39,12.0,0.47,10.0,0.48,44.95,0.13,0.07,615.64711,1776230020000
1776230022.143,222.143,0.59,5.7,0.58,10.7,0.72,12.0,0.74,13.5,0.28,12.0,0.26,13.5,0.41,5.7,0.42,10.7,0.13,0.13,615.610236,1776230021000
1776230023.274,223.274,0.59,5.7,0.58,10.7,0.72,12.0,0.74,13.5,0.28,12.0,0.26,13.5,0.41,5.7,0.42,10.7,0.13,0.13,615.627309,1776230022000
1776230024.376,224.376,0.59,5.7,0.58,10.7,0.72,12.0,0.74,13.5,0.28,12.0,0.26,13.5,0.41,5.7,0.42,10.7,0.13,0.13,615.661961,1776230023000
1776230024.982,224.982,0.59,5.7,0.58,10.7,0.72,12.0,0.74,13.5,0.28,12.0,0.26,13.5,0.41,5.7,0.42,10.7,0.13,0.13,615.646574,1776230024000
1776230026.443,226.443,0.59,5.7,0.58,10.7,0.72,12.0,0.74,13.5,0.28,12.0,0.26,13.5,0.41,5.7,0.42,10.7,0.13,0.13,615.649209,1776230025000
1776230026.888,226.888,0.6,10.8,0.59,5.7,0.73,10.63,0.74,13.5,0.28,12.0,0.26,13.5,0.41,5.7,0.42,10.7,0.13,0.13,615.649209,1776230025000
1776230028.144,228.144,0.6,10.8,0.59,5.7,0.73,10.63,0.74,13.5,0.27,10.63,0.26,13.5,0.4,10.8,0.41,5.7,0.13,0.13,615.65192,1776230027000
1776230029.242,229.242,0.6,10.8,0.59,5.7,0.73,10.63,0.74,13.5,0.27,10.63,0.26,13.5,0.4,10.8,0.41,5.7,0.13,0.13,615.646271,1776230028000
1776230030.395,230.395,0.6,10.8,0.59,5.7,0.73,10.63,0.74,13.5,0.27,10.63,0.26,13.5,0.4,10.8,0.41,5.7,0.13,0.13,615.642819,1776230029000
1776230031.004,231.004,0.6,10.8,0.59,5.7,0.73,10.63,0.74,13.5,0.27,10.63,0.26,13.5,0.4,10.8,0.41,5.7,0.13,0.13,615.643204,1776230030000
1776230032.012,232.012,0.6,10.8,0.59,5.7,0.73,10.63,0.74,13.5,0.27,10.63,0.26,13.5,0.4,10.8,0.41,5.7,0.13,0.13,615.64384,1776230031000
1776230033.084,233.084,0.6,10.8,0.59,5.7,0.73,10.63,0.74,13.5,0.27,10.63,0.26,13.5,0.4,10.8,0.41,5.7,0.13,0.13,615.63868,1776230032000
1776230034.197,234.197,0.6,10.8,0.59,5.7,0.73,10.63,0.74,13.5,0.27,10.63,0.26,13.5,0.4,10.8,0.41,5.7,0.13,0.13,615.625579,1776230033000
1776230035.33,235.33,0.6,10.8,0.59,5.7,0.73,10.63,0.74,13.5,0.27,10.63,0.26,13.5,0.4,10.8,0.41,5.7,0.13,0.13,615.624747,1776230034000
1776230036.391,236.391,0.6,10.8,0.59,5.7,0.73,10.63,0.74,13.5,0.27,10.63,0.26,13.5,0.4,10.8,0.41,5.7,0.13,0.13,615.627343,1776230035000
1776230036.954,236.954,0.6,10.8,0.59,5.7,0.73,10.63,0.74,13.5,0.27,10.63,0.26,13.5,0.4,10.8,0.41,5.7,0.13,0.13,615.633407,1776230036000
1776230038.077,238.077,0.6,10.8,0.59,5.7,0.73,10.63,0.74,13.5,0.27,10.63,0.26,13.5,0.4,10.8,0.41,5.7,0.13,0.13,615.65387,1776230037000
1776230039.054,239.054,0.6,10.8,0.59,5.7,0.73,10.63,0.74,13.5,0.27,10.63,0.26,13.5,0.4,10.8,0.41,5.7,0.13,0.13,615.650746,1776230038000
1776230040.579,240.579,0.6,10.8,0.59,5.7,0.73,10.63,0.74,13.5,0.27,10.63,0.26,13.5,0.4,10.8,0.41,5.7,0.13,0.13,615.640571,1776230039000
1776230041.173,241.173,0.6,10.8,0.59,5.7,0.73,10.63,0.74,13.5,0.27,10.63,0.26,13.5,0.4,10.8,0.41,5.7,0.13,0.13,615.640571,1776230040000
1776230042.279,242.279,0.6,10.8,0.59,5.7,0.73,10.63,0.74,13.5,0.27,10.63,0.26,13.5,0.4,10.8,0.41,5.7,0.13,0.13,615.654,1776230041000
1776230042.556,242.556,0.64,11.3,0.63,11.2,0.75,3.44,0.77,14.7,0.27,10.63,0.26,13.5,0.4,10.8,0.41,5.7,0.11,0.13,615.654,1776230041000
1776230043.422,243.422,0.64,11.3,0.63,11.2,0.75,3.44,0.77,14.7,0.25,3.44,0.23,14.7,0.36,11.3,0.37,11.2,0.11,0.11,615.652519,1776230042000
1776230044.011,244.011,0.64,11.3,0.63,11.2,0.75,3.44,0.77,14.7,0.25,3.44,0.23,14.7,0.36,11.3,0.37,11.2,0.11,0.11,615.642692,1776230043000
1776230045.091,245.091,0.64,11.3,0.63,11.2,0.75,3.44,0.77,14.7,0.25,3.44,0.23,14.7,0.36,11.3,0.37,11.2,0.11,0.11,615.637174,1776230044000
1776230046.219,246.219,0.64,11.3,0.63,11.2,0.75,3.44,0.77,14.7,0.25,3.44,0.23,14.7,0.36,11.3,0.37,11.2,0.11,0.11,615.656076,1776230045000
1776230047.325,247.325,0.64,11.3,0.63,11.2,0.75,3.44,0.77,14.7,0.25,3.44,0.23,14.7,0.36,11.3,0.37,11.2,0.11,0.11,615.637267,1776230046000
1776230048.403,248.403,0.64,11.3,0.63,11.2,0.75,3.44,0.77,14.7,0.25,3.44,0.23,14.7,0.36,11.3,0.37,11.2,0.11,0.11,615.64741,1776230047000
1776230048.914,248.914,0.64,11.3,0.63,11.2,0.75,3.44,0.77,14.7,0.25,3.44,0.23,14.7,0.36,11.3,0.37,11.2,0.11,0.11,615.64746,1776230048000
1776230049.953,249.953,0.64,11.3,0.63,11.2,0.75,3.44,0.77,14.7,0.25,3.44,0.23,14.7,0.36,11.3,0.37,11.2,0.11,0.11,615.64739,1776230049000
1776230051.074,251.074,0.64,11.3,0.63,11.2,0.75,3.44,0.77,14.7,0.25,3.44,0.23,14.7,0.36,11.3,0.37,11.2,0.11,0.11,615.651334,1776230050000
1776230052.137,252.137,0.64,11.3,0.63,11.2,0.75,3.44,0.77,14.7,0.25,3.44,0.23,14.7,0.36,11.3,0.37,11.2,0.11,0.11,615.649967,1776230051000
1776230053.196,253.196,0.64,11.3,0.63,11.2,0.75,3.44,0.77,14.7,0.25,3.44,0.23,14.7,0.36,11.3,0.37,11.2,0.11,0.11,615.65586,1776230052000
1776230053.862,253.862,0.64,11.3,0.63,11.2,0.75,3.44,0.77,14.7,0.25,3.44,0.23,14.7,0.36,11.3,0.37,11.2,0.11,0.11,615.65621,1776230053000
1776230055.433,255.433,0.64,11.3,0.63,11.2,0.75,3.44,0.77,14.7,0.25,3.44,0.23,14.7,0.36,11.3,0.37,11.2,0.11,0.11,615.65776,1776230054000
1776230055.961,255.961,0.64,11.3,0.63,11.2,0.75,3.44,0.77,14.7,0.25,3.44,0.23,14.7,0.36,11.3,0.37,11.2,0.11,0.11,615.656518,1776230055000
1776230057.047,257.047,0.64,11.3,0.63,11.2,0.75,3.44,0.77,14.7,0.25,3.44,0.23,14.7,0.36,11.3,0.37,11.2,0.11,0.11,615.65836,1776230056000
1776230058.093,258.093,0.64,11.3,0.63,11.2,0.75,3.44,0.77,14.7,0.25,3.44,0.23,14.7,0.36,11.3,0.37,11.2,0.11,0.11,615.6579,1776230057000
1776230059.127,259.127,0.64,11.3,0.63,11.2,0.75,3.44,0.77,14.7,0.25,3.44,0.23,14.7,0.36,11.3,0.37,11.2,0.11,0.11,615.64779,1776230058000
1776230060.329,260.329,0.64,11.3,0.63,11.2,0.75,3.44,0.77,14.7,0.25,3.44,0.23,14.7,0.36,11.3,0.37,11.2,0.11,0.11,615.644574,1776230059000
1776230060.706,260.706,0.73,13.2,0.72,12.9,0.84,18.1,0.85,20.39,0.25,3.44,0.23,14.7,0.36,11.3,0.37,11.2,0.11,0.11,615.644574,1776230059000
1776230061.285,261.285,0.73,13.2,0.72,12.9,0.84,18.1,0.85,20.39,0.16,18.1,0.15,20.39,0.27,13.2,0.28,12.9,0.11,0.11,615.634849,1776230060000
1776230062.297,262.297,0.73,13.2,0.72,12.9,0.84,18.1,0.85,20.39,0.16,18.1,0.15,20.39,0.27,13.2,0.28,12.9,0.11,0.11,615.65742,1776230061000
1776230063.351,263.351,0.73,13.2,0.72,12.9,0.84,18.1,0.85,20.39,0.16,18.1,0.15,20.39,0.27,13.2,0.28,12.9,0.11,0.11,615.65744,1776230062000
1776230063.914,263.914,0.73,13.2,0.72,12.9,0.84,18.1,0.85,20.39,0.16,18.1,0.15,20.39,0.27,13.2,0.28,12.9,0.11,0.11,615.65744,1776230063000
1776230064.12,264.12,0.75,13.9,0.74,13.5,0.86,19.27,0.87,23.0,0.16,18.1,0.15,20.39,0.27,13.2,0.28,12.9,0.11,0.11,615.65744,1776230063000
1776230064.915,264.915,0.75,13.9,0.74,13.5,0.86,19.27,0.87,23.0,0.14,19.27,0.13,23.0,0.25,13.9,0.26,13.5,0.11,0.11,615.65749,1776230064000
1776230065.848,265.848,0.75,13.9,0.74,13.5,0.86,19.27,0.87,23.0,0.14,19.27,0.13,23.0,0.25,13.9,0.26,13.5,0.11,0.11,615.6571,1776230065000
1776230066.953,266.953,0.75,13.9,0.74,13.5,0.86,19.27,0.87,23.0,0.14,19.27,0.13,23.0,0.25,13.9,0.26,13.5,0.11,0.11,615.648338,1776230066000
1776230068.403,268.403,0.75,13.9,0.74,13.5,0.86,19.27,0.87,23.0,0.14,19.27,0.13,23.0,0.25,13.9,0.26,13.5,0.11,0.11,615.621646,1776230067000
1776230068.959,268.959,0.75,13.9,0.74,13.5,0.86,19.27,0.87,23.0,0.14,19.27,0.13,23.0,0.25,13.9,0.26,13.5,0.11,0.11,615.621646,1776230068000
1776230069.912,269.912,0.75,13.9,0.74,13.5,0.86,19.27,0.87,23.0,0.14,19.27,0.13,23.0,0.25,13.9,0.26,13.5,0.11,0.11,615.656185,1776230069000
1776230070.39,270.39,0.78,15.2,0.77,14.7,0.87,23.0,0.88,24.6,0.14,19.27,0.13,23.0,0.25,13.9,0.26,13.5,0.09,0.11,615.656185,1776230069000
1776230070.999,270.999,0.78,15.2,0.77,14.7,0.87,23.0,0.88,24.6,0.13,23.0,0.12,24.6,0.22,15.2,0.23,14.7,0.09,0.09,615.655332,1776230070000
1776230072.0,272.0,0.78,15.2,0.77,14.7,0.87,23.0,0.88,24.6,0.13,23.0,0.12,24.6,0.22,15.2,0.23,14.7,0.09,0.09,615.65985,1776230071000
1776230072.997,272.997,0.78,15.2,0.77,14.7,0.87,23.0,0.88,24.6,0.13,23.0,0.12,24.6,0.22,15.2,0.23,14.7,0.09,0.09,615.660886,1776230072000
1776230074.069,274.069,0.78,15.2,0.77,14.7,0.87,23.0,0.88,24.6,0.13,23.0,0.12,24.6,0.22,15.2,0.23,14.7,0.09,0.09,615.65833,1776230073000
1776230075.019,275.019,0.78,15.2,0.77,14.7,0.87,23.0,0.88,24.6,0.13,23.0,0.12,24.6,0.22,15.2,0.23,14.7,0.09,0.09,615.652814,1776230074000
1776230075.973,275.973,0.78,15.2,0.77,14.7,0.87,23.0,0.88,24.6,0.13,23.0,0.12,24.6,0.22,15.2,0.23,14.7,0.09,0.09,615.657311,1776230075000
1776230076.952,276.952,0.78,15.2,0.77,14.7,0.87,23.0,0.88,24.6,0.13,23.0,0.12,24.6,0.22,15.2,0.23,14.7,0.09,0.09,615.66053,1776230076000
1776230077.902,277.902,0.78,15.2,0.77,14.7,0.87,23.0,0.88,24.6,0.13,23.0,0.12,24.6,0.22,15.2,0.23,14.7,0.09,0.09,615.66058,1776230077000
1776230078.892,278.892,0.78,15.2,0.77,14.7,0.87,23.0,0.88,24.6,0.13,23.0,0.12,24.6,0.22,15.2,0.23,14.7,0.09,0.09,615.656978,1776230078000
1776230079.854,279.854,0.78,15.2,0.77,14.7,0.87,23.0,0.88,24.6,0.13,23.0,0.12,24.6,0.22,15.2,0.23,14.7,0.09,0.09,615.649744,1776230079000
1776230080.519,280.519,0.71,50.0,0.61,50.0,0.96,100.47,0.98,110.0,0.13,23.0,0.12,24.6,0.22,15.2,0.23,14.7,0.25,0.09,615.649744,1776230079000
1776230081.448,281.448,0.71,50.0,0.61,50.0,0.96,100.47,0.98,110.0,0.04,100.47,0.02,110.0,0.29,50.0,0.39,50.0,0.25,0.25,615.608698,1776230080000
1776230082.089,282.089,0.71,50.0,0.61,50.0,0.96,100.47,0.98,110.0,0.04,100.47,0.02,110.0,0.29,50.0,0.39,50.0,0.25,0.25,615.609481,1776230081000
1776230083.173,283.173,0.71,50.0,0.61,50.0,0.96,100.47,0.98,110.0,0.04,100.47,0.02,110.0,0.29,50.0,0.39,50.0,0.25,0.25,615.67286,1776230082000
1776230084.222,284.222,0.71,50.0,0.61,50.0,0.96,100.47,0.98,110.0,0.04,100.47,0.02,110.0,0.29,50.0,0.39,50.0,0.25,0.25,615.67304,1776230083000
1776230085.393,285.393,0.71,50.0,0.61,50.0,0.96,100.47,0.98,110.0,0.04,100.47,0.02,110.0,0.29,50.0,0.39,50.0,0.25,0.25,615.67337,1776230084000
1776230086.779,286.779,0.71,50.0,0.61,50.0,0.96,100.47,0.98,110.0,0.04,100.47,0.02,110.0,0.29,50.0,0.39,50.0,0.25,0.25,615.67361,1776230085000
1776230087.414,287.414,0.71,50.0,0.61,50.0,0.96,100.47,0.98,110.0,0.04,100.47,0.02,110.0,0.29,50.0,0.39,50.0,0.25,0.25,615.673122,1776230086000
1776230087.902,287.902,0.71,50.0,0.61,50.0,0.96,100.47,0.98,110.0,0.04,100.47,0.02,110.0,0.29,50.0,0.39,50.0,0.25,0.25,615.66967,1776230087000
1776230089.014,289.014,0.71,50.0,0.61,50.0,0.96,100.47,0.98,110.0,0.04,100.47,0.02,110.0,0.29,50.0,0.39,50.0,0.25,0.25,615.66945,1776230088000
1776230090.237,290.237,0.71,50.0,0.61,50.0,0.96,100.47,0.98,110.0,0.04,100.47,0.02,110.0,0.29,50.0,0.39,50.0,0.25,0.25,615.67027,1776230089000
1776230091.473,291.473,0.71,50.0,0.61,50.0,0.96,100.47,0.98,110.0,0.04,100.47,0.02,110.0,0.29,50.0,0.39,50.0,0.25,0.25,615.668518,1776230090000
1776230091.897,291.897,0.71,50.0,0.61,50.0,0.96,100.47,0.98,110.0,0.04,100.47,0.02,110.0,0.29,50.0,0.39,50.0,0.25,0.25,615.668518,1776230091000
1776230093.041,293.041,0.71,50.0,0.61,50.0,0.96,100.47,0.98,110.0,0.04,100.47,0.02,110.0,0.29,50.0,0.39,50.0,0.25,0.25,615.6676,1776230092000
1776230093.716,293.716,0.61,40.51,0.52,44.95,0.82,5.61,0.91,80.01,0.04,100.47,0.02,110.0,0.29,50.0,0.39,50.0,0.21,0.25,615.6676,1776230092000
1776230094.288,294.288,0.61,25.27,0.52,44.95,0.82,5.61,0.91,80.01,0.18,5.61,0.09,80.01,0.39,25.27,0.48,44.95,0.21,0.21,615.67016,1776230093000
1776230094.497,294.497,0.61,25.27,0.52,44.95,0.82,3.19,0.91,80.01,0.18,4.4,0.09,80.01,0.39,25.27,0.48,44.95,0.21,0.21,615.67016,1776230093000
1776230095.409,295.409,0.61,25.27,0.52,44.95,0.82,3.19,0.91,80.01,0.18,3.19,0.09,80.01,0.39,25.27,0.48,44.95,0.21,0.21,615.623061,1776230094000
1776230095.632,295.632,0.71,39.27,0.61,25.27,0.82,3.19,0.96,0.47,0.18,3.19,0.09,80.01,0.39,25.27,0.48,44.95,0.11,0.21,615.623061,1776230094000
1776230095.981,295.981,0.15,96.5,0.04,5.0,0.21,50.0,0.51,50.0,0.18,3.19,0.04,0.47,0.29,39.27,0.39,25.27,0.06,0.11,615.623061,1776230094000
1776230096.357,296.357,0.15,39.5,0.04,5.0,0.21,50.0,0.31,50.0,0.79,50.0,0.69,50.0,0.85,39.5,0.96,5.0,0.06,0.06,615.61,1776230095000
1776230096.64,296.64,0.04,1.9,0.02,15.0,0.21,44.77,0.31,50.0,0.79,44.77,0.69,50.0,0.96,5.0,0.98,15.0,0.17,0.17,615.61,1776230095000
1776230096.852,296.852,0.02,11.96,0.01,1305.0,0.21,49.77,0.31,50.0,0.79,44.77,0.69,50.0,0.98,15.0,0.99,1305.0,0.19,0.19,615.61,1776230095000
1776230097.424,297.424,0.01,190.99,,,0.21,59.77,0.31,50.0,0.79,59.77,0.69,50.0,0.98,5.24,0.99,1305.0,0.2,0.19,615.605,1776230096000
1776230097.915,297.915,0.01,190.99,,,0.21,54.54,0.31,50.0,0.79,54.54,0.69,50.0,0.99,190.99,,,0.2,0.2,615.501046,1776230097000
1776230098.13,298.13,0.01,155.0,,,0.2,7.0,0.21,15.0,0.8,7.0,0.79,15.0,0.99,178.37,,,0.19,0.19,615.501046,1776230097000
1776230098.442,298.442,0.01,58.85,,,0.2,7.0,0.21,15.0,0.8,7.0,0.79,15.0,0.99,155.0,,,0.19,0.19,615.501046,1776230097000
1776230098.866,298.866,0.01,48.85,,,0.2,7.0,0.21,15.0,0.8,7.0,0.79,15.0,0.99,58.85,,,0.19,0.19,615.501046,1776230097000
1776230099.243,299.243,0.01,48.85,,,0.2,7.0,0.21,15.0,0.8,7.0,0.79,15.0,0.99,48.85,,,0.19,0.19,615.386,1776230098000
1776230100.325,300.325,,,,,0.21,15.0,0.5,124.62,0.79,15.0,0.5,124.62,,,,,,,615.372425,1776230099000
1776230101.264,301.264,,,,,0.21,15.0,0.5,124.62,0.79,15.0,0.5,124.62,,,,,,,615.367,1776230100000
1776230102.266,302.266,,,,,0.21,15.0,0.5,124.62,0.79,15.0,0.5,124.62,,,,,,,615.367,1776230101000

# RESULT,winner=Down,slug=bnb-updown-5m-1776229800,ticks=329
