timestamp,elapsed_sec,up_bid_p1,up_bid_s1,up_bid_p2,up_bid_s2,up_ask_p1,up_ask_s1,up_ask_p2,up_ask_s2,down_bid_p1,down_bid_s1,down_bid_p2,down_bid_s2,down_ask_p1,down_ask_s1,down_ask_p2,down_ask_s2,up_spread,down_spread,bnb_price,bnb_oracle_ts
1776195311.155,11.155,,,,,,,,,,,,,,,,,,,613.479,1776195310000
1776195311.473,11.473,0.39,10.0,0.33,5.0,0.49,5.0,0.51,5.0,0.51,5.0,0.49,5.0,0.61,10.0,0.67,5.0,0.1,0.1,613.479,1776195310000
1776195312.004,12.004,0.39,10.0,0.33,5.0,0.49,5.0,0.51,5.0,0.51,5.0,0.49,5.0,0.61,10.0,0.67,5.0,0.1,0.1,613.479,1776195310000
1776195313.053,13.053,0.39,10.0,0.33,5.0,0.49,5.0,0.51,5.0,0.51,5.0,0.49,5.0,0.61,10.0,0.67,5.0,0.1,0.1,613.337035,1776195312000
1776195314.093,14.093,0.39,10.0,0.33,5.0,0.49,5.0,0.51,5.0,0.51,5.0,0.49,5.0,0.61,10.0,0.67,5.0,0.1,0.1,613.292,1776195313000
1776195315.149,15.149,0.39,10.0,0.33,5.0,0.49,5.0,0.51,5.0,0.51,5.0,0.49,5.0,0.61,10.0,0.67,5.0,0.1,0.1,613.314,1776195314000
1776195316.41,16.41,0.39,10.0,0.33,5.0,0.49,5.0,0.51,5.0,0.51,5.0,0.49,5.0,0.61,10.0,0.67,5.0,0.1,0.1,613.314,1776195315000
1776195316.947,16.947,0.39,10.0,0.33,5.0,0.49,5.0,0.51,5.0,0.51,5.0,0.49,5.0,0.61,10.0,0.67,5.0,0.1,0.1,613.299,1776195316000
1776195317.933,17.933,0.39,10.0,0.33,5.0,0.49,5.0,0.51,5.0,0.51,5.0,0.49,5.0,0.61,10.0,0.67,5.0,0.1,0.1,613.303,1776195317000
1776195319.015,19.015,0.39,10.0,0.33,5.0,0.49,5.0,0.51,5.0,0.51,5.0,0.49,5.0,0.61,10.0,0.67,5.0,0.1,0.1,613.329,1776195318000
1776195320.046,20.046,0.39,10.0,0.33,5.0,0.49,5.0,0.51,5.0,0.51,5.0,0.49,5.0,0.61,10.0,0.67,5.0,0.1,0.1,613.352,1776195319000
1776195321.224,21.224,0.39,10.0,0.33,5.0,0.49,5.0,0.51,5.0,0.51,5.0,0.49,5.0,0.61,10.0,0.67,5.0,0.1,0.1,613.343,1776195320000
1776195323.175,23.175,0.39,10.0,0.33,5.0,0.49,5.0,0.51,5.0,0.51,5.0,0.49,5.0,0.61,10.0,0.67,5.0,0.1,0.1,613.344,1776195321000
1776195323.954,23.954,0.39,10.0,0.33,5.0,0.49,5.0,0.51,5.0,0.51,5.0,0.49,5.0,0.61,10.0,0.67,5.0,0.1,0.1,613.34,1776195322000
1776195324.72,24.72,0.39,10.0,0.33,5.0,0.49,5.0,0.51,5.0,0.51,5.0,0.49,5.0,0.61,10.0,0.67,5.0,0.1,0.1,613.344,1776195323000
1776195325.317,25.317,0.39,10.0,0.33,5.0,0.49,5.0,0.51,5.0,0.51,5.0,0.49,5.0,0.61,10.0,0.67,5.0,0.1,0.1,613.348,1776195324000
1776195326.155,26.155,0.39,10.0,0.33,5.0,0.49,5.0,0.51,5.0,0.51,5.0,0.49,5.0,0.61,10.0,0.67,5.0,0.1,0.1,613.348,1776195325000
1776195327.518,27.518,0.39,10.0,0.33,5.0,0.49,5.0,0.51,5.0,0.51,5.0,0.49,5.0,0.61,10.0,0.67,5.0,0.1,0.1,613.375,1776195326000
1776195328.486,28.486,0.39,10.0,0.33,5.0,0.49,5.0,0.51,5.0,0.51,5.0,0.49,5.0,0.61,10.0,0.67,5.0,0.1,0.1,613.375,1776195327000
1776195329.17,29.17,0.39,10.0,0.33,5.0,0.49,5.0,0.51,5.0,0.51,5.0,0.49,5.0,0.61,10.0,0.67,5.0,0.1,0.1,613.367,1776195328000
1776195330.493,30.493,0.39,10.0,0.33,5.0,0.49,5.0,0.51,5.0,0.51,5.0,0.49,5.0,0.61,10.0,0.67,5.0,0.1,0.1,613.373,1776195329000
1776195331.141,31.141,0.39,10.0,0.33,5.0,0.49,5.0,0.51,5.0,0.51,5.0,0.49,5.0,0.61,10.0,0.67,5.0,0.1,0.1,613.371,1776195330000
1776195332.365,32.365,0.39,10.0,0.33,5.0,0.49,5.0,0.51,5.0,0.51,5.0,0.49,5.0,0.61,10.0,0.67,5.0,0.1,0.1,613.372228,1776195331000
1776195332.921,32.921,0.39,10.0,0.33,5.0,0.49,5.0,0.51,5.0,0.51,5.0,0.49,5.0,0.61,10.0,0.67,5.0,0.1,0.1,613.4,1776195332000
1776195334.224,34.224,0.39,10.0,0.33,5.0,0.49,5.0,0.51,5.0,0.51,5.0,0.49,5.0,0.61,10.0,0.67,5.0,0.1,0.1,613.376,1776195333000
1776195335.394,35.394,0.39,10.0,0.33,5.0,0.49,5.0,0.51,5.0,0.51,5.0,0.49,5.0,0.61,10.0,0.67,5.0,0.1,0.1,613.438,1776195334000
1776195336.075,36.075,0.39,10.0,0.33,5.0,0.49,5.0,0.51,5.0,0.51,5.0,0.49,5.0,0.61,10.0,0.67,5.0,0.1,0.1,613.438,1776195335000
1776195337.363,37.363,0.39,10.0,0.33,5.0,0.49,5.0,0.51,5.0,0.51,5.0,0.49,5.0,0.61,10.0,0.67,5.0,0.1,0.1,613.409,1776195336000
1776195337.996,37.996,0.39,10.0,0.33,5.0,0.49,5.0,0.51,5.0,0.51,5.0,0.49,5.0,0.61,10.0,0.67,5.0,0.1,0.1,613.409,1776195337000
1776195339.371,39.371,0.39,10.0,0.33,5.0,0.49,5.0,0.51,5.0,0.51,5.0,0.49,5.0,0.61,10.0,0.67,5.0,0.1,0.1,613.42,1776195338000
1776195340.526,40.526,0.39,10.0,0.33,5.0,0.49,5.0,0.51,5.0,0.51,5.0,0.49,5.0,0.61,10.0,0.67,5.0,0.1,0.1,613.416,1776195339000
1776195341.023,41.023,0.39,10.0,0.33,5.0,0.49,5.0,0.51,5.0,0.51,5.0,0.49,5.0,0.61,10.0,0.67,5.0,0.1,0.1,613.416,1776195340000
1776195341.979,41.979,0.39,10.0,0.33,5.0,0.49,5.0,0.51,5.0,0.51,5.0,0.49,5.0,0.61,10.0,0.67,5.0,0.1,0.1,613.413,1776195341000
1776195343.043,43.043,0.39,10.0,0.33,5.0,0.49,5.0,0.51,5.0,0.51,5.0,0.49,5.0,0.61,10.0,0.67,5.0,0.1,0.1,613.41,1776195342000
1776195344.075,44.075,0.39,10.0,0.33,5.0,0.49,5.0,0.51,5.0,0.51,5.0,0.49,5.0,0.61,10.0,0.67,5.0,0.1,0.1,613.411,1776195343000
1776195345.08,45.08,0.39,10.0,0.33,5.0,0.49,5.0,0.51,5.0,0.51,5.0,0.49,5.0,0.61,10.0,0.67,5.0,0.1,0.1,613.411,1776195344000
1776195346.127,46.127,0.39,10.0,0.33,5.0,0.49,5.0,0.51,5.0,0.51,5.0,0.49,5.0,0.61,10.0,0.67,5.0,0.1,0.1,613.417,1776195345000
1776195347.15,47.15,0.39,10.0,0.33,5.0,0.49,5.0,0.51,5.0,0.51,5.0,0.49,5.0,0.61,10.0,0.67,5.0,0.1,0.1,613.417,1776195346000
1776195348.14,48.14,0.39,10.0,0.33,5.0,0.49,5.0,0.51,5.0,0.51,5.0,0.49,5.0,0.61,10.0,0.67,5.0,0.1,0.1,613.423,1776195347000
1776195349.157,49.157,0.39,10.0,0.33,5.0,0.49,5.0,0.51,5.0,0.51,5.0,0.49,5.0,0.61,10.0,0.67,5.0,0.1,0.1,613.422,1776195348000
1776195350.209,50.209,0.39,10.0,0.33,5.0,0.49,5.0,0.51,5.0,0.51,5.0,0.49,5.0,0.61,10.0,0.67,5.0,0.1,0.1,613.417,1776195349000
1776195351.267,51.267,0.39,10.0,0.33,5.0,0.49,5.0,0.51,5.0,0.51,5.0,0.49,5.0,0.61,10.0,0.67,5.0,0.1,0.1,613.422,1776195350000
1776195352.43,52.43,0.39,10.0,0.33,5.0,0.49,5.0,0.51,5.0,0.51,5.0,0.49,5.0,0.61,10.0,0.67,5.0,0.1,0.1,613.413,1776195351000
1776195352.928,52.928,0.39,10.0,0.33,5.0,0.49,5.0,0.51,5.0,0.51,5.0,0.49,5.0,0.61,10.0,0.67,5.0,0.1,0.1,613.413,1776195352000
1776195354.044,54.044,0.39,10.0,0.33,5.0,0.49,5.0,0.51,5.0,0.51,5.0,0.49,5.0,0.61,10.0,0.67,5.0,0.1,0.1,613.422,1776195353000
1776195355.99,55.99,0.39,10.0,0.33,5.0,0.49,5.0,0.51,5.0,0.51,5.0,0.49,5.0,0.61,10.0,0.67,5.0,0.1,0.1,613.423,1776195354000
1776195356.648,56.648,0.39,10.0,0.33,5.0,0.49,5.0,0.51,5.0,0.51,5.0,0.49,5.0,0.61,10.0,0.67,5.0,0.1,0.1,613.424,1776195355000
1776195357.547,57.547,0.39,10.0,0.33,5.0,0.49,5.0,0.51,5.0,0.51,5.0,0.49,5.0,0.61,10.0,0.67,5.0,0.1,0.1,613.424,1776195356000
1776195358.282,58.282,0.39,10.0,0.33,5.0,0.49,5.0,0.51,5.0,0.51,5.0,0.49,5.0,0.61,10.0,0.67,5.0,0.1,0.1,613.47,1776195357000
1776195359.017,59.017,0.39,10.0,0.33,5.0,0.49,5.0,0.51,5.0,0.51,5.0,0.49,5.0,0.61,10.0,0.67,5.0,0.1,0.1,613.452,1776195358000
1776195360.493,60.493,0.39,10.0,0.33,5.0,0.49,5.0,0.51,5.0,0.51,5.0,0.49,5.0,0.61,10.0,0.67,5.0,0.1,0.1,613.46,1776195359000
1776195361.308,61.308,0.39,10.0,0.33,5.0,0.49,5.0,0.51,5.0,0.51,5.0,0.49,5.0,0.61,10.0,0.67,5.0,0.1,0.1,613.46,1776195360000
1776195362.864,62.864,0.39,10.0,0.33,5.0,0.49,5.0,0.51,5.0,0.51,5.0,0.49,5.0,0.61,10.0,0.67,5.0,0.1,0.1,613.464,1776195361000
1776195363.084,63.084,0.47,3.51,0.41,10.0,0.5,5.0,0.51,5.0,0.51,5.0,0.49,5.0,0.61,10.0,0.67,5.0,0.03,0.1,613.464,1776195361000
1776195363.596,63.596,0.47,3.51,0.41,10.0,0.5,5.0,0.51,5.0,0.5,5.0,0.49,5.0,0.53,3.51,0.59,10.0,0.03,0.03,613.464,1776195362000
1776195364.345,64.345,0.41,10.0,0.38,5.0,0.42,13.49,0.48,5.0,0.58,13.49,0.52,5.0,0.59,10.0,0.62,5.0,0.01,0.01,613.463,1776195363000
1776195365.745,65.745,0.41,10.0,0.38,5.0,0.42,13.49,0.48,5.0,0.58,13.49,0.52,5.0,0.59,10.0,0.62,5.0,0.01,0.01,613.455,1776195364000
1776195366.454,66.454,0.41,10.0,0.38,5.0,0.42,13.49,0.48,5.0,0.58,13.49,0.52,5.0,0.59,10.0,0.62,5.0,0.01,0.01,613.379,1776195365000
1776195367.302,67.302,0.41,10.0,0.38,5.0,0.42,13.49,0.48,5.0,0.58,13.49,0.52,5.0,0.59,10.0,0.62,5.0,0.01,0.01,613.361,1776195366000
1776195368.608,68.608,0.41,10.0,0.38,5.0,0.42,13.49,0.48,5.0,0.58,13.49,0.52,5.0,0.59,10.0,0.62,5.0,0.01,0.01,613.361,1776195367000
1776195369.277,69.277,0.41,10.0,0.38,5.0,0.42,13.49,0.48,5.0,0.58,13.49,0.52,5.0,0.59,10.0,0.62,5.0,0.01,0.01,613.319059,1776195368000
1776195370.742,70.742,0.41,10.0,0.38,5.0,0.42,13.49,0.48,5.0,0.58,13.49,0.52,5.0,0.59,10.0,0.62,5.0,0.01,0.01,613.367,1776195369000
1776195371.479,71.479,0.41,10.0,0.38,5.0,0.42,13.49,0.48,5.0,0.58,13.49,0.52,5.0,0.59,10.0,0.62,5.0,0.01,0.01,613.367,1776195370000
1776195372.252,72.252,0.41,10.0,0.38,5.0,0.42,13.49,0.48,5.0,0.58,13.49,0.52,5.0,0.59,10.0,0.62,5.0,0.01,0.01,613.367,1776195371000
1776195373.251,73.251,0.41,10.0,0.38,5.0,0.42,13.49,0.48,5.0,0.58,13.49,0.52,5.0,0.59,10.0,0.62,5.0,0.01,0.01,613.342406,1776195372000
1776195374.594,74.594,0.38,10.0,0.37,10.0,0.42,3.67,0.49,5.0,0.58,13.49,0.52,5.0,0.59,10.0,0.62,5.0,0.04,0.01,613.342406,1776195372000
1776195375.41,75.41,0.38,10.0,0.37,10.0,0.42,3.67,0.49,5.0,0.58,3.67,0.51,5.0,0.62,10.0,0.63,10.0,0.04,0.04,613.374,1776195374000
1776195375.756,75.756,0.41,5.0,0.39,10.0,0.52,5.0,0.53,15.0,0.58,3.67,0.51,5.0,0.62,10.0,0.63,10.0,0.11,0.04,613.374,1776195374000
1776195376.048,76.048,0.41,5.0,0.39,10.0,0.52,5.0,0.53,15.0,0.48,5.0,0.47,15.0,0.59,5.0,0.61,10.0,0.11,0.11,613.340886,1776195375000
1776195377.397,77.397,0.41,5.0,0.39,10.0,0.52,5.0,0.53,15.0,0.48,5.0,0.47,15.0,0.59,5.0,0.61,10.0,0.11,0.11,613.489,1776195376000
1776195377.992,77.992,0.41,5.0,0.39,10.0,0.52,5.0,0.53,15.0,0.48,5.0,0.47,15.0,0.59,5.0,0.61,10.0,0.11,0.11,613.489,1776195377000
1776195379.259,79.259,0.41,5.0,0.39,10.0,0.52,5.0,0.53,15.0,0.48,5.0,0.47,15.0,0.59,5.0,0.61,10.0,0.11,0.11,613.602,1776195378000
1776195380.525,80.525,0.52,5.0,0.51,50.0,0.54,24.33,0.65,5.0,0.48,5.0,0.47,15.0,0.59,5.0,0.61,10.0,0.02,0.11,613.602,1776195378000
1776195381.215,81.215,0.52,5.0,0.51,50.0,0.54,24.33,0.65,5.0,0.46,24.33,0.35,5.0,0.48,5.0,0.49,50.0,0.02,0.02,613.686,1776195380000
1776195381.421,81.421,0.52,5.0,0.51,50.0,0.54,3.47,0.65,5.0,0.46,24.33,0.35,5.0,0.48,5.0,0.49,50.0,0.02,0.02,613.686,1776195380000
1776195382.502,82.502,0.51,50.0,0.46,10.0,0.54,3.47,0.65,5.0,0.46,3.47,0.35,5.0,0.49,50.0,0.54,10.0,0.03,0.03,613.679,1776195381000
1776195382.834,82.834,0.53,2.61,0.51,70.0,0.54,3.47,0.68,5.0,0.46,3.47,0.35,5.0,0.49,50.0,0.54,10.0,0.01,0.03,613.679,1776195381000
1776195383.135,83.135,0.53,2.61,0.51,70.0,0.54,3.47,0.68,5.0,0.46,3.47,0.32,5.0,0.47,2.61,0.49,70.0,0.01,0.01,613.668,1776195382000
1776195384.508,84.508,0.51,70.0,0.49,5.0,0.68,5.0,0.69,5.0,0.32,5.0,0.31,5.0,0.49,70.0,0.51,5.0,0.17,0.17,613.738,1776195383000
1776195385.09,85.09,0.51,70.0,0.49,5.0,0.68,5.0,0.69,5.0,0.32,5.0,0.31,5.0,0.49,70.0,0.51,5.0,0.17,0.17,613.738,1776195384000
1776195386.288,86.288,0.51,70.0,0.49,5.0,0.68,5.0,0.69,5.0,0.32,5.0,0.31,5.0,0.49,70.0,0.51,5.0,0.17,0.17,613.78,1776195385000
1776195387.541,87.541,0.51,70.0,0.49,5.0,0.68,5.0,0.69,5.0,0.32,5.0,0.31,5.0,0.49,70.0,0.51,5.0,0.17,0.17,613.768,1776195386000
1776195388.152,88.152,0.51,70.0,0.49,5.0,0.68,5.0,0.69,5.0,0.32,5.0,0.31,5.0,0.49,70.0,0.51,5.0,0.17,0.17,613.781,1776195387000
1776195388.493,88.493,0.59,6.0,0.58,20.7,0.71,8.0,0.72,5.0,0.32,5.0,0.31,5.0,0.49,70.0,0.51,5.0,0.12,0.17,613.781,1776195387000
1776195389.315,89.315,0.6,10.8,0.59,16.7,0.71,3.0,0.72,5.0,0.29,8.0,0.28,5.0,0.41,6.0,0.42,20.7,0.11,0.12,613.781,1776195387000
1776195390.782,90.782,0.6,10.8,0.59,16.7,0.71,3.0,0.72,5.0,0.29,3.0,0.28,5.0,0.4,10.8,0.41,16.7,0.11,0.11,613.733767,1776195389000
1776195391.494,91.494,0.6,10.8,0.59,16.7,0.71,3.0,0.72,5.0,0.29,3.0,0.28,5.0,0.4,10.8,0.41,16.7,0.11,0.11,613.733734,1776195390000
1776195392.233,92.233,0.6,10.8,0.59,16.7,0.71,3.0,0.72,5.0,0.29,3.0,0.28,5.0,0.4,10.8,0.41,16.7,0.11,0.11,613.734,1776195391000
1776195393.5,93.5,0.6,10.8,0.59,16.7,0.71,3.0,0.72,5.0,0.29,3.0,0.28,5.0,0.4,10.8,0.41,16.7,0.11,0.11,613.730356,1776195392000
1776195394.232,94.232,0.6,10.8,0.59,16.7,0.71,3.0,0.72,5.0,0.29,3.0,0.28,5.0,0.4,10.8,0.41,16.7,0.11,0.11,613.729779,1776195393000
1776195394.605,94.605,0.65,11.4,0.64,11.3,0.73,5.0,0.75,5.0,0.29,3.0,0.28,5.0,0.4,10.8,0.41,16.7,0.08,0.11,613.729779,1776195393000
1776195395.587,95.587,0.65,11.4,0.64,11.3,0.73,5.0,0.75,5.0,0.27,5.0,0.25,5.0,0.35,11.4,0.36,11.3,0.08,0.08,613.728104,1776195394000
1776195396.299,96.299,0.65,11.4,0.64,11.3,0.73,5.0,0.75,5.0,0.27,5.0,0.25,5.0,0.35,11.4,0.36,11.3,0.08,0.08,613.728104,1776195395000
1776195397.553,97.553,0.65,11.4,0.64,11.3,0.73,5.0,0.75,5.0,0.27,5.0,0.25,5.0,0.35,11.4,0.36,11.3,0.08,0.08,613.727326,1776195396000
1776195398.291,98.291,0.65,11.4,0.64,11.3,0.73,5.0,0.75,5.0,0.27,5.0,0.25,5.0,0.35,11.4,0.36,11.3,0.08,0.08,613.725844,1776195397000
1776195399.096,99.096,0.65,11.4,0.64,11.3,0.73,5.0,0.75,5.0,0.27,5.0,0.25,5.0,0.35,11.4,0.36,11.3,0.08,0.08,613.725844,1776195398000
1776195400.645,100.645,0.65,11.4,0.64,11.3,0.73,5.0,0.75,5.0,0.27,5.0,0.25,5.0,0.35,11.4,0.36,11.3,0.08,0.08,613.711,1776195399000
1776195401.268,101.268,0.65,11.4,0.64,11.3,0.73,5.0,0.75,5.0,0.27,5.0,0.25,5.0,0.35,11.4,0.36,11.3,0.08,0.08,613.697648,1776195400000
1776195402.304,102.304,0.65,11.4,0.64,11.3,0.73,5.0,0.75,5.0,0.27,5.0,0.25,5.0,0.35,11.4,0.36,11.3,0.08,0.08,613.699,1776195401000
1776195403.758,103.758,0.65,11.4,0.64,11.3,0.73,5.0,0.75,5.0,0.27,5.0,0.25,5.0,0.35,11.4,0.36,11.3,0.08,0.08,613.713,1776195402000
1776195404.344,104.344,0.65,11.4,0.64,11.3,0.73,5.0,0.75,5.0,0.27,5.0,0.25,5.0,0.35,11.4,0.36,11.3,0.08,0.08,613.713,1776195403000
1776195405.177,105.177,0.65,11.4,0.64,11.3,0.73,5.0,0.75,5.0,0.27,5.0,0.25,5.0,0.35,11.4,0.36,11.3,0.08,0.08,613.713,1776195404000
1776195406.828,106.828,0.65,11.4,0.64,11.3,0.73,5.0,0.75,5.0,0.27,5.0,0.25,5.0,0.35,11.4,0.36,11.3,0.08,0.08,613.719545,1776195405000
1776195407.497,107.497,0.65,11.4,0.64,11.3,0.73,5.0,0.75,5.0,0.27,5.0,0.25,5.0,0.35,11.4,0.36,11.3,0.08,0.08,613.737,1776195406000
1776195408.233,108.233,0.65,11.4,0.64,11.3,0.73,5.0,0.75,5.0,0.27,5.0,0.25,5.0,0.35,11.4,0.36,11.3,0.08,0.08,613.748,1776195407000
1776195409.62,109.62,0.65,11.4,0.64,11.3,0.73,5.0,0.75,5.0,0.27,5.0,0.25,5.0,0.35,11.4,0.36,11.3,0.08,0.08,613.747,1776195408000
1776195410.201,110.201,0.65,11.4,0.64,11.3,0.73,5.0,0.75,5.0,0.27,5.0,0.25,5.0,0.35,11.4,0.36,11.3,0.08,0.08,613.748,1776195409000
1776195411.084,111.084,0.65,11.4,0.64,11.3,0.73,5.0,0.75,5.0,0.27,5.0,0.25,5.0,0.35,11.4,0.36,11.3,0.08,0.08,613.765,1776195410000
1776195412.263,112.263,0.65,11.4,0.64,11.3,0.73,5.0,0.75,5.0,0.27,5.0,0.25,5.0,0.35,11.4,0.36,11.3,0.08,0.08,613.762,1776195411000
1776195413.668,113.668,0.65,11.4,0.64,11.3,0.73,5.0,0.75,5.0,0.27,5.0,0.25,5.0,0.35,11.4,0.36,11.3,0.08,0.08,613.741,1776195412000
1776195414.318,114.318,0.65,11.4,0.64,11.3,0.73,5.0,0.75,5.0,0.27,5.0,0.25,5.0,0.35,11.4,0.36,11.3,0.08,0.08,613.732,1776195413000
1776195415.526,115.526,0.65,11.4,0.64,11.3,0.73,5.0,0.75,5.0,0.27,5.0,0.25,5.0,0.35,11.4,0.36,11.3,0.08,0.08,613.736,1776195414000
1776195416.046,116.046,0.65,11.4,0.64,11.3,0.73,5.0,0.75,5.0,0.27,5.0,0.25,5.0,0.35,11.4,0.36,11.3,0.08,0.08,613.738,1776195415000
1776195416.394,116.394,0.61,13.2,0.6,15.8,0.73,5.0,0.74,10.0,0.27,5.0,0.25,5.0,0.35,11.4,0.36,11.3,0.12,0.08,613.738,1776195415000
1776195417.134,117.134,0.6,15.8,0.59,10.7,0.61,5.8,0.73,5.0,0.27,5.0,0.26,10.0,0.39,13.2,0.4,15.8,0.01,0.12,613.738,1776195415000
1776195418.342,118.342,0.61,44.2,0.6,10.8,0.73,5.0,0.74,10.0,0.39,5.8,0.27,5.0,0.4,15.8,0.41,10.7,0.12,0.01,613.73,1776195416000
1776195419.315,119.315,0.61,44.2,0.6,10.8,0.73,5.0,0.74,10.0,0.27,5.0,0.26,10.0,0.39,44.2,0.4,10.8,0.12,0.12,613.741,1776195418000
1776195419.871,119.871,0.61,44.2,0.6,10.8,0.73,5.0,0.74,10.0,0.27,5.0,0.26,10.0,0.39,44.2,0.4,10.8,0.12,0.12,613.741,1776195419000
1776195421.049,121.049,0.61,44.2,0.6,10.8,0.73,5.0,0.74,10.0,0.27,5.0,0.26,10.0,0.39,44.2,0.4,10.8,0.12,0.12,613.744,1776195420000
1776195422.322,122.322,0.61,44.2,0.6,10.8,0.73,5.0,0.74,10.0,0.27,5.0,0.26,10.0,0.39,44.2,0.4,10.8,0.12,0.12,613.747,1776195421000
1776195423.02,123.02,0.61,44.2,0.6,10.8,0.73,5.0,0.74,10.0,0.27,5.0,0.26,10.0,0.39,44.2,0.4,10.8,0.12,0.12,613.738,1776195422000
1776195424.088,124.088,0.71,50.0,0.64,11.3,0.73,5.0,0.79,5.0,0.27,5.0,0.26,10.0,0.39,44.2,0.4,10.8,0.02,0.12,613.738,1776195422000
1776195425.77,125.77,0.71,60.0,0.64,11.3,0.81,5.0,0.9,28.9,0.19,5.0,0.1,28.9,0.29,60.0,0.36,11.3,0.1,0.1,613.902086,1776195424000
1776195426.413,126.413,0.71,60.0,0.64,11.3,0.81,5.0,0.9,28.9,0.19,5.0,0.1,28.9,0.29,60.0,0.36,11.3,0.1,0.1,613.974992,1776195425000
1776195427.526,127.526,0.71,60.0,0.64,11.3,0.81,5.0,0.9,28.9,0.19,5.0,0.1,28.9,0.29,60.0,0.36,11.3,0.1,0.1,613.963038,1776195426000
1776195428.181,128.181,0.71,60.0,0.64,11.3,0.81,5.0,0.9,28.9,0.19,5.0,0.1,28.9,0.29,60.0,0.36,11.3,0.1,0.1,613.963038,1776195427000
1776195429.269,129.269,0.71,60.0,0.64,11.3,0.81,5.0,0.9,28.9,0.19,5.0,0.1,28.9,0.29,60.0,0.36,11.3,0.1,0.1,613.973,1776195428000
1776195430.676,130.676,0.71,60.0,0.64,11.3,0.81,5.0,0.9,28.9,0.19,5.0,0.1,28.9,0.29,60.0,0.36,11.3,0.1,0.1,613.984,1776195429000
1776195431.152,131.152,0.71,60.0,0.64,11.3,0.81,5.0,0.9,28.9,0.19,5.0,0.1,28.9,0.29,60.0,0.36,11.3,0.1,0.1,613.961871,1776195430000
1776195432.421,132.421,0.73,13.2,0.72,12.9,0.78,8.46,0.79,5.0,0.22,8.46,0.21,5.0,0.27,13.2,0.28,12.9,0.05,0.05,613.961084,1776195431000
1776195432.987,132.987,0.73,13.2,0.72,12.9,0.78,8.46,0.79,5.0,0.22,8.46,0.21,5.0,0.27,13.2,0.28,12.9,0.05,0.05,613.961084,1776195432000
1776195434.115,134.115,0.73,13.2,0.72,12.9,0.78,8.46,0.79,5.0,0.22,8.46,0.21,5.0,0.27,13.2,0.28,12.9,0.05,0.05,613.962423,1776195433000
1776195435.2,135.2,0.76,9.26,0.75,13.9,0.79,10.0,0.8,5.0,0.21,10.0,0.2,5.0,0.24,9.26,0.25,13.9,0.03,0.03,613.951,1776195434000
1776195436.135,136.135,0.76,5.09,0.75,13.9,0.79,10.0,0.8,5.0,0.21,10.0,0.2,5.0,0.24,9.26,0.25,13.9,0.03,0.03,613.951,1776195434000
1776195436.48,136.48,0.76,5.09,0.75,13.9,0.79,10.0,0.8,5.0,0.21,10.0,0.2,5.0,0.24,5.09,0.25,13.9,0.03,0.03,613.963,1776195435000
1776195437.035,137.035,0.76,5.09,0.75,13.9,0.79,10.0,0.8,5.0,0.21,10.0,0.2,5.0,0.24,5.09,0.25,13.9,0.03,0.03,613.963,1776195436000
1776195438.136,138.136,0.76,5.09,0.75,13.9,0.79,10.0,0.8,5.0,0.21,10.0,0.2,5.0,0.24,5.09,0.25,13.9,0.03,0.03,613.975,1776195437000
1776195439.379,139.379,0.76,5.09,0.75,13.9,0.79,10.0,0.8,5.0,0.21,10.0,0.2,5.0,0.24,5.09,0.25,13.9,0.03,0.03,613.974,1776195438000
1776195439.908,139.908,0.76,5.09,0.75,13.9,0.79,10.0,0.8,5.0,0.21,10.0,0.2,5.0,0.24,5.09,0.25,13.9,0.03,0.03,613.974,1776195439000
1776195441.007,141.007,0.76,5.09,0.75,13.9,0.79,10.0,0.8,5.0,0.21,10.0,0.2,5.0,0.24,5.09,0.25,13.9,0.03,0.03,613.955,1776195440000
1776195442.095,142.095,0.76,5.09,0.75,13.9,0.79,10.0,0.8,5.0,0.21,10.0,0.2,5.0,0.24,5.09,0.25,13.9,0.03,0.03,613.949,1776195441000
1776195443.067,143.067,0.76,5.09,0.75,13.9,0.79,10.0,0.8,5.0,0.21,10.0,0.2,5.0,0.24,5.09,0.25,13.9,0.03,0.03,613.958,1776195442000
1776195444.197,144.197,0.76,5.09,0.75,13.9,0.79,10.0,0.8,5.0,0.21,10.0,0.2,5.0,0.24,5.09,0.25,13.9,0.03,0.03,613.956,1776195443000
1776195444.977,144.977,0.77,14.7,0.76,14.3,0.79,5.0,0.81,5.0,0.21,10.0,0.2,5.0,0.24,5.09,0.25,13.9,0.02,0.03,613.956,1776195443000
1776195445.248,145.248,0.77,14.7,0.76,14.3,0.79,5.0,0.81,5.0,0.21,5.0,0.19,5.0,0.23,14.7,0.24,14.3,0.02,0.02,613.959,1776195444000
1776195446.362,146.362,0.77,14.7,0.76,14.3,0.79,5.0,0.81,5.0,0.21,5.0,0.19,5.0,0.23,14.7,0.24,14.3,0.02,0.02,613.959,1776195445000
1776195447.359,147.359,0.77,14.7,0.76,14.3,0.79,5.0,0.81,5.0,0.21,5.0,0.19,5.0,0.23,14.7,0.24,14.3,0.02,0.02,613.946,1776195446000
1776195447.93,147.93,0.77,14.7,0.76,14.3,0.79,5.0,0.81,5.0,0.21,5.0,0.19,5.0,0.23,14.7,0.24,14.3,0.02,0.02,613.946,1776195447000
1776195449.042,149.042,0.77,14.7,0.76,14.3,0.79,5.0,0.81,5.0,0.21,5.0,0.19,5.0,0.23,14.7,0.24,14.3,0.02,0.02,613.92,1776195448000
1776195450.087,150.087,0.77,14.7,0.76,14.3,0.79,5.0,0.81,5.0,0.21,5.0,0.19,5.0,0.23,14.7,0.24,14.3,0.02,0.02,613.909,1776195449000
1776195451.232,151.232,0.77,14.7,0.76,14.3,0.79,5.0,0.81,5.0,0.21,5.0,0.19,5.0,0.23,14.7,0.24,14.3,0.02,0.02,613.925,1776195450000
1776195452.331,152.331,0.77,14.7,0.76,14.3,0.79,5.0,0.81,5.0,0.21,5.0,0.19,5.0,0.23,14.7,0.24,14.3,0.02,0.02,613.935,1776195451000
1776195452.848,152.848,0.71,10.0,0.67,16.8,0.76,3.42,0.77,5.0,0.21,5.0,0.19,5.0,0.23,14.7,0.24,14.3,0.05,0.02,613.935,1776195451000
1776195453.341,153.341,0.71,10.0,0.67,16.8,0.76,3.42,0.77,5.0,0.24,3.42,0.23,5.0,0.29,10.0,0.33,16.8,0.05,0.05,613.867,1776195452000
1776195454.837,154.837,0.71,10.0,0.67,16.8,0.76,3.42,0.77,5.0,0.24,3.42,0.23,5.0,0.29,10.0,0.33,16.8,0.05,0.05,613.867,1776195453000
1776195455.393,155.393,0.72,10.0,0.69,12.2,0.76,2.1,0.77,5.0,0.24,3.42,0.23,5.0,0.29,10.0,0.33,16.8,0.04,0.05,613.867,1776195453000
1776195456.848,156.848,0.72,10.0,0.69,12.2,0.76,2.1,0.77,5.0,0.24,2.1,0.23,5.0,0.28,10.0,0.31,12.2,0.04,0.04,613.845,1776195455000
1776195457.633,157.633,0.72,10.0,0.69,12.2,0.76,2.1,0.77,5.0,0.24,2.1,0.23,5.0,0.28,10.0,0.31,12.2,0.04,0.04,613.836,1776195456000
1776195458.476,158.476,0.72,10.0,0.69,12.2,0.76,2.1,0.77,5.0,0.24,2.1,0.23,5.0,0.28,10.0,0.31,12.2,0.04,0.04,613.831,1776195457000
1776195459.105,159.105,0.72,10.0,0.69,12.2,0.76,2.1,0.77,5.0,0.24,2.1,0.23,5.0,0.28,10.0,0.31,12.2,0.04,0.04,613.831,1776195458000
1776195460.5,160.5,0.72,10.0,0.69,12.2,0.76,2.1,0.77,5.0,0.24,2.1,0.23,5.0,0.28,10.0,0.31,12.2,0.04,0.04,613.839,1776195459000
1776195461.178,161.178,0.72,10.0,0.69,12.2,0.76,2.1,0.77,5.0,0.24,2.1,0.23,5.0,0.28,10.0,0.31,12.2,0.04,0.04,613.839,1776195460000
1776195462.678,162.678,0.73,5.0,0.69,12.2,0.76,7.1,0.82,5.0,0.24,7.1,0.18,5.0,0.27,5.0,0.31,12.2,0.03,0.03,613.838,1776195461000
1776195463.331,163.331,0.73,5.0,0.69,12.2,0.76,7.1,0.82,5.0,0.24,7.1,0.18,5.0,0.27,5.0,0.31,12.2,0.03,0.03,613.838,1776195462000
1776195464.015,164.015,0.73,5.0,0.69,12.2,0.76,7.1,0.82,5.0,0.24,7.1,0.18,5.0,0.27,5.0,0.31,12.2,0.03,0.03,613.91,1776195463000
1776195464.866,164.866,0.66,3.54,0.51,50.0,0.78,8.56,0.81,66.89,0.24,7.1,0.18,5.0,0.27,5.0,0.31,12.2,0.12,0.03,613.91,1776195463000
1776195465.648,165.648,0.51,48.64,0.48,10.4,0.78,8.56,0.81,66.89,0.22,8.56,0.19,66.89,0.49,48.64,0.52,10.4,0.27,0.27,613.794,1776195464000
1776195466.327,166.327,0.51,48.64,0.48,10.4,0.78,8.56,0.81,66.89,0.22,8.56,0.19,66.89,0.49,48.64,0.52,10.4,0.27,0.27,613.794,1776195465000
1776195467.008,167.008,0.51,48.64,0.48,10.4,0.78,8.56,0.81,66.89,0.22,8.56,0.19,66.89,0.49,48.64,0.52,10.4,0.27,0.27,613.78,1776195466000
1776195468.358,168.358,0.51,48.64,0.48,10.4,0.78,8.56,0.81,66.89,0.22,8.56,0.19,66.89,0.49,48.64,0.52,10.4,0.27,0.27,613.617,1776195467000
1776195469.045,169.045,0.51,48.64,0.48,10.4,0.78,8.56,0.81,66.89,0.22,8.56,0.19,66.89,0.49,48.64,0.52,10.4,0.27,0.27,613.617,1776195468000
1776195470.573,170.573,0.51,48.64,0.48,10.4,0.78,8.56,0.81,66.89,0.22,8.56,0.19,66.89,0.49,48.64,0.52,10.4,0.27,0.27,613.439,1776195469000
1776195471.235,171.235,0.51,48.64,0.48,10.4,0.78,8.56,0.81,66.89,0.22,8.56,0.19,66.89,0.49,48.64,0.52,10.4,0.27,0.27,613.498,1776195470000
1776195472.687,172.687,0.51,48.64,0.48,10.4,0.78,8.56,0.81,66.89,0.22,8.56,0.19,66.89,0.49,48.64,0.52,10.4,0.27,0.27,613.495,1776195471000
1776195473.881,173.881,0.51,48.64,0.48,10.4,0.78,8.56,0.81,66.89,0.22,8.56,0.19,66.89,0.49,48.64,0.52,10.4,0.27,0.27,613.493,1776195472000
1776195474.573,174.573,0.51,48.64,0.48,10.4,0.78,8.56,0.81,66.89,0.22,8.56,0.19,66.89,0.49,48.64,0.52,10.4,0.27,0.27,613.384727,1776195473000
1776195475.296,175.296,0.51,48.64,0.48,10.4,0.78,8.56,0.81,66.89,0.22,8.56,0.19,66.89,0.49,48.64,0.52,10.4,0.27,0.27,613.352,1776195474000
1776195476.397,176.397,0.51,48.64,0.48,10.4,0.78,8.56,0.81,66.89,0.22,8.56,0.19,66.89,0.49,48.64,0.52,10.4,0.27,0.27,613.358,1776195475000
1776195477.527,177.527,0.51,48.64,0.48,10.4,0.78,8.56,0.81,66.89,0.22,8.56,0.19,66.89,0.49,48.64,0.52,10.4,0.27,0.27,613.434,1776195476000
1776195478.222,178.222,0.51,48.64,0.48,10.4,0.78,8.56,0.81,66.89,0.22,8.56,0.19,66.89,0.49,48.64,0.52,10.4,0.27,0.27,613.437,1776195477000
1776195479.432,179.432,0.51,48.64,0.48,10.4,0.78,8.56,0.81,66.89,0.22,8.56,0.19,66.89,0.49,48.64,0.52,10.4,0.27,0.27,613.426,1776195478000
1776195480.035,180.035,0.51,48.64,0.48,10.4,0.78,8.56,0.81,66.89,0.22,8.56,0.19,66.89,0.49,48.64,0.52,10.4,0.27,0.27,613.426,1776195479000
1776195481.312,181.312,0.51,48.64,0.48,10.4,0.78,8.56,0.81,66.89,0.22,8.56,0.19,66.89,0.49,48.64,0.52,10.4,0.27,0.27,613.469,1776195480000
1776195482.648,182.648,0.51,48.64,0.48,10.4,0.78,8.56,0.81,66.89,0.22,8.56,0.19,66.89,0.49,48.64,0.52,10.4,0.27,0.27,613.495,1776195481000
1776195483.29,183.29,0.51,48.64,0.48,10.4,0.78,8.56,0.81,66.89,0.22,8.56,0.19,66.89,0.49,48.64,0.52,10.4,0.27,0.27,613.495,1776195482000
1776195484.529,184.529,0.41,50.0,0.32,21.9,0.48,4.39,0.54,10.0,0.52,4.39,0.46,10.0,0.59,50.0,0.68,21.9,0.07,0.07,613.558,1776195483000
1776195485.212,185.212,0.41,50.0,0.32,21.9,0.48,4.39,0.54,10.0,0.52,4.39,0.46,10.0,0.59,50.0,0.68,21.9,0.07,0.07,613.629,1776195484000
1776195486.634,186.634,0.41,50.0,0.32,21.9,0.48,4.39,0.54,10.0,0.52,4.39,0.46,10.0,0.59,50.0,0.68,21.9,0.07,0.07,613.611,1776195485000
1776195487.112,187.112,0.41,50.0,0.32,21.9,0.48,4.39,0.54,10.0,0.52,4.39,0.46,10.0,0.59,50.0,0.68,21.9,0.07,0.07,613.611,1776195486000
1776195488.436,188.436,0.41,50.0,0.32,21.9,0.48,4.39,0.54,10.0,0.52,4.39,0.46,10.0,0.59,50.0,0.68,21.9,0.07,0.07,613.624,1776195487000
1776195489.129,189.129,0.4,4.8,0.37,5.0,0.48,4.39,0.61,50.0,0.52,4.39,0.39,50.0,0.6,4.8,0.63,5.0,0.08,0.08,613.646,1776195488000
1776195490.385,190.385,0.34,11.6,0.33,11.8,0.48,4.39,0.49,5.0,0.52,4.39,0.39,50.0,0.6,4.8,0.63,5.0,0.14,0.08,613.646,1776195488000
1776195490.804,190.804,0.34,11.6,0.33,11.8,0.48,4.39,0.49,5.0,0.52,4.39,0.51,5.0,0.66,11.6,0.67,11.8,0.14,0.14,613.545,1776195489000
1776195491.317,191.317,0.34,11.6,0.33,11.8,0.48,4.39,0.49,5.0,0.52,4.39,0.51,5.0,0.66,11.6,0.67,11.8,0.14,0.14,613.545,1776195490000
1776195492.3,192.3,0.34,11.6,0.33,11.8,0.48,4.39,0.49,5.0,0.52,4.39,0.51,5.0,0.66,11.6,0.67,11.8,0.14,0.14,613.523,1776195491000
1776195493.278,193.278,0.34,11.6,0.33,11.8,0.48,4.39,0.49,5.0,0.52,4.39,0.51,5.0,0.66,11.6,0.67,11.8,0.14,0.14,613.512,1776195492000
1776195493.863,193.863,0.34,11.6,0.33,11.8,0.48,4.39,0.49,5.0,0.52,4.39,0.51,5.0,0.66,11.6,0.67,11.8,0.14,0.14,613.512,1776195493000
1776195494.854,194.854,0.34,11.6,0.33,11.8,0.48,4.39,0.49,5.0,0.52,4.39,0.51,5.0,0.66,11.6,0.67,11.8,0.14,0.14,613.525,1776195494000
1776195496.278,196.278,0.34,11.6,0.33,11.8,0.48,4.39,0.49,5.0,0.52,4.39,0.51,5.0,0.66,11.6,0.67,11.8,0.14,0.14,613.517,1776195495000
1776195497.276,197.276,0.34,11.6,0.33,11.8,0.48,4.39,0.49,5.0,0.52,4.39,0.51,5.0,0.66,11.6,0.67,11.8,0.14,0.14,613.434,1776195496000
1776195498.346,198.346,0.34,11.6,0.33,11.8,0.48,4.39,0.49,5.0,0.52,4.39,0.51,5.0,0.66,11.6,0.67,11.8,0.14,0.14,613.434,1776195497000
1776195498.857,198.857,0.34,11.6,0.33,11.8,0.48,4.39,0.49,5.0,0.52,4.39,0.51,5.0,0.66,11.6,0.67,11.8,0.14,0.14,613.424,1776195498000
1776195499.864,199.864,0.34,11.6,0.33,11.8,0.48,4.39,0.49,5.0,0.52,4.39,0.51,5.0,0.66,11.6,0.67,11.8,0.14,0.14,613.522,1776195499000
1776195500.903,200.903,0.34,11.6,0.33,11.8,0.48,4.39,0.49,5.0,0.52,4.39,0.51,5.0,0.66,11.6,0.67,11.8,0.14,0.14,613.578,1776195500000
1776195501.936,201.936,0.34,11.6,0.33,11.8,0.48,4.39,0.49,5.0,0.52,4.39,0.51,5.0,0.66,11.6,0.67,11.8,0.14,0.14,613.579,1776195501000
1776195502.37,202.37,0.35,6.92,0.32,11.9,0.48,4.39,0.49,5.0,0.52,4.39,0.51,5.0,0.66,11.6,0.67,11.8,0.13,0.14,613.579,1776195501000
1776195502.896,202.896,0.35,6.92,0.32,11.9,0.48,4.39,0.49,5.0,0.52,4.39,0.51,5.0,0.65,6.92,0.68,11.9,0.13,0.13,613.5636,1776195502000
1776195504.049,204.049,0.35,6.92,0.32,11.9,0.48,4.39,0.49,5.0,0.52,4.39,0.51,5.0,0.65,6.92,0.68,11.9,0.13,0.13,613.482,1776195503000
1776195505.147,205.147,0.35,6.92,0.32,11.9,0.48,4.39,0.49,5.0,0.52,4.39,0.51,5.0,0.65,6.92,0.68,11.9,0.13,0.13,613.482,1776195504000
1776195506.333,206.333,0.35,6.92,0.32,11.9,0.48,4.39,0.49,5.0,0.52,4.39,0.51,5.0,0.65,6.92,0.68,11.9,0.13,0.13,613.484,1776195505000
1776195506.919,206.919,0.35,6.92,0.32,11.9,0.48,4.39,0.49,5.0,0.52,4.39,0.51,5.0,0.65,6.92,0.68,11.9,0.13,0.13,613.484,1776195506000
1776195508.159,208.159,0.35,6.92,0.32,11.9,0.48,4.39,0.49,5.0,0.52,4.39,0.51,5.0,0.65,6.92,0.68,11.9,0.13,0.13,613.483,1776195507000
1776195509.241,209.241,0.35,6.92,0.32,11.9,0.48,4.39,0.49,5.0,0.52,4.39,0.51,5.0,0.65,6.92,0.68,11.9,0.13,0.13,613.492,1776195508000
1776195517.669,217.669,0.35,6.92,0.32,11.9,0.48,4.39,0.49,5.0,0.52,4.39,0.51,5.0,0.65,6.92,0.68,11.9,0.13,0.13,613.518,1776195516000
1776195518.128,218.128,0.35,6.92,0.32,11.9,0.48,4.39,0.49,5.0,0.52,4.39,0.51,5.0,0.65,6.92,0.68,11.9,0.13,0.13,613.518,1776195517000
1776195519.102,219.102,0.35,6.92,0.32,11.9,0.48,4.39,0.49,5.0,0.52,4.39,0.51,5.0,0.65,6.92,0.68,11.9,0.13,0.13,613.504,1776195518000
1776195520.268,220.268,0.35,6.92,0.32,11.9,0.48,4.39,0.49,5.0,0.52,4.39,0.51,5.0,0.65,6.92,0.68,11.9,0.13,0.13,613.526564,1776195519000
1776195521.332,221.332,0.35,6.92,0.32,11.9,0.48,4.39,0.49,5.0,0.52,4.39,0.51,5.0,0.65,6.92,0.68,11.9,0.13,0.13,613.577234,1776195520000
1776195522.406,222.406,0.44,10.6,0.43,40.6,0.55,5.56,0.62,13.15,0.52,4.39,0.51,5.0,0.65,6.92,0.68,11.9,0.11,0.13,613.577234,1776195520000
1776195523.02,223.02,0.44,10.6,0.43,40.6,0.55,5.56,0.62,13.15,0.45,5.56,0.38,13.15,0.56,10.6,0.57,40.6,0.11,0.11,613.623,1776195522000
1776195524.075,224.075,0.44,10.6,0.43,40.6,0.55,5.56,0.62,13.15,0.45,5.56,0.38,13.15,0.56,10.6,0.57,40.6,0.11,0.11,613.614,1776195523000
1776195525.09,225.09,0.44,10.6,0.43,40.6,0.55,5.56,0.62,13.15,0.45,5.56,0.38,13.15,0.56,10.6,0.57,40.6,0.11,0.11,613.625,1776195524000
1776195526.203,226.203,0.44,10.6,0.43,40.6,0.55,5.56,0.62,13.15,0.45,5.56,0.38,13.15,0.56,10.6,0.57,40.6,0.11,0.11,613.641,1776195525000
1776195527.249,227.249,0.44,10.6,0.43,40.6,0.55,5.56,0.62,13.15,0.45,5.56,0.38,13.15,0.56,10.6,0.57,40.6,0.11,0.11,613.636,1776195526000
1776195528.308,228.308,0.44,10.6,0.43,40.6,0.55,5.56,0.62,13.15,0.45,5.56,0.38,13.15,0.56,10.6,0.57,40.6,0.11,0.11,613.643,1776195527000
1776195528.576,228.576,0.53,42.4,0.52,10.4,0.55,0.56,0.62,13.15,0.45,5.56,0.38,13.15,0.56,10.6,0.57,40.6,0.02,0.11,613.643,1776195527000
1776195528.917,228.917,0.53,42.4,0.52,10.4,0.55,0.56,0.62,13.15,0.45,0.56,0.38,13.15,0.47,42.4,0.48,10.4,0.02,0.02,613.643,1776195528000
1776195529.979,229.979,0.53,42.4,0.52,10.4,0.55,0.56,0.62,13.15,0.45,0.56,0.38,13.15,0.47,42.4,0.48,10.4,0.02,0.02,613.682,1776195529000
1776195531.009,231.009,0.56,10.6,0.55,34.5,0.62,10.03,0.81,50.0,0.38,13.15,0.19,50.0,0.46,20.5,0.47,42.4,0.06,0.08,613.682,1776195529000
1776195531.218,231.218,0.56,10.6,0.55,34.5,0.62,10.03,0.81,50.0,0.38,10.03,0.19,50.0,0.44,10.6,0.45,34.5,0.06,0.06,613.666,1776195530000
1776195532.204,232.204,0.56,10.6,0.55,34.5,0.62,10.03,0.81,50.0,0.38,10.03,0.19,50.0,0.44,10.6,0.45,34.5,0.06,0.06,613.658,1776195531000
1776195533.259,233.259,0.56,10.6,0.55,34.5,0.62,10.03,0.81,50.0,0.38,10.03,0.19,50.0,0.44,10.6,0.45,34.5,0.06,0.06,613.65,1776195532000
1776195533.563,233.563,0.6,3.8,0.59,29.7,0.62,10.03,0.81,50.0,0.38,10.03,0.19,50.0,0.44,10.6,0.45,34.5,0.02,0.06,613.65,1776195532000
1776195533.848,233.848,0.6,3.8,0.59,29.7,0.62,10.03,0.81,50.0,0.38,10.03,0.19,50.0,0.4,3.8,0.41,29.7,0.02,0.02,613.647,1776195533000
1776195535.138,235.138,0.6,3.8,0.59,29.7,0.62,10.03,0.81,50.0,0.38,10.03,0.19,50.0,0.4,3.8,0.41,29.7,0.02,0.02,613.648,1776195534000
1776195536.227,236.227,0.6,3.8,0.59,29.7,0.62,10.03,0.81,50.0,0.38,10.03,0.19,50.0,0.4,3.8,0.41,29.7,0.02,0.02,613.607,1776195535000
1776195536.885,236.885,0.61,19.9,0.6,3.8,0.62,10.03,0.81,50.0,0.38,10.03,0.19,50.0,0.4,3.8,0.41,29.7,0.01,0.02,613.607,1776195535000
1776195538.077,238.077,0.61,19.9,0.6,3.8,0.62,10.03,0.81,50.0,0.38,10.03,0.19,50.0,0.39,19.9,0.4,3.8,0.01,0.01,613.604,1776195537000
1776195539.219,239.219,0.61,19.9,0.6,3.8,0.62,10.03,0.81,50.0,0.38,10.03,0.19,50.0,0.39,19.9,0.4,3.8,0.01,0.01,613.604,1776195538000
1776195540.207,240.207,0.61,19.9,0.6,3.8,0.62,10.03,0.81,50.0,0.38,10.03,0.19,50.0,0.39,19.9,0.4,3.8,0.01,0.01,613.61,1776195539000
1776195540.428,240.428,0.61,14.32,0.6,3.8,0.62,10.03,0.81,66.89,0.38,10.03,0.19,50.0,0.39,19.9,0.4,3.8,0.01,0.01,613.61,1776195539000
1776195541.425,241.425,0.61,14.32,0.6,3.8,0.62,10.03,0.81,66.89,0.38,10.03,0.19,66.89,0.39,14.32,0.4,3.8,0.01,0.01,613.598,1776195540000
1776195542.096,242.096,0.61,14.32,0.6,3.8,0.62,10.03,0.81,66.89,0.38,10.03,0.19,66.89,0.39,14.32,0.4,3.8,0.01,0.01,613.595,1776195541000
1776195542.898,242.898,0.61,14.32,0.6,3.8,0.62,10.03,0.81,66.89,0.38,10.03,0.19,66.89,0.39,14.32,0.4,3.8,0.01,0.01,613.577703,1776195542000
1776195543.9,243.9,0.61,14.32,0.6,3.8,0.62,10.03,0.81,66.89,0.38,10.03,0.19,66.89,0.39,14.32,0.4,3.8,0.01,0.01,613.578759,1776195543000
1776195545.111,245.111,0.61,14.32,0.6,3.8,0.62,10.03,0.81,66.89,0.38,10.03,0.19,66.89,0.39,14.32,0.4,3.8,0.01,0.01,613.583,1776195544000
1776195546.177,246.177,0.61,14.32,0.6,3.8,0.62,10.03,0.81,66.89,0.38,10.03,0.19,66.89,0.39,14.32,0.4,3.8,0.01,0.01,613.594,1776195545000
1776195547.014,247.014,0.61,14.32,0.6,3.8,0.62,10.03,0.81,66.89,0.38,10.03,0.19,66.89,0.39,14.32,0.4,3.8,0.01,0.01,613.662886,1776195546000
1776195548.714,248.714,0.61,14.32,0.6,3.8,0.62,10.03,0.81,66.89,0.38,10.03,0.19,66.89,0.39,14.32,0.4,3.8,0.01,0.01,613.649778,1776195547000
1776195549.44,249.44,0.61,14.32,0.6,3.8,0.62,10.03,0.81,66.89,0.38,10.03,0.19,66.89,0.39,14.32,0.4,3.8,0.01,0.01,613.602,1776195548000
1776195550.32,250.32,0.61,14.32,0.6,3.8,0.62,10.03,0.81,66.89,0.38,10.03,0.19,66.89,0.39,14.32,0.4,3.8,0.01,0.01,613.646,1776195549000
1776195551.493,251.493,0.61,14.32,0.6,3.8,0.62,10.03,0.81,66.89,0.38,10.03,0.19,66.89,0.39,14.32,0.4,3.8,0.01,0.01,613.666,1776195550000
1776195552.097,252.097,0.61,14.32,0.6,3.8,0.62,10.03,0.81,66.89,0.38,10.03,0.19,66.89,0.39,14.32,0.4,3.8,0.01,0.01,613.666,1776195551000
1776195553.313,253.313,0.61,14.32,0.6,3.8,0.62,10.03,0.81,66.89,0.38,10.03,0.19,66.89,0.39,14.32,0.4,3.8,0.01,0.01,613.71,1776195552000
1776195554.62,254.62,0.61,14.32,0.6,3.8,0.62,10.03,0.81,66.89,0.38,10.03,0.19,66.89,0.39,14.32,0.4,3.8,0.01,0.01,613.691,1776195553000
1776195555.278,255.278,0.61,14.32,0.6,3.8,0.62,10.03,0.81,66.89,0.38,10.03,0.19,66.89,0.39,14.32,0.4,3.8,0.01,0.01,613.691,1776195554000
1776195556.586,256.586,0.61,75.22,0.6,3.8,0.83,18.39,0.84,19.3,0.17,18.39,0.16,19.3,0.39,75.22,0.4,3.8,0.22,0.22,613.69,1776195555000
1776195557.121,257.121,0.61,75.22,0.6,3.8,0.83,18.39,0.84,19.3,0.17,18.39,0.16,19.3,0.39,75.22,0.4,3.8,0.22,0.22,613.69,1776195556000
1776195558.276,258.276,0.61,75.22,0.6,3.8,0.83,18.39,0.84,19.3,0.17,18.39,0.16,19.3,0.39,75.22,0.4,3.8,0.22,0.22,613.697,1776195557000
1776195559.403,259.403,0.61,75.22,0.6,3.8,0.83,18.39,0.84,19.3,0.17,18.39,0.16,19.3,0.39,75.22,0.4,3.8,0.22,0.22,613.7,1776195558000
1776195560.052,260.052,0.61,75.22,0.6,3.8,0.83,18.39,0.84,19.3,0.17,18.39,0.16,19.3,0.39,75.22,0.4,3.8,0.22,0.22,613.7,1776195559000
1776195561.355,261.355,0.61,75.22,0.6,3.8,0.83,18.39,0.84,19.3,0.17,18.39,0.16,19.3,0.39,75.22,0.4,3.8,0.22,0.22,613.694,1776195560000
1776195561.714,261.714,0.73,13.2,0.72,12.9,0.85,15.39,0.86,21.6,0.17,18.39,0.16,19.3,0.39,75.22,0.4,3.8,0.12,0.22,613.694,1776195560000
1776195562.643,262.643,0.73,13.2,0.72,12.9,0.85,15.39,0.86,21.6,0.15,15.39,0.14,21.6,0.27,13.2,0.28,12.9,0.12,0.12,613.695,1776195561000
1776195563.262,263.262,0.73,13.2,0.72,12.9,0.85,15.39,0.86,21.6,0.15,15.39,0.14,21.6,0.27,13.2,0.28,12.9,0.12,0.12,613.697,1776195562000
1776195564.849,264.849,0.71,12.6,0.7,12.4,0.85,14.99,0.86,21.6,0.15,14.99,0.14,21.6,0.29,12.6,0.3,12.4,0.14,0.14,613.687,1776195563000
1776195565.735,265.735,0.71,12.6,0.7,12.4,0.85,14.99,0.86,21.6,0.15,14.99,0.14,21.6,0.29,12.6,0.3,12.4,0.14,0.14,613.687,1776195564000
1776195566.555,266.555,0.71,12.6,0.7,12.4,0.85,14.99,0.86,21.6,0.15,14.99,0.14,21.6,0.29,12.6,0.3,12.4,0.14,0.14,613.692,1776195565000
1776195567.404,267.404,0.71,12.6,0.7,12.4,0.85,14.99,0.86,21.6,0.15,14.99,0.14,21.6,0.29,12.6,0.3,12.4,0.14,0.14,613.692,1776195566000
1776195568.099,268.099,0.71,12.6,0.7,12.4,0.85,14.99,0.86,21.6,0.15,14.99,0.14,21.6,0.29,12.6,0.3,12.4,0.14,0.14,613.698,1776195567000
1776195569.682,269.682,0.71,12.6,0.7,12.4,0.85,14.99,0.86,21.6,0.15,14.99,0.14,21.6,0.29,12.6,0.3,12.4,0.14,0.14,613.718,1776195568000
1776195570.325,270.325,0.71,12.6,0.7,12.4,0.85,14.99,0.86,21.6,0.15,14.99,0.14,21.6,0.29,12.6,0.3,12.4,0.14,0.14,613.718,1776195569000
1776195571.039,271.039,0.71,12.6,0.7,12.4,0.85,14.99,0.86,21.6,0.15,14.99,0.14,21.6,0.29,12.6,0.3,12.4,0.14,0.14,613.731,1776195570000
1776195572.471,272.471,0.71,12.6,0.7,12.4,0.85,14.99,0.86,21.6,0.15,14.99,0.14,21.6,0.29,12.6,0.3,12.4,0.14,0.14,613.888,1776195571000
1776195573.115,273.115,0.84,19.3,0.83,30.44,0.98,132.69,0.99,6577.6,0.15,14.99,0.14,21.6,0.29,12.6,0.3,12.4,0.14,0.14,613.888,1776195571000
1776195573.335,273.335,0.84,19.3,0.83,30.44,0.98,132.69,0.99,6577.6,0.02,132.69,0.01,6577.6,0.16,19.3,0.17,30.44,0.14,0.14,613.888,1776195572000
1776195574.093,274.093,0.84,19.3,0.83,30.44,0.98,132.69,0.99,6577.6,0.02,132.69,0.01,6577.6,0.16,19.3,0.17,30.44,0.14,0.14,613.872,1776195573000
1776195575.606,275.606,0.84,19.3,0.83,30.44,0.98,132.69,0.99,6577.6,0.02,132.69,0.01,6577.6,0.16,19.3,0.17,30.44,0.14,0.14,613.885,1776195574000
1776195576.341,276.341,0.84,19.3,0.83,30.44,0.98,132.69,0.99,6577.6,0.02,132.69,0.01,6577.6,0.16,19.3,0.17,30.44,0.14,0.14,613.888,1776195575000
1776195577.214,277.214,0.83,22.05,0.81,50.0,0.99,5211.07,,,0.02,132.69,0.01,6577.6,0.16,19.3,0.17,30.44,0.16,0.14,613.888,1776195575000
1776195577.748,277.748,0.83,22.05,0.81,50.0,0.99,5211.07,,,0.01,5211.07,,,0.17,22.05,0.19,50.0,0.16,0.16,613.9,1776195576000
1776195578.468,278.468,0.83,22.05,0.81,50.0,0.99,5211.07,,,0.01,5211.07,,,0.17,22.05,0.19,50.0,0.16,0.16,613.917,1776195577000
1776195579.213,279.213,0.83,22.05,0.81,50.0,0.99,5211.07,,,0.01,5211.07,,,0.17,22.05,0.19,50.0,0.16,0.16,613.917,1776195578000
1776195580.515,280.515,0.83,22.05,0.81,50.0,0.99,5211.07,,,0.01,5211.07,,,0.17,22.05,0.19,50.0,0.16,0.16,613.901,1776195579000
1776195581.296,281.296,0.83,22.05,0.81,50.0,0.99,5211.07,,,0.01,5211.07,,,0.17,22.05,0.19,50.0,0.16,0.16,613.901,1776195580000
1776195582.709,282.709,0.83,22.05,0.81,50.0,0.99,5211.07,,,0.01,5211.07,,,0.17,22.05,0.19,50.0,0.16,0.16,613.891,1776195581000
1776195583.76,283.76,0.83,22.05,0.81,50.0,0.99,5211.07,,,0.01,5211.07,,,0.17,22.05,0.19,50.0,0.16,0.16,613.895,1776195582000
1776195584.284,284.284,0.83,22.05,0.81,50.0,0.99,5211.07,,,0.01,5211.07,,,0.17,22.05,0.19,50.0,0.16,0.16,613.895,1776195583000
1776195585.436,285.436,0.83,22.05,0.81,50.0,0.99,5211.07,,,0.01,5211.07,,,0.17,22.05,0.19,50.0,0.16,0.16,613.895,1776195584000
1776195585.92,285.92,0.83,22.05,0.81,50.0,0.99,5211.07,,,0.01,5211.07,,,0.17,22.05,0.19,50.0,0.16,0.16,613.895,1776195585000
1776195587.073,287.073,0.83,22.05,0.81,50.0,0.99,5211.07,,,0.01,5211.07,,,0.17,22.05,0.19,50.0,0.16,0.16,613.861,1776195586000
1776195588.18,288.18,0.83,22.05,0.81,50.0,0.99,5211.07,,,0.01,5211.07,,,0.17,22.05,0.19,50.0,0.16,0.16,613.858,1776195587000
1776195589.122,289.122,0.83,22.05,0.81,50.0,0.99,5211.07,,,0.01,5211.07,,,0.17,22.05,0.19,50.0,0.16,0.16,613.856,1776195588000
1776195590.115,290.115,0.83,22.05,0.81,50.0,0.99,5211.07,,,0.01,5211.07,,,0.17,22.05,0.19,50.0,0.16,0.16,613.856,1776195589000
1776195590.365,290.365,0.83,12.05,0.81,50.0,0.99,180.77,,,0.01,185.82,,,0.17,12.05,0.19,50.0,0.16,0.16,613.856,1776195589000
1776195591.127,291.127,0.83,12.05,0.81,50.0,0.99,160.57,,,0.01,160.57,,,0.17,12.05,0.19,50.0,0.16,0.16,613.848,1776195590000
1776195591.914,291.914,0.83,12.05,0.81,50.0,0.99,145.11,,,0.01,160.57,,,0.17,12.05,0.19,50.0,0.16,0.16,613.848,1776195590000
1776195592.169,292.169,0.83,12.05,0.81,50.0,0.99,145.11,,,0.01,145.11,,,0.17,12.05,0.19,50.0,0.16,0.16,613.853,1776195591000
1776195592.865,292.865,0.83,12.05,0.81,50.0,0.99,140.06,,,0.01,145.11,,,0.17,12.05,0.19,50.0,0.16,0.16,613.853,1776195591000
1776195593.221,293.221,0.83,12.05,0.81,50.0,0.99,140.06,,,0.01,140.06,,,0.17,12.05,0.19,50.0,0.16,0.16,613.856,1776195592000
1776195594.223,294.223,0.83,12.05,0.81,50.0,0.99,140.06,,,0.01,140.06,,,0.17,12.05,0.19,50.0,0.16,0.16,613.844,1776195593000
1776195595.219,295.219,0.83,12.05,0.81,50.0,0.98,12.64,0.99,60.06,0.02,12.64,0.01,60.06,0.17,12.05,0.19,50.0,0.15,0.15,613.788,1776195594000
1776195596.201,296.201,0.83,12.05,0.81,50.0,0.98,12.64,0.99,60.06,0.02,12.64,0.01,60.06,0.17,12.05,0.19,50.0,0.15,0.15,613.788,1776195595000
1776195596.45,296.45,0.83,12.05,0.81,50.0,0.98,11.52,0.99,20.06,0.02,12.64,0.01,60.06,0.17,12.05,0.19,50.0,0.15,0.15,613.788,1776195595000
1776195596.69,296.69,0.98,7.33,0.83,12.05,0.99,20.06,,,0.02,11.52,0.01,20.06,0.17,12.05,0.19,50.0,0.01,0.15,613.788,1776195595000
1776195597.057,297.057,0.98,7.33,0.83,12.05,0.99,17.06,,,0.01,20.06,,,0.02,7.33,0.17,12.05,0.01,0.01,613.788,1776195595000
1776195597.283,297.283,0.98,7.33,0.81,50.0,0.99,9.76,,,0.01,17.06,,,0.02,7.33,0.17,12.05,0.01,0.01,613.788,1776195595000
1776195597.679,297.679,0.99,6.16,0.98,7.33,,,,,,,,,0.02,7.33,0.19,50.0,,,613.785,1776195596000
1776195598.654,298.654,0.99,6.16,0.98,7.33,,,,,,,,,0.01,6.16,0.02,7.33,,,613.762,1776195597000
1776195599.337,299.337,0.99,6.16,0.98,7.33,,,,,,,,,0.01,6.16,0.02,7.33,,,613.762,1776195598000
1776195600.498,300.498,0.99,6.16,0.98,7.33,,,,,,,,,0.01,6.16,0.02,7.33,,,613.763,1776195599000
1776195601.025,301.025,0.99,6.16,0.98,7.33,,,,,,,,,0.01,6.16,0.02,7.33,,,613.763,1776195600000
1776195602.806,302.806,0.99,6.16,0.98,7.33,,,,,,,,,0.01,6.16,0.02,7.33,,,613.765,1776195601000

# RESULT,winner=Up,slug=bnb-updown-5m-1776195300,ticks=313
