timestamp,elapsed_sec,up_bid_p1,up_bid_s1,up_bid_p2,up_bid_s2,up_ask_p1,up_ask_s1,up_ask_p2,up_ask_s2,down_bid_p1,down_bid_s1,down_bid_p2,down_bid_s2,down_ask_p1,down_ask_s1,down_ask_p2,down_ask_s2,up_spread,down_spread,bnb_price,bnb_oracle_ts
1776200101.224,1.224,,,,,,,,,,,,,,,,,,,614.012329,1776200100000
1776200101.457,1.457,0.49,10.0,0.48,7.48,0.67,300.0,0.69,375.0,0.33,300.0,0.31,375.0,0.51,10.0,0.52,7.48,0.18,0.18,614.012329,1776200100000
1776200101.779,1.779,0.49,5.0,0.48,7.48,0.67,300.0,0.69,375.0,0.33,300.0,0.31,375.0,0.51,10.0,0.52,7.48,0.18,0.18,614.012329,1776200100000
1776200103.012,3.012,0.49,5.0,0.48,7.48,0.67,300.0,0.69,375.0,0.33,300.0,0.31,375.0,0.51,5.0,0.52,7.48,0.18,0.18,614.012442,1776200101000
1776200103.54,3.54,0.49,5.0,0.48,7.48,0.67,300.0,0.69,375.0,0.33,300.0,0.31,375.0,0.51,5.0,0.52,7.48,0.18,0.18,614.01241,1776200102000
1776200104.24,4.24,0.49,5.0,0.48,7.48,0.67,300.0,0.69,375.0,0.33,300.0,0.31,375.0,0.51,5.0,0.52,7.48,0.18,0.18,614.012187,1776200103000
1776200105.035,5.035,0.5,10.0,0.49,5.0,0.65,5.0,0.66,10.0,0.33,300.0,0.31,375.0,0.51,5.0,0.52,7.48,0.15,0.18,614.012187,1776200103000
1776200105.689,5.689,0.5,10.0,0.49,5.0,0.65,5.0,0.66,10.0,0.35,5.0,0.34,10.0,0.5,10.0,0.51,5.0,0.15,0.15,614.009481,1776200104000
1776200106.316,6.316,0.5,10.0,0.49,5.0,0.65,5.0,0.66,10.0,0.35,5.0,0.34,10.0,0.5,10.0,0.51,5.0,0.15,0.15,614.002,1776200105000
1776200107.738,7.738,0.5,10.0,0.49,5.0,0.65,5.0,0.66,10.0,0.35,5.0,0.34,10.0,0.5,10.0,0.51,5.0,0.15,0.15,614.008766,1776200106000
1776200108.353,8.353,0.5,5.0,0.49,5.0,0.51,5.0,0.52,5.0,0.35,5.0,0.34,10.0,0.5,10.0,0.51,5.0,0.01,0.15,614.008766,1776200106000
1776200109.445,9.445,0.5,5.0,0.49,5.0,0.51,5.0,0.52,5.0,0.49,5.0,0.48,5.0,0.5,5.0,0.51,5.0,0.01,0.01,613.970273,1776200108000
1776200110.027,10.027,0.5,5.0,0.49,5.0,0.51,5.0,0.52,5.0,0.49,5.0,0.48,5.0,0.5,5.0,0.51,5.0,0.01,0.01,613.970273,1776200109000
1776200110.249,10.249,0.49,5.0,0.48,7.48,0.51,5.0,0.52,5.0,0.49,5.0,0.48,5.0,0.5,5.0,0.51,5.0,0.02,0.01,613.970273,1776200109000
1776200110.469,10.469,0.49,3.5,0.48,7.48,0.51,5.0,0.52,5.0,0.49,5.0,0.48,5.0,0.51,5.0,0.52,7.48,0.02,0.02,613.970273,1776200109000
1776200111.524,11.524,0.49,3.5,0.48,7.48,0.51,5.0,0.52,5.0,0.49,5.0,0.48,5.0,0.51,3.5,0.52,7.48,0.02,0.02,613.970629,1776200110000
1776200112.144,12.144,0.49,3.5,0.48,7.48,0.51,5.0,0.52,5.0,0.49,5.0,0.48,5.0,0.51,3.5,0.52,7.48,0.02,0.02,613.970629,1776200111000
1776200113.321,13.321,0.49,3.5,0.48,7.48,0.51,5.0,0.52,5.0,0.49,5.0,0.48,5.0,0.51,3.5,0.52,7.48,0.02,0.02,613.973447,1776200112000
1776200114.719,14.719,0.49,3.5,0.48,7.48,0.51,5.0,0.52,5.0,0.49,5.0,0.48,5.0,0.51,3.5,0.52,7.48,0.02,0.02,613.974787,1776200113000
1776200115.301,15.301,0.49,3.5,0.48,7.48,0.51,5.0,0.52,5.0,0.49,5.0,0.48,5.0,0.51,3.5,0.52,7.48,0.02,0.02,613.974787,1776200114000
1776200116.593,16.593,0.49,3.5,0.48,7.48,0.51,5.0,0.52,5.0,0.49,5.0,0.48,5.0,0.51,3.5,0.52,7.48,0.02,0.02,613.974961,1776200115000
1776200117.263,17.263,0.49,3.5,0.48,7.48,0.51,5.0,0.52,5.0,0.49,5.0,0.48,5.0,0.51,3.5,0.52,7.48,0.02,0.02,613.974961,1776200116000
1776200118.467,18.467,0.49,3.5,0.48,7.48,0.51,5.0,0.52,5.0,0.49,5.0,0.48,5.0,0.51,3.5,0.52,7.48,0.02,0.02,613.986,1776200117000
1776200119.116,19.116,0.49,3.5,0.48,7.48,0.51,5.0,0.52,5.0,0.49,5.0,0.48,5.0,0.51,3.5,0.52,7.48,0.02,0.02,613.986,1776200118000
1776200120.284,20.284,0.49,3.5,0.48,7.48,0.51,5.0,0.52,5.0,0.49,5.0,0.48,5.0,0.51,3.5,0.52,7.48,0.02,0.02,614.026,1776200119000
1776200121.458,21.458,0.49,3.5,0.48,7.48,0.51,5.0,0.52,5.0,0.49,5.0,0.48,5.0,0.51,3.5,0.52,7.48,0.02,0.02,614.016,1776200120000
1776200122.131,22.131,0.49,3.5,0.48,7.48,0.51,5.0,0.52,5.0,0.49,5.0,0.48,5.0,0.51,3.5,0.52,7.48,0.02,0.02,614.015,1776200121000
1776200123.218,23.218,0.49,3.5,0.48,7.48,0.51,5.0,0.52,5.0,0.49,5.0,0.48,5.0,0.51,3.5,0.52,7.48,0.02,0.02,614.012,1776200122000
1776200124.539,24.539,0.49,3.5,0.48,7.48,0.51,5.0,0.52,5.0,0.49,5.0,0.48,5.0,0.51,3.5,0.52,7.48,0.02,0.02,614.009,1776200123000
1776200125.385,25.385,0.49,3.5,0.48,7.48,0.51,5.0,0.52,5.0,0.49,5.0,0.48,5.0,0.51,3.5,0.52,7.48,0.02,0.02,614.014,1776200124000
1776200125.808,25.808,0.49,3.5,0.48,7.48,0.51,5.0,0.52,5.0,0.49,5.0,0.48,5.0,0.51,3.5,0.52,7.48,0.02,0.02,614.014,1776200125000
1776200126.944,26.944,0.49,3.5,0.48,7.48,0.51,5.0,0.52,5.0,0.49,5.0,0.48,5.0,0.51,3.5,0.52,7.48,0.02,0.02,614.014,1776200126000
1776200127.941,27.941,0.49,3.5,0.48,7.48,0.51,5.0,0.52,5.0,0.49,5.0,0.48,5.0,0.51,3.5,0.52,7.48,0.02,0.02,614.015,1776200127000
1776200128.955,28.955,0.49,3.5,0.48,7.48,0.51,5.0,0.52,5.0,0.49,5.0,0.48,5.0,0.51,3.5,0.52,7.48,0.02,0.02,614.019,1776200128000
1776200130.085,30.085,0.49,3.5,0.48,7.48,0.51,5.0,0.52,5.0,0.49,5.0,0.48,5.0,0.51,3.5,0.52,7.48,0.02,0.02,614.017,1776200129000
1776200131.081,31.081,0.49,3.5,0.48,7.48,0.51,5.0,0.52,5.0,0.49,5.0,0.48,5.0,0.51,3.5,0.52,7.48,0.02,0.02,614.013,1776200130000
1776200132.224,32.224,0.49,3.5,0.48,7.48,0.51,5.0,0.52,5.0,0.49,5.0,0.48,5.0,0.51,3.5,0.52,7.48,0.02,0.02,614.012,1776200131000
1776200133.272,33.272,0.49,3.5,0.48,7.48,0.51,5.0,0.52,5.0,0.49,5.0,0.48,5.0,0.51,3.5,0.52,7.48,0.02,0.02,614.018,1776200132000
1776200134.313,34.313,0.49,3.5,0.48,7.48,0.51,5.0,0.52,5.0,0.49,5.0,0.48,5.0,0.51,3.5,0.52,7.48,0.02,0.02,614.012,1776200133000
1776200135.379,35.379,0.49,3.5,0.48,7.48,0.51,5.0,0.52,5.0,0.49,5.0,0.48,5.0,0.51,3.5,0.52,7.48,0.02,0.02,614.011,1776200134000
1776200135.907,35.907,0.49,3.5,0.48,7.48,0.51,5.0,0.52,5.0,0.49,5.0,0.48,5.0,0.51,3.5,0.52,7.48,0.02,0.02,614.011,1776200135000
1776200136.927,36.927,0.49,3.5,0.48,7.48,0.51,5.0,0.52,5.0,0.49,5.0,0.48,5.0,0.51,3.5,0.52,7.48,0.02,0.02,614.011,1776200136000
1776200137.991,37.991,0.49,3.5,0.48,7.48,0.51,5.0,0.52,5.0,0.49,5.0,0.48,5.0,0.51,3.5,0.52,7.48,0.02,0.02,614.007,1776200137000
1776200139.028,39.028,0.49,3.5,0.48,7.48,0.51,5.0,0.52,5.0,0.49,5.0,0.48,5.0,0.51,3.5,0.52,7.48,0.02,0.02,614.015,1776200138000
1776200140.115,40.115,0.49,3.5,0.48,7.48,0.51,5.0,0.52,5.0,0.49,5.0,0.48,5.0,0.51,3.5,0.52,7.48,0.02,0.02,614.013,1776200139000
1776200141.185,41.185,0.49,3.5,0.48,7.48,0.51,5.0,0.52,5.0,0.49,5.0,0.48,5.0,0.51,3.5,0.52,7.48,0.02,0.02,614.013,1776200140000
1776200142.18,42.18,0.49,3.5,0.48,7.48,0.51,5.0,0.52,5.0,0.49,5.0,0.48,5.0,0.51,3.5,0.52,7.48,0.02,0.02,614.023,1776200141000
1776200143.176,43.176,0.49,3.5,0.48,7.48,0.51,5.0,0.52,5.0,0.49,5.0,0.48,5.0,0.51,3.5,0.52,7.48,0.02,0.02,614.016,1776200142000
1776200144.202,44.202,0.49,3.5,0.48,7.48,0.51,5.0,0.52,5.0,0.49,5.0,0.48,5.0,0.51,3.5,0.52,7.48,0.02,0.02,614.017,1776200143000
1776200145.166,45.166,0.49,3.5,0.48,7.48,0.51,5.0,0.52,5.0,0.49,5.0,0.48,5.0,0.51,3.5,0.52,7.48,0.02,0.02,614.019,1776200144000
1776200146.211,46.211,0.49,3.5,0.48,7.48,0.51,5.0,0.52,5.0,0.49,5.0,0.48,5.0,0.51,3.5,0.52,7.48,0.02,0.02,614.018489,1776200145000
1776200147.13,47.13,0.49,3.5,0.48,7.48,0.51,5.0,0.52,5.0,0.49,5.0,0.48,5.0,0.51,3.5,0.52,7.48,0.02,0.02,614.018489,1776200146000
1776200148.109,48.109,0.49,3.5,0.48,7.48,0.51,5.0,0.52,5.0,0.49,5.0,0.48,5.0,0.51,3.5,0.52,7.48,0.02,0.02,614.021,1776200147000
1776200149.06,49.06,0.49,3.5,0.48,7.48,0.51,5.0,0.52,5.0,0.49,5.0,0.48,5.0,0.51,3.5,0.52,7.48,0.02,0.02,614.018622,1776200148000
1776200150.13,50.13,0.49,3.5,0.48,7.48,0.51,5.0,0.52,5.0,0.49,5.0,0.48,5.0,0.51,3.5,0.52,7.48,0.02,0.02,614.018662,1776200149000
1776200151.069,51.069,0.49,3.5,0.48,7.48,0.51,5.0,0.52,5.0,0.49,5.0,0.48,5.0,0.51,3.5,0.52,7.48,0.02,0.02,614.019,1776200150000
1776200152.275,52.275,0.49,3.5,0.48,7.48,0.51,5.0,0.52,5.0,0.49,5.0,0.48,5.0,0.51,3.5,0.52,7.48,0.02,0.02,614.017,1776200151000
1776200153.44,53.44,0.49,3.5,0.48,7.48,0.51,5.0,0.52,5.0,0.49,5.0,0.48,5.0,0.51,3.5,0.52,7.48,0.02,0.02,614.02,1776200152000
1776200153.991,53.991,0.49,3.5,0.48,7.48,0.51,5.0,0.52,5.0,0.49,5.0,0.48,5.0,0.51,3.5,0.52,7.48,0.02,0.02,614.02,1776200153000
1776200155.064,55.064,0.49,3.5,0.48,7.48,0.51,5.0,0.52,5.0,0.49,5.0,0.48,5.0,0.51,3.5,0.52,7.48,0.02,0.02,614.015402,1776200154000
1776200156.412,56.412,0.49,3.5,0.48,7.48,0.51,5.0,0.52,5.0,0.49,5.0,0.48,5.0,0.51,3.5,0.52,7.48,0.02,0.02,614.021,1776200155000
1776200157.0,57.0,0.49,3.5,0.48,7.48,0.51,5.0,0.52,5.0,0.49,5.0,0.48,5.0,0.51,3.5,0.52,7.48,0.02,0.02,614.021,1776200156000
1776200158.099,58.099,0.49,3.5,0.48,7.48,0.51,5.0,0.52,5.0,0.49,5.0,0.48,5.0,0.51,3.5,0.52,7.48,0.02,0.02,614.023,1776200157000
1776200159.163,59.163,0.49,3.5,0.48,7.48,0.51,5.0,0.52,5.0,0.49,5.0,0.48,5.0,0.51,3.5,0.52,7.48,0.02,0.02,614.029,1776200158000
1776200160.301,60.301,0.49,3.5,0.48,7.48,0.51,5.0,0.52,5.0,0.49,5.0,0.48,5.0,0.51,3.5,0.52,7.48,0.02,0.02,614.029,1776200159000
1776200161.366,61.366,0.49,3.5,0.48,7.48,0.51,5.0,0.52,5.0,0.49,5.0,0.48,5.0,0.51,3.5,0.52,7.48,0.02,0.02,614.032,1776200160000
1776200161.913,61.913,0.49,3.5,0.48,7.48,0.51,5.0,0.52,5.0,0.49,5.0,0.48,5.0,0.51,3.5,0.52,7.48,0.02,0.02,614.060437,1776200161000
1776200163.096,63.096,0.49,3.5,0.48,7.48,0.51,5.0,0.52,5.0,0.49,5.0,0.48,5.0,0.51,3.5,0.52,7.48,0.02,0.02,614.061235,1776200162000
1776200164.297,64.297,0.49,3.5,0.48,7.48,0.51,5.0,0.52,5.0,0.49,5.0,0.48,5.0,0.51,3.5,0.52,7.48,0.02,0.02,614.087,1776200163000
1776200165.456,65.456,0.49,3.5,0.48,7.48,0.51,5.0,0.52,5.0,0.49,5.0,0.48,5.0,0.51,3.5,0.52,7.48,0.02,0.02,614.063884,1776200164000
1776200166.11,66.11,0.49,3.5,0.48,7.48,0.51,5.0,0.52,5.0,0.49,5.0,0.48,5.0,0.51,3.5,0.52,7.48,0.02,0.02,614.065118,1776200165000
1776200167.179,67.179,0.49,3.5,0.48,7.48,0.51,5.0,0.52,5.0,0.49,5.0,0.48,5.0,0.51,3.5,0.52,7.48,0.02,0.02,614.083672,1776200166000
1776200168.251,68.251,0.49,3.5,0.48,7.48,0.51,5.0,0.52,5.0,0.49,5.0,0.48,5.0,0.51,3.5,0.52,7.48,0.02,0.02,614.048846,1776200167000
1776200169.243,69.243,0.49,3.5,0.48,7.48,0.51,5.0,0.52,5.0,0.49,5.0,0.48,5.0,0.51,3.5,0.52,7.48,0.02,0.02,614.04221,1776200168000
1776200169.586,69.586,0.5,5.0,0.49,3.5,0.54,5.0,0.55,5.0,0.49,5.0,0.48,5.0,0.51,3.5,0.52,7.48,0.04,0.02,614.04221,1776200168000
1776200170.325,70.325,0.5,5.0,0.49,3.5,0.54,5.0,0.55,5.0,0.46,5.0,0.45,5.0,0.5,5.0,0.51,3.5,0.04,0.04,614.018239,1776200169000
1776200171.403,71.403,0.5,5.0,0.49,3.5,0.54,5.0,0.55,5.0,0.46,5.0,0.45,5.0,0.5,5.0,0.51,3.5,0.04,0.04,613.995995,1776200170000
1776200172.362,72.362,0.5,5.0,0.49,3.5,0.54,5.0,0.55,5.0,0.46,5.0,0.45,5.0,0.5,5.0,0.51,3.5,0.04,0.04,613.995239,1776200171000
1776200172.998,72.998,0.5,5.0,0.49,3.5,0.54,5.0,0.55,5.0,0.46,5.0,0.45,5.0,0.5,5.0,0.51,3.5,0.04,0.04,613.995239,1776200172000
1776200173.889,73.889,0.5,5.0,0.49,3.5,0.54,5.0,0.55,5.0,0.46,5.0,0.45,5.0,0.5,5.0,0.51,3.5,0.04,0.04,613.995239,1776200173000
1776200175.025,75.025,0.5,5.0,0.49,3.5,0.54,5.0,0.55,5.0,0.46,5.0,0.45,5.0,0.5,5.0,0.51,3.5,0.04,0.04,613.996695,1776200174000
1776200175.99,75.99,0.5,5.0,0.49,3.5,0.54,5.0,0.55,5.0,0.46,5.0,0.45,5.0,0.5,5.0,0.51,3.5,0.04,0.04,613.996938,1776200175000
1776200177.048,77.048,0.5,5.0,0.49,3.5,0.54,5.0,0.55,5.0,0.46,5.0,0.45,5.0,0.5,5.0,0.51,3.5,0.04,0.04,614.00078,1776200176000
1776200178.108,78.108,0.5,5.0,0.49,3.5,0.54,5.0,0.55,5.0,0.46,5.0,0.45,5.0,0.5,5.0,0.51,3.5,0.04,0.04,613.998239,1776200177000
1776200179.22,79.22,0.5,5.0,0.49,3.5,0.54,5.0,0.55,5.0,0.46,5.0,0.45,5.0,0.5,5.0,0.51,3.5,0.04,0.04,613.996782,1776200178000
1776200180.654,80.654,0.5,5.0,0.49,3.5,0.54,5.0,0.55,5.0,0.46,5.0,0.45,5.0,0.5,5.0,0.51,3.5,0.04,0.04,613.999721,1776200179000
1776200181.131,81.131,0.5,5.0,0.49,3.5,0.54,5.0,0.55,5.0,0.46,5.0,0.45,5.0,0.5,5.0,0.51,3.5,0.04,0.04,613.999878,1776200180000
1776200182.287,82.287,0.5,5.0,0.49,3.5,0.54,5.0,0.55,5.0,0.46,5.0,0.45,5.0,0.5,5.0,0.51,3.5,0.04,0.04,613.999849,1776200181000
1776200183.272,83.272,0.5,5.0,0.49,3.5,0.54,5.0,0.55,5.0,0.46,5.0,0.45,5.0,0.5,5.0,0.51,3.5,0.04,0.04,614.001287,1776200182000
1776200184.406,84.406,0.5,5.0,0.49,3.5,0.54,5.0,0.55,5.0,0.46,5.0,0.45,5.0,0.5,5.0,0.51,3.5,0.04,0.04,614.005882,1776200183000
1776200184.907,84.907,0.5,5.0,0.49,3.5,0.54,5.0,0.55,5.0,0.46,5.0,0.45,5.0,0.5,5.0,0.51,3.5,0.04,0.04,614.006103,1776200184000
1776200185.947,85.947,0.5,5.0,0.49,3.5,0.54,5.0,0.55,5.0,0.46,5.0,0.45,5.0,0.5,5.0,0.51,3.5,0.04,0.04,614.006104,1776200185000
1776200186.884,86.884,0.5,5.0,0.49,3.5,0.54,5.0,0.55,5.0,0.46,5.0,0.45,5.0,0.5,5.0,0.51,3.5,0.04,0.04,614.006462,1776200186000
1776200187.922,87.922,0.5,5.0,0.49,3.5,0.54,5.0,0.55,5.0,0.46,5.0,0.45,5.0,0.5,5.0,0.51,3.5,0.04,0.04,614.006442,1776200187000
1776200188.901,88.901,0.5,5.0,0.49,3.5,0.54,5.0,0.55,5.0,0.46,5.0,0.45,5.0,0.5,5.0,0.51,3.5,0.04,0.04,614.006442,1776200188000
1776200189.988,89.988,0.5,5.0,0.49,3.5,0.54,5.0,0.55,5.0,0.46,5.0,0.45,5.0,0.5,5.0,0.51,3.5,0.04,0.04,614.006373,1776200189000
1776200190.994,90.994,0.5,5.0,0.49,3.5,0.54,5.0,0.55,5.0,0.46,5.0,0.45,5.0,0.5,5.0,0.51,3.5,0.04,0.04,614.006267,1776200190000
1776200192.018,92.018,0.5,5.0,0.49,3.5,0.54,5.0,0.55,5.0,0.46,5.0,0.45,5.0,0.5,5.0,0.51,3.5,0.04,0.04,614.006189,1776200191000
1776200193.005,93.005,0.5,5.0,0.49,3.5,0.54,5.0,0.55,5.0,0.46,5.0,0.45,5.0,0.5,5.0,0.51,3.5,0.04,0.04,614.00632,1776200192000
1776200194.091,94.091,0.5,5.0,0.49,3.5,0.54,5.0,0.55,5.0,0.46,5.0,0.45,5.0,0.5,5.0,0.51,3.5,0.04,0.04,614.006816,1776200193000
1776200195.543,95.543,0.5,5.0,0.49,3.5,0.54,5.0,0.55,5.0,0.46,5.0,0.45,5.0,0.5,5.0,0.51,3.5,0.04,0.04,614.006941,1776200194000
1776200196.126,96.126,0.5,5.0,0.49,3.5,0.54,5.0,0.55,5.0,0.46,5.0,0.45,5.0,0.5,5.0,0.51,3.5,0.04,0.04,614.003757,1776200195000
1776200197.551,97.551,0.5,5.0,0.49,3.5,0.54,5.0,0.55,5.0,0.46,5.0,0.45,5.0,0.5,5.0,0.51,3.5,0.04,0.04,614.008825,1776200196000
1776200198.392,98.392,0.5,5.0,0.49,3.5,0.54,5.0,0.55,5.0,0.46,5.0,0.45,5.0,0.5,5.0,0.51,3.5,0.04,0.04,614.008886,1776200197000
1776200199.0,99.0,0.5,5.0,0.49,3.5,0.54,5.0,0.55,5.0,0.46,5.0,0.45,5.0,0.5,5.0,0.51,3.5,0.04,0.04,614.008855,1776200198000
1776200200.312,100.312,0.5,5.0,0.49,3.5,0.54,5.0,0.55,5.0,0.46,5.0,0.45,5.0,0.5,5.0,0.51,3.5,0.04,0.04,614.008826,1776200199000
1776200201.074,101.074,0.5,5.0,0.49,3.5,0.54,5.0,0.55,5.0,0.46,5.0,0.45,5.0,0.5,5.0,0.51,3.5,0.04,0.04,614.008826,1776200200000
1776200202.507,102.507,0.5,5.0,0.49,3.5,0.54,5.0,0.55,5.0,0.46,5.0,0.45,5.0,0.5,5.0,0.51,3.5,0.04,0.04,614.007118,1776200201000
1776200203.143,103.143,0.5,5.0,0.49,3.5,0.54,5.0,0.55,5.0,0.46,5.0,0.45,5.0,0.5,5.0,0.51,3.5,0.04,0.04,614.007181,1776200202000
1776200204.481,104.481,0.5,5.0,0.49,3.5,0.54,5.0,0.55,5.0,0.46,5.0,0.45,5.0,0.5,5.0,0.51,3.5,0.04,0.04,614.007154,1776200203000
1776200205.12,105.12,0.5,5.0,0.49,3.5,0.54,5.0,0.55,5.0,0.46,5.0,0.45,5.0,0.5,5.0,0.51,3.5,0.04,0.04,614.007159,1776200204000
1776200206.704,106.704,0.5,5.0,0.49,3.5,0.54,5.0,0.55,5.0,0.46,5.0,0.45,5.0,0.5,5.0,0.51,3.5,0.04,0.04,614.006509,1776200205000
1776200207.326,107.326,0.5,5.0,0.49,3.5,0.54,5.0,0.55,5.0,0.46,5.0,0.45,5.0,0.5,5.0,0.51,3.5,0.04,0.04,614.006509,1776200206000
1776200208.058,108.058,0.5,5.0,0.49,3.5,0.54,5.0,0.55,5.0,0.46,5.0,0.45,5.0,0.5,5.0,0.51,3.5,0.04,0.04,614.006502,1776200207000
1776200209.464,109.464,0.5,5.0,0.49,3.5,0.54,5.0,0.55,5.0,0.46,5.0,0.45,5.0,0.5,5.0,0.51,3.5,0.04,0.04,614.006509,1776200208000
1776200210.061,110.061,0.5,5.0,0.49,3.5,0.54,5.0,0.55,5.0,0.46,5.0,0.45,5.0,0.5,5.0,0.51,3.5,0.04,0.04,614.006199,1776200209000
1776200212.0,112.0,0.5,5.0,0.49,3.5,0.54,5.0,0.55,5.0,0.46,5.0,0.45,5.0,0.5,5.0,0.51,3.5,0.04,0.04,614.004816,1776200210000
1776200212.509,112.509,0.5,5.0,0.49,3.5,0.54,5.0,0.55,5.0,0.46,5.0,0.45,5.0,0.5,5.0,0.51,3.5,0.04,0.04,614.004816,1776200211000
1776200213.11,113.11,0.5,5.0,0.49,3.5,0.54,5.0,0.55,5.0,0.46,5.0,0.45,5.0,0.5,5.0,0.51,3.5,0.04,0.04,614.004946,1776200212000
1776200214.276,114.276,0.5,5.0,0.49,3.5,0.54,5.0,0.55,5.0,0.46,5.0,0.45,5.0,0.5,5.0,0.51,3.5,0.04,0.04,614.004917,1776200213000
1776200215.156,115.156,0.49,3.5,0.35,5.0,0.51,75.0,0.52,5.0,0.46,5.0,0.45,5.0,0.5,5.0,0.51,3.5,0.02,0.04,614.004917,1776200213000
1776200215.444,115.444,0.35,5.0,0.31,12.2,0.44,11.5,0.51,75.0,0.56,11.5,0.49,75.0,0.65,5.0,0.69,12.2,0.09,0.09,614.004445,1776200214000
1776200215.975,115.975,0.35,5.0,0.31,12.2,0.44,11.5,0.51,75.0,0.56,11.5,0.49,75.0,0.65,5.0,0.69,12.2,0.09,0.09,614.004442,1776200215000
1776200216.188,116.188,0.39,1.41,0.38,10.0,0.44,11.5,0.48,10.0,0.56,11.5,0.49,75.0,0.65,5.0,0.69,12.2,0.05,0.09,614.004442,1776200215000
1776200217.074,117.074,0.39,1.41,0.38,10.0,0.44,11.5,0.48,10.0,0.56,11.5,0.52,10.0,0.61,1.41,0.62,10.0,0.05,0.05,613.980937,1776200216000
1776200218.185,118.185,0.39,1.41,0.38,10.0,0.44,11.5,0.48,10.0,0.56,11.5,0.52,10.0,0.61,1.41,0.62,10.0,0.05,0.05,613.948787,1776200217000
1776200218.705,118.705,0.4,5.0,0.39,1.41,0.41,5.0,0.44,11.5,0.56,11.5,0.52,10.0,0.61,1.41,0.62,10.0,0.01,0.05,613.948787,1776200217000
1776200219.322,119.322,0.4,5.0,0.39,1.41,0.41,5.0,0.44,11.5,0.59,5.0,0.56,11.5,0.6,5.0,0.61,1.41,0.01,0.01,613.948787,1776200218000
1776200220.413,120.413,0.39,1.32,0.29,5.0,0.41,5.0,0.43,5.0,0.59,5.0,0.57,5.0,0.61,1.32,0.71,5.0,0.02,0.02,613.936,1776200219000
1776200221.003,121.003,0.39,1.32,0.29,5.0,0.41,5.0,0.43,5.0,0.59,5.0,0.57,5.0,0.61,1.32,0.71,5.0,0.02,0.02,613.935023,1776200220000
1776200221.807,121.807,0.39,4.32,0.27,5.0,0.4,5.0,0.41,5.0,0.59,5.0,0.57,5.0,0.61,1.32,0.71,5.0,0.01,0.02,613.935023,1776200220000
1776200222.174,122.174,0.39,4.32,0.27,5.0,0.4,5.0,0.41,5.0,0.6,5.0,0.59,5.0,0.61,4.32,0.73,5.0,0.01,0.01,613.892,1776200221000
1776200223.237,123.237,0.39,4.32,0.27,5.0,0.4,5.0,0.41,5.0,0.6,5.0,0.59,5.0,0.61,4.32,0.73,5.0,0.01,0.01,613.914,1776200222000
1776200224.249,124.249,0.19,5.0,0.16,19.3,0.34,10.68,0.4,24.0,0.6,5.0,0.59,5.0,0.61,4.32,0.73,5.0,0.15,0.01,613.914,1776200222000
1776200224.486,124.486,0.19,5.0,0.16,19.3,0.34,10.68,0.4,24.0,0.66,10.68,0.6,24.0,0.81,5.0,0.84,19.3,0.15,0.15,613.922658,1776200223000
1776200225.184,125.184,0.19,5.0,0.16,19.3,0.34,10.68,0.4,24.0,0.66,10.68,0.6,24.0,0.81,5.0,0.84,19.3,0.15,0.15,613.917,1776200224000
1776200226.192,126.192,0.22,10.0,0.19,10.0,0.32,1.25,0.34,10.68,0.66,10.68,0.6,24.0,0.81,5.0,0.84,19.3,0.1,0.15,613.917,1776200224000
1776200226.751,126.751,0.22,5.0,0.19,5.0,0.28,10.0,0.31,50.0,0.68,1.25,0.66,10.68,0.78,10.0,0.81,10.0,0.06,0.1,613.917,1776200224000
1776200227.592,127.592,0.22,5.0,0.19,5.0,0.28,10.0,0.31,50.0,0.72,10.0,0.69,50.0,0.78,5.0,0.81,5.0,0.06,0.06,613.841867,1776200226000
1776200228.042,128.042,0.22,5.0,0.19,5.0,0.28,10.0,0.31,50.0,0.72,10.0,0.69,50.0,0.78,5.0,0.81,5.0,0.06,0.06,613.841206,1776200227000
1776200229.291,129.291,0.22,5.0,0.19,5.0,0.28,10.0,0.31,50.0,0.72,10.0,0.69,50.0,0.78,5.0,0.81,5.0,0.06,0.06,613.81314,1776200228000
1776200230.19,130.19,0.22,5.0,0.19,5.0,0.28,10.0,0.31,50.0,0.72,10.0,0.69,50.0,0.78,5.0,0.81,5.0,0.06,0.06,613.79879,1776200229000
1776200230.845,130.845,0.06,38.12,0.05,54.7,0.14,27.0,0.16,10.0,0.72,10.0,0.69,50.0,0.78,5.0,0.81,5.0,0.08,0.06,613.79879,1776200229000
1776200231.237,131.237,0.06,38.12,0.05,54.7,0.14,27.0,0.16,10.0,0.86,27.0,0.84,10.0,0.94,38.12,0.95,54.7,0.08,0.08,613.7982,1776200230000
1776200232.305,132.305,0.06,38.12,0.05,54.7,0.14,27.0,0.16,10.0,0.86,27.0,0.84,10.0,0.94,38.12,0.95,54.7,0.08,0.08,613.71113,1776200231000
1776200232.997,132.997,0.07,38.72,0.06,38.12,0.16,5.0,0.2,10.0,0.84,5.0,0.8,10.0,0.93,38.72,0.94,38.12,0.09,0.09,613.647,1776200232000
1776200233.989,133.989,0.07,38.72,0.06,38.12,0.16,5.0,0.2,10.0,0.84,5.0,0.8,10.0,0.93,38.72,0.94,38.12,0.09,0.09,613.582,1776200233000
1776200235.07,135.07,0.07,38.72,0.06,38.12,0.16,5.0,0.2,10.0,0.84,5.0,0.8,10.0,0.93,38.72,0.94,38.12,0.09,0.09,613.620609,1776200234000
1776200236.198,136.198,0.07,38.72,0.06,38.12,0.16,5.0,0.2,10.0,0.84,5.0,0.8,10.0,0.93,38.72,0.94,38.12,0.09,0.09,613.619948,1776200235000
1776200237.304,137.304,0.07,38.72,0.06,38.12,0.16,5.0,0.2,10.0,0.84,5.0,0.8,10.0,0.93,38.72,0.94,38.12,0.09,0.09,613.620557,1776200236000
1776200237.843,137.843,0.07,38.72,0.06,38.12,0.16,5.0,0.2,10.0,0.84,5.0,0.8,10.0,0.93,38.72,0.94,38.12,0.09,0.09,613.609556,1776200237000
1776200238.937,138.937,0.07,38.72,0.06,38.12,0.16,5.0,0.2,10.0,0.84,5.0,0.8,10.0,0.93,38.72,0.94,38.12,0.09,0.09,613.616762,1776200238000
1776200239.989,139.989,0.07,38.72,0.06,38.12,0.16,5.0,0.2,10.0,0.84,5.0,0.8,10.0,0.93,38.72,0.94,38.12,0.09,0.09,613.618572,1776200239000
1776200241.242,141.242,0.07,38.72,0.06,38.12,0.16,5.0,0.2,10.0,0.84,5.0,0.8,10.0,0.93,38.72,0.94,38.12,0.09,0.09,613.607,1776200240000
1776200242.415,142.415,0.07,38.72,0.06,38.12,0.16,5.0,0.2,10.0,0.84,5.0,0.8,10.0,0.93,38.72,0.94,38.12,0.09,0.09,613.607,1776200241000
1776200242.913,142.913,0.07,38.72,0.06,38.12,0.16,5.0,0.2,10.0,0.84,5.0,0.8,10.0,0.93,38.72,0.94,38.12,0.09,0.09,613.614477,1776200242000
1776200244.107,144.107,0.07,38.72,0.06,38.12,0.16,5.0,0.2,10.0,0.84,5.0,0.8,10.0,0.93,38.72,0.94,38.12,0.09,0.09,613.613,1776200243000
1776200244.783,144.783,0.09,31.7,0.08,35.29,0.16,29.3,0.17,23.39,0.84,5.0,0.8,10.0,0.93,38.72,0.94,38.12,0.07,0.09,613.613,1776200243000
1776200245.357,145.357,0.09,31.7,0.08,35.29,0.16,29.3,0.17,23.39,0.84,29.3,0.83,23.39,0.91,31.7,0.92,35.29,0.07,0.07,613.579539,1776200244000
1776200246.442,146.442,0.09,31.7,0.08,35.29,0.16,29.3,0.17,23.39,0.84,29.3,0.83,23.39,0.91,31.7,0.92,35.29,0.07,0.07,613.604735,1776200245000
1776200247.13,147.13,0.09,31.7,0.08,35.29,0.16,29.3,0.17,23.39,0.84,29.3,0.83,23.39,0.91,31.7,0.92,35.29,0.07,0.07,613.599231,1776200246000
1776200248.279,148.279,0.09,31.7,0.08,35.29,0.16,29.3,0.17,23.39,0.84,29.3,0.83,23.39,0.91,31.7,0.92,35.29,0.07,0.07,613.601454,1776200247000
1776200249.427,149.427,0.09,31.7,0.08,35.29,0.16,29.3,0.17,23.39,0.84,29.3,0.83,23.39,0.91,31.7,0.92,35.29,0.07,0.07,613.602091,1776200248000
1776200250.125,150.125,0.09,31.7,0.08,35.29,0.16,29.3,0.17,23.39,0.84,29.3,0.83,23.39,0.91,31.7,0.92,35.29,0.07,0.07,613.627,1776200249000
1776200251.31,151.31,0.09,31.7,0.08,35.29,0.16,29.3,0.17,23.39,0.84,29.3,0.83,23.39,0.91,31.7,0.92,35.29,0.07,0.07,613.62,1776200250000
1776200252.403,152.403,0.09,31.7,0.08,35.29,0.16,29.3,0.17,23.39,0.84,29.3,0.83,23.39,0.91,31.7,0.92,35.29,0.07,0.07,613.574888,1776200251000
1776200252.986,152.986,0.09,31.7,0.08,35.29,0.16,29.3,0.17,23.39,0.84,29.3,0.83,23.39,0.91,31.7,0.92,35.29,0.07,0.07,613.574888,1776200252000
1776200253.685,153.685,0.1,5.0,0.09,31.7,0.14,0.18,0.22,5.0,0.84,29.3,0.83,23.39,0.91,31.7,0.92,35.29,0.04,0.07,613.574888,1776200252000
1776200254.256,154.256,0.1,5.0,0.09,31.7,0.14,0.18,0.22,5.0,0.86,0.18,0.78,5.0,0.9,5.0,0.91,31.7,0.04,0.04,613.622,1776200253000
1776200255.41,155.41,0.1,5.0,0.09,31.7,0.14,0.18,0.22,5.0,0.86,0.18,0.78,5.0,0.9,5.0,0.91,31.7,0.04,0.04,613.695,1776200254000
1776200257.13,157.13,0.1,5.0,0.09,31.7,0.14,0.18,0.22,5.0,0.86,0.18,0.78,5.0,0.9,5.0,0.91,31.7,0.04,0.04,613.715,1776200255000
1776200257.936,157.936,0.1,5.0,0.09,31.7,0.14,0.18,0.22,5.0,0.86,0.18,0.78,5.0,0.9,5.0,0.91,31.7,0.04,0.04,613.711,1776200256000
1776200258.72,158.72,0.1,5.0,0.09,31.7,0.14,0.18,0.22,5.0,0.86,0.18,0.78,5.0,0.9,5.0,0.91,31.7,0.04,0.04,613.701,1776200257000
1776200259.44,159.44,0.1,5.0,0.09,31.7,0.14,0.18,0.22,5.0,0.86,0.18,0.78,5.0,0.9,5.0,0.91,31.7,0.04,0.04,613.711,1776200258000
1776200259.941,159.941,0.1,5.0,0.09,31.7,0.14,0.18,0.22,5.0,0.86,0.18,0.78,5.0,0.9,5.0,0.91,31.7,0.04,0.04,613.711,1776200259000
1776200261.258,161.258,0.1,5.0,0.09,31.7,0.14,0.18,0.22,5.0,0.86,0.18,0.78,5.0,0.9,5.0,0.91,31.7,0.04,0.04,613.724,1776200260000
1776200262.643,162.643,0.1,5.0,0.09,31.7,0.14,0.18,0.22,5.0,0.86,0.18,0.78,5.0,0.9,5.0,0.91,31.7,0.04,0.04,613.686,1776200261000
1776200263.203,163.203,0.1,5.0,0.09,31.7,0.14,0.18,0.22,5.0,0.86,0.18,0.78,5.0,0.9,5.0,0.91,31.7,0.04,0.04,613.667078,1776200262000
1776200264.462,164.462,0.1,5.0,0.09,31.7,0.14,0.18,0.22,5.0,0.86,0.18,0.78,5.0,0.9,5.0,0.91,31.7,0.04,0.04,613.647368,1776200263000
1776200265.031,165.031,0.1,5.0,0.09,31.7,0.14,0.18,0.22,5.0,0.86,0.18,0.78,5.0,0.9,5.0,0.91,31.7,0.04,0.04,613.647368,1776200264000
1776200266.158,166.158,0.1,5.0,0.09,31.7,0.14,0.18,0.22,5.0,0.86,0.18,0.78,5.0,0.9,5.0,0.91,31.7,0.04,0.04,613.627776,1776200265000
1776200267.352,167.352,0.1,5.0,0.09,31.7,0.14,0.18,0.22,5.0,0.86,0.18,0.78,5.0,0.9,5.0,0.91,31.7,0.04,0.04,613.619269,1776200266000
1776200268.536,168.536,0.1,5.0,0.09,31.7,0.14,0.18,0.22,5.0,0.86,0.18,0.78,5.0,0.9,5.0,0.91,31.7,0.04,0.04,613.620397,1776200267000
1776200269.09,169.09,0.1,5.0,0.09,31.7,0.14,0.18,0.22,5.0,0.86,0.18,0.78,5.0,0.9,5.0,0.91,31.7,0.04,0.04,613.620775,1776200268000
1776200270.274,170.274,0.1,5.0,0.09,31.7,0.14,0.18,0.22,5.0,0.86,0.18,0.78,5.0,0.9,5.0,0.91,31.7,0.04,0.04,613.620837,1776200269000
1776200270.991,170.991,0.1,5.0,0.09,31.7,0.14,0.18,0.22,5.0,0.86,0.18,0.78,5.0,0.9,5.0,0.91,31.7,0.04,0.04,613.621019,1776200270000
1776200272.178,172.178,0.1,5.0,0.09,31.7,0.14,0.18,0.22,5.0,0.86,0.18,0.78,5.0,0.9,5.0,0.91,31.7,0.04,0.04,613.621012,1776200271000
1776200273.052,173.052,0.1,5.0,0.09,31.7,0.14,0.18,0.22,5.0,0.86,0.18,0.78,5.0,0.9,5.0,0.91,31.7,0.04,0.04,613.621229,1776200272000
1776200274.143,174.143,0.1,5.0,0.09,31.7,0.14,0.18,0.22,5.0,0.86,0.18,0.78,5.0,0.9,5.0,0.91,31.7,0.04,0.04,613.621229,1776200273000
1776200274.604,174.604,0.07,3.92,0.06,33.12,0.12,24.6,0.13,23.0,0.86,0.18,0.78,5.0,0.9,5.0,0.91,31.7,0.05,0.04,613.621229,1776200273000
1776200275.165,175.165,0.07,3.92,0.06,33.12,0.12,24.6,0.13,23.0,0.88,24.6,0.87,23.0,0.93,3.92,0.94,33.12,0.05,0.05,613.620726,1776200274000
1776200276.177,176.177,0.07,3.92,0.06,33.12,0.12,24.6,0.13,23.0,0.88,24.6,0.87,23.0,0.93,3.92,0.94,33.12,0.05,0.05,613.620736,1776200275000
1776200276.611,176.611,0.07,2.84,0.05,54.7,0.1,28.9,0.11,26.6,0.88,24.6,0.87,23.0,0.93,3.92,0.94,33.12,0.03,0.05,613.620736,1776200275000
1776200277.214,177.214,0.07,2.84,0.05,54.7,0.1,28.9,0.11,26.6,0.9,28.9,0.89,26.6,0.93,2.84,0.95,54.7,0.03,0.03,613.596394,1776200276000
1776200278.225,178.225,0.07,2.84,0.05,54.7,0.1,28.9,0.11,26.6,0.9,28.9,0.89,26.6,0.93,2.84,0.95,54.7,0.03,0.03,613.592778,1776200277000
1776200279.329,179.329,0.07,2.84,0.05,54.7,0.1,28.9,0.11,26.6,0.9,28.9,0.89,26.6,0.93,2.84,0.95,54.7,0.03,0.03,613.567986,1776200278000
1776200280.271,180.271,0.07,2.84,0.05,54.7,0.1,28.9,0.11,26.6,0.9,28.9,0.89,26.6,0.93,2.84,0.95,54.7,0.03,0.03,613.565263,1776200279000
1776200281.288,181.288,0.07,2.84,0.05,54.7,0.1,28.9,0.11,26.6,0.9,28.9,0.89,26.6,0.93,2.84,0.95,54.7,0.03,0.03,613.56573,1776200280000
1776200282.208,182.208,0.07,0.85,0.05,54.7,0.1,28.9,0.11,26.6,0.9,28.9,0.89,26.6,0.93,0.85,0.95,54.7,0.03,0.03,613.589,1776200281000
1776200283.15,183.15,0.07,0.85,0.05,54.7,0.1,28.9,0.11,26.6,0.9,28.9,0.89,26.6,0.93,0.85,0.95,54.7,0.03,0.03,613.586,1776200282000
1776200284.249,184.249,0.07,0.85,0.05,54.7,0.1,28.9,0.11,26.6,0.9,28.9,0.89,26.6,0.93,0.85,0.95,54.7,0.03,0.03,613.602,1776200283000
1776200285.21,185.21,0.07,0.85,0.05,54.7,0.1,28.9,0.11,26.6,0.9,28.9,0.89,26.6,0.93,0.85,0.95,54.7,0.03,0.03,613.604,1776200284000
1776200286.24,186.24,0.07,0.85,0.05,54.7,0.1,28.9,0.11,26.6,0.9,28.9,0.89,26.6,0.93,0.85,0.95,54.7,0.03,0.03,613.606932,1776200285000
1776200286.812,186.812,0.07,0.85,0.05,54.7,0.1,28.9,0.11,26.6,0.9,28.9,0.89,26.6,0.93,0.85,0.95,54.7,0.03,0.03,613.60678,1776200286000
1776200287.916,187.916,0.07,0.85,0.05,54.7,0.1,28.9,0.11,26.6,0.9,28.9,0.89,26.6,0.93,0.85,0.95,54.7,0.03,0.03,613.604338,1776200287000
1776200289.242,189.242,0.07,0.85,0.05,54.7,0.1,28.9,0.11,26.6,0.9,28.9,0.89,26.6,0.93,0.85,0.95,54.7,0.03,0.03,613.606774,1776200288000
1776200290.24,190.24,0.07,0.85,0.05,54.7,0.1,28.9,0.11,26.6,0.9,28.9,0.89,26.6,0.93,0.85,0.95,54.7,0.03,0.03,613.607,1776200289000
1776200291.354,191.354,0.07,0.85,0.05,54.7,0.1,28.9,0.11,26.6,0.9,28.9,0.89,26.6,0.93,0.85,0.95,54.7,0.03,0.03,613.606,1776200290000
1776200292.045,192.045,0.05,54.7,0.04,86.7,0.07,15.98,0.1,28.9,0.9,28.9,0.89,26.6,0.93,0.85,0.95,54.7,0.02,0.03,613.606,1776200290000
1776200292.433,192.433,0.05,54.7,0.04,86.7,0.07,15.98,0.1,28.9,0.93,15.98,0.9,28.9,0.95,54.7,0.96,86.7,0.02,0.02,613.607,1776200291000
1776200292.915,192.915,0.05,54.7,0.04,86.7,0.07,15.98,0.1,28.9,0.93,15.98,0.9,28.9,0.95,54.7,0.96,86.7,0.02,0.02,613.607,1776200292000
1776200294.001,194.001,0.05,54.7,0.04,86.7,0.07,15.98,0.1,28.9,0.93,15.98,0.9,28.9,0.95,54.7,0.96,86.7,0.02,0.02,613.607,1776200293000
1776200295.075,195.075,0.05,54.7,0.04,86.7,0.07,15.98,0.1,28.9,0.93,15.98,0.9,28.9,0.95,54.7,0.96,86.7,0.02,0.02,613.607,1776200294000
1776200296.162,196.162,0.05,54.7,0.04,86.7,0.07,15.98,0.1,28.9,0.93,15.98,0.9,28.9,0.95,54.7,0.96,86.7,0.02,0.02,613.606,1776200295000
1776200297.611,197.611,0.05,54.7,0.04,86.7,0.07,15.98,0.1,28.9,0.93,15.98,0.9,28.9,0.95,54.7,0.96,86.7,0.02,0.02,613.606,1776200296000
1776200298.233,198.233,0.05,54.7,0.04,86.7,0.07,15.98,0.1,28.9,0.93,15.98,0.9,28.9,0.95,54.7,0.96,86.7,0.02,0.02,613.606,1776200297000
1776200299.403,199.403,0.05,54.7,0.04,86.7,0.07,15.98,0.1,28.9,0.93,15.98,0.9,28.9,0.95,54.7,0.96,86.7,0.02,0.02,613.613,1776200298000
1776200300.035,200.035,0.05,54.7,0.04,86.7,0.07,15.98,0.1,28.9,0.93,15.98,0.9,28.9,0.95,54.7,0.96,86.7,0.02,0.02,613.615817,1776200299000
1776200301.043,201.043,0.05,54.7,0.04,86.7,0.07,15.98,0.1,28.9,0.93,15.98,0.9,28.9,0.95,54.7,0.96,86.7,0.02,0.02,613.634,1776200300000
1776200302.003,202.003,0.06,25.9,0.05,54.7,0.07,15.98,0.11,26.6,0.93,15.98,0.9,28.9,0.95,54.7,0.96,86.7,0.01,0.02,613.634,1776200300000
1776200303.144,203.144,0.06,25.9,0.05,54.7,0.07,15.98,0.11,26.6,0.93,15.98,0.89,26.6,0.94,25.9,0.95,54.7,0.01,0.01,613.617,1776200302000
1776200304.159,204.159,0.06,25.9,0.05,54.7,0.07,15.98,0.11,26.6,0.93,15.98,0.89,26.6,0.94,25.9,0.95,54.7,0.01,0.01,613.621,1776200303000
1776200305.202,205.202,0.06,25.9,0.05,54.7,0.07,15.98,0.11,26.6,0.93,15.98,0.89,26.6,0.94,25.9,0.95,54.7,0.01,0.01,613.623,1776200304000
1776200306.754,206.754,0.06,25.9,0.05,54.7,0.07,15.98,0.11,26.6,0.93,15.98,0.89,26.6,0.94,25.9,0.95,54.7,0.01,0.01,613.612157,1776200305000
1776200307.342,207.342,0.06,25.9,0.05,54.7,0.07,15.98,0.11,26.6,0.93,15.98,0.89,26.6,0.94,25.9,0.95,54.7,0.01,0.01,613.612116,1776200306000
1776200307.979,207.979,0.06,25.9,0.05,54.7,0.07,15.98,0.11,26.6,0.93,15.98,0.89,26.6,0.94,25.9,0.95,54.7,0.01,0.01,613.609155,1776200307000
1776200309.035,209.035,0.06,25.9,0.05,54.7,0.07,15.98,0.11,26.6,0.93,15.98,0.89,26.6,0.94,25.9,0.95,54.7,0.01,0.01,613.613961,1776200308000
1776200310.207,210.207,0.06,25.9,0.05,54.7,0.07,15.98,0.11,26.6,0.93,15.98,0.89,26.6,0.94,25.9,0.95,54.7,0.01,0.01,613.61413,1776200309000
1776200311.458,211.458,0.06,25.9,0.05,54.7,0.07,15.98,0.11,26.6,0.93,15.98,0.89,26.6,0.94,25.9,0.95,54.7,0.01,0.01,613.614191,1776200310000
1776200311.846,211.846,0.06,25.9,0.05,54.7,0.07,15.98,0.11,26.6,0.93,15.98,0.89,26.6,0.94,25.9,0.95,54.7,0.01,0.01,613.614191,1776200311000
1776200312.264,212.264,0.04,56.35,0.03,89.3,0.07,15.98,0.09,31.7,0.93,15.98,0.89,26.6,0.94,25.9,0.95,54.7,0.03,0.01,613.614191,1776200311000
1776200312.891,212.891,0.04,56.35,0.03,89.3,0.07,15.98,0.09,31.7,0.93,15.98,0.91,31.7,0.96,56.35,0.97,89.3,0.03,0.03,613.614191,1776200312000
1776200314.533,214.533,0.04,56.35,0.03,89.3,0.07,15.98,0.09,31.7,0.93,15.98,0.91,31.7,0.96,56.35,0.97,89.3,0.03,0.03,613.614452,1776200313000
1776200314.963,214.963,0.04,5.85,0.03,89.3,0.07,15.98,0.08,35.29,0.93,15.98,0.91,31.7,0.96,56.35,0.97,89.3,0.03,0.03,613.614452,1776200313000
1776200315.185,215.185,0.04,5.85,0.03,89.3,0.07,15.98,0.08,35.29,0.93,15.98,0.92,35.29,0.96,5.85,0.97,89.3,0.03,0.03,613.614461,1776200314000
1776200316.251,216.251,0.04,5.85,0.03,89.3,0.07,15.98,0.08,35.29,0.93,15.98,0.92,35.29,0.96,5.85,0.97,89.3,0.03,0.03,613.614371,1776200315000
1776200317.032,217.032,0.04,5.85,0.03,89.3,0.07,15.98,0.08,35.29,0.93,15.98,0.92,35.29,0.96,5.85,0.97,89.3,0.03,0.03,613.614371,1776200316000
1776200317.451,217.451,0.03,89.3,0.02,142.69,0.07,55.88,0.08,35.29,0.93,15.98,0.92,35.29,0.96,5.85,0.97,89.3,0.04,0.03,613.614371,1776200316000
1776200318.497,218.497,0.03,89.3,0.02,142.69,0.07,55.88,0.08,35.29,0.93,55.88,0.92,35.29,0.97,89.3,0.98,142.69,0.04,0.04,613.614595,1776200317000
1776200319.38,219.38,0.03,89.3,0.02,142.69,0.07,55.88,0.08,35.29,0.93,55.88,0.92,35.29,0.97,89.3,0.98,142.69,0.04,0.04,613.614595,1776200318000
1776200320.224,220.224,0.03,89.3,0.02,142.69,0.07,55.88,0.08,35.29,0.93,55.88,0.92,35.29,0.97,89.3,0.98,142.69,0.04,0.04,613.614595,1776200319000
1776200321.569,221.569,0.03,89.3,0.02,142.69,0.07,55.88,0.08,35.29,0.93,55.88,0.92,35.29,0.97,89.3,0.98,142.69,0.04,0.04,613.61436,1776200320000
1776200322.309,222.309,0.03,89.3,0.02,142.69,0.07,55.88,0.08,35.29,0.93,55.88,0.92,35.29,0.97,89.3,0.98,142.69,0.04,0.04,613.614697,1776200321000
1776200323.282,223.282,0.05,48.7,0.04,67.7,0.07,15.98,0.1,28.9,0.93,55.88,0.92,35.29,0.97,89.3,0.98,142.69,0.02,0.04,613.614697,1776200321000
1776200323.523,223.523,0.05,48.7,0.04,67.7,0.07,15.98,0.1,28.9,0.93,15.98,0.9,28.9,0.95,48.7,0.96,67.7,0.02,0.02,613.61363,1776200322000
1776200324.628,224.628,0.05,48.7,0.04,67.7,0.07,15.98,0.1,28.9,0.93,15.98,0.9,28.9,0.95,48.7,0.96,67.7,0.02,0.02,613.656698,1776200323000
1776200325.422,225.422,0.05,48.7,0.04,67.7,0.07,15.98,0.1,28.9,0.93,15.98,0.9,28.9,0.95,48.7,0.96,67.7,0.02,0.02,613.66,1776200324000
1776200326.211,226.211,0.05,48.7,0.04,67.7,0.07,15.98,0.1,28.9,0.93,15.98,0.9,28.9,0.95,48.7,0.96,67.7,0.02,0.02,613.665,1776200325000
1776200327.495,227.495,0.05,48.7,0.04,67.7,0.07,15.98,0.1,28.9,0.93,15.98,0.9,28.9,0.95,48.7,0.96,67.7,0.02,0.02,613.662,1776200326000
1776200328.242,228.242,0.05,48.7,0.04,67.7,0.07,15.98,0.1,28.9,0.93,15.98,0.9,28.9,0.95,48.7,0.96,67.7,0.02,0.02,613.661,1776200327000
1776200329.632,229.632,0.05,48.7,0.04,67.7,0.07,15.98,0.1,28.9,0.93,15.98,0.9,28.9,0.95,48.7,0.96,67.7,0.02,0.02,613.657,1776200328000
1776200330.322,230.322,0.05,48.7,0.04,67.7,0.07,15.98,0.1,28.9,0.93,15.98,0.9,28.9,0.95,48.7,0.96,67.7,0.02,0.02,613.654,1776200329000
1776200331.069,231.069,0.05,48.7,0.04,67.7,0.07,15.98,0.1,28.9,0.93,15.98,0.9,28.9,0.95,48.7,0.96,67.7,0.02,0.02,613.654,1776200330000
1776200332.616,232.616,0.05,48.7,0.04,67.7,0.07,15.98,0.1,28.9,0.93,15.98,0.9,28.9,0.95,48.7,0.96,67.7,0.02,0.02,613.652,1776200331000
1776200333.382,233.382,0.05,48.7,0.04,67.7,0.07,15.98,0.1,28.9,0.93,15.98,0.9,28.9,0.95,48.7,0.96,67.7,0.02,0.02,613.641,1776200332000
1776200334.174,234.174,0.05,48.7,0.04,67.7,0.07,15.98,0.1,28.9,0.93,15.98,0.9,28.9,0.95,48.7,0.96,67.7,0.02,0.02,613.641,1776200333000
1776200335.257,235.257,0.03,89.3,0.02,142.69,0.05,10.1,0.06,46.1,0.95,10.1,0.94,46.1,0.97,89.3,0.98,142.69,0.02,0.02,613.645,1776200334000
1776200337.037,237.037,0.03,89.3,0.02,142.69,0.05,10.1,0.06,46.1,0.95,10.1,0.94,46.1,0.97,89.3,0.98,142.69,0.02,0.02,613.656,1776200336000
1776200338.173,238.173,0.03,84.14,0.02,142.69,0.05,10.1,0.06,46.1,0.95,10.1,0.94,46.1,0.97,89.3,0.98,142.69,0.02,0.02,613.656,1776200336000
1776200338.642,238.642,0.03,84.14,0.02,142.69,0.05,10.1,0.06,46.1,0.95,10.1,0.94,46.1,0.97,84.14,0.98,142.69,0.02,0.02,613.656,1776200337000
1776200339.415,239.415,0.03,84.14,0.02,142.69,0.05,10.1,0.06,46.1,0.95,10.1,0.94,46.1,0.97,84.14,0.98,142.69,0.02,0.02,613.642,1776200338000
1776200339.748,239.748,0.03,79.14,0.02,142.69,0.05,15.1,0.06,46.1,0.95,10.1,0.94,46.1,0.97,84.14,0.98,142.69,0.02,0.02,613.642,1776200338000
1776200340.119,240.119,0.03,79.14,0.02,142.69,0.05,15.1,0.06,46.1,0.95,15.1,0.94,46.1,0.97,79.14,0.98,142.69,0.02,0.02,613.642,1776200339000
1776200341.562,241.562,0.03,79.14,0.02,142.69,0.05,15.1,0.06,46.1,0.95,15.1,0.94,46.1,0.97,79.14,0.98,142.69,0.02,0.02,613.638,1776200340000
1776200342.307,242.307,0.03,79.14,0.02,142.69,0.05,15.1,0.06,46.1,0.95,15.1,0.94,46.1,0.97,79.14,0.98,142.69,0.02,0.02,613.638,1776200341000
1776200343.311,243.311,0.02,137.58,0.01,5802.84,0.05,69.8,0.06,46.1,0.95,15.1,0.94,46.1,0.97,79.14,0.98,142.69,0.03,0.02,613.638,1776200341000
1776200343.825,243.825,0.02,137.58,0.01,5802.84,0.05,69.8,0.06,46.1,0.95,69.8,0.94,46.1,0.98,137.58,0.99,5802.84,0.03,0.03,613.665,1776200342000
1776200344.584,244.584,0.02,137.58,0.01,5802.84,0.05,69.8,0.06,46.1,0.95,69.8,0.94,46.1,0.98,137.58,0.99,5802.84,0.03,0.03,613.669,1776200343000
1776200345.193,245.193,0.02,132.58,0.01,5802.84,0.04,67.7,0.05,69.8,0.95,69.8,0.94,46.1,0.98,137.58,0.99,5802.84,0.02,0.03,613.669,1776200343000
1776200345.424,245.424,0.02,132.58,0.01,5802.84,0.04,67.7,0.05,69.8,0.96,67.7,0.95,69.8,0.98,132.58,0.99,5802.84,0.02,0.02,613.669,1776200344000
1776200346.05,246.05,0.02,112.17,0.01,5802.84,0.04,72.7,0.05,69.8,0.96,67.7,0.95,69.8,0.98,132.58,0.99,5802.84,0.02,0.02,613.669,1776200344000
1776200347.684,247.684,0.02,112.17,0.01,5802.84,0.04,72.7,0.05,69.8,0.96,72.7,0.95,69.8,0.98,112.17,0.99,5802.84,0.02,0.02,613.667,1776200346000
1776200348.474,248.474,0.02,112.17,0.01,5802.84,0.04,72.7,0.05,69.8,0.96,72.7,0.95,69.8,0.98,112.17,0.99,5802.84,0.02,0.02,613.671,1776200347000
1776200349.312,249.312,0.02,112.17,0.01,5802.84,0.04,72.7,0.05,69.8,0.96,72.7,0.95,69.8,0.98,112.17,0.99,5802.84,0.02,0.02,613.673,1776200348000
1776200350.029,250.029,0.02,112.17,0.01,5802.84,0.04,72.7,0.05,69.8,0.96,72.7,0.95,69.8,0.98,112.17,0.99,5802.84,0.02,0.02,613.673,1776200349000
1776200351.081,251.081,0.01,797.84,,,0.04,72.7,0.05,69.8,0.96,72.7,0.95,69.8,0.98,112.17,0.99,5802.84,0.03,0.02,613.673,1776200349000
1776200351.418,251.418,0.01,797.84,,,0.04,72.7,0.05,69.8,0.96,72.7,0.95,69.8,0.99,797.84,,,0.03,0.03,613.675,1776200350000
1776200351.973,251.973,0.01,797.84,,,0.04,72.7,0.05,69.8,0.96,72.7,0.95,69.8,0.99,797.84,,,0.03,0.03,613.675,1776200351000
1776200353.558,253.558,0.01,797.84,,,0.04,72.7,0.05,69.8,0.96,72.7,0.95,69.8,0.99,797.84,,,0.03,0.03,613.673,1776200352000
1776200354.713,254.713,0.01,707.64,,,0.03,5.0,0.04,72.7,0.96,72.7,0.95,69.8,0.99,797.84,,,0.02,0.03,613.673,1776200352000
1776200355.383,255.383,0.01,707.64,,,0.03,5.0,0.04,72.7,0.97,5.0,0.96,72.7,0.99,707.64,,,0.02,0.02,613.671019,1776200354000
1776200355.939,255.939,0.01,707.64,,,0.03,5.0,0.04,72.7,0.97,5.0,0.96,72.7,0.99,707.64,,,0.02,0.02,613.676,1776200355000
1776200356.68,256.68,0.01,599.64,,,0.03,94.3,0.04,72.7,0.97,5.0,0.96,72.7,0.99,707.64,,,0.02,0.02,613.676,1776200355000
1776200356.96,256.96,0.01,594.64,,,0.03,94.3,0.04,72.7,0.97,94.3,0.96,72.7,0.99,599.64,,,0.02,0.02,613.676,1776200355000
1776200357.722,257.722,0.01,594.64,,,0.03,94.3,0.04,72.7,0.97,94.3,0.96,72.7,0.99,594.64,,,0.02,0.02,613.679,1776200356000
1776200358.34,258.34,0.01,594.64,,,0.03,94.3,0.04,72.7,0.97,94.3,0.96,72.7,0.99,594.64,,,0.02,0.02,613.664559,1776200357000
1776200359.053,259.053,0.01,594.64,,,0.03,94.3,0.04,72.7,0.97,94.3,0.96,72.7,0.99,594.64,,,0.02,0.02,613.675,1776200358000
1776200360.339,260.339,0.01,594.64,,,0.03,94.3,0.04,72.7,0.97,94.3,0.96,72.7,0.99,594.64,,,0.02,0.02,613.67,1776200359000
1776200361.597,261.597,0.01,594.64,,,0.03,94.3,0.04,72.7,0.97,94.3,0.96,72.7,0.99,594.64,,,0.02,0.02,613.676662,1776200360000
1776200362.082,262.082,0.01,594.64,,,0.03,94.3,0.04,72.7,0.97,94.3,0.96,72.7,0.99,594.64,,,0.02,0.02,613.681826,1776200361000
1776200362.836,262.836,0.02,132.69,0.01,594.64,0.03,5.0,0.04,5.0,0.97,94.3,0.96,72.7,0.99,594.64,,,0.01,0.02,613.681826,1776200361000
1776200363.374,263.374,0.02,128.77,0.01,594.64,0.03,5.0,0.04,5.0,0.97,5.0,0.96,5.0,0.98,129.8,0.99,594.64,0.01,0.01,613.681826,1776200361000
1776200364.034,264.034,0.02,128.77,0.01,594.64,0.03,5.0,0.04,5.0,0.97,5.0,0.96,5.0,0.98,128.77,0.99,594.64,0.01,0.01,613.707,1776200363000
1776200364.45,264.45,0.02,127.74,0.01,594.64,0.03,5.0,0.04,5.0,0.97,5.0,0.96,5.0,0.98,128.77,0.99,594.64,0.01,0.01,613.707,1776200363000
1776200365.457,265.457,0.02,127.74,0.01,594.64,0.03,5.0,0.04,5.0,0.97,5.0,0.96,5.0,0.98,127.74,0.99,594.64,0.01,0.01,613.743,1776200364000
1776200366.183,266.183,0.02,127.74,0.01,594.64,0.03,5.0,0.04,5.0,0.97,5.0,0.96,5.0,0.98,127.74,0.99,594.64,0.01,0.01,613.743,1776200365000
1776200367.407,267.407,0.02,127.74,0.01,594.64,0.03,5.0,0.04,5.0,0.97,5.0,0.96,5.0,0.98,127.74,0.99,594.64,0.01,0.01,613.773006,1776200366000
1776200368.125,268.125,0.02,127.74,0.01,594.64,0.03,5.0,0.04,5.0,0.97,5.0,0.96,5.0,0.98,127.74,0.99,594.64,0.01,0.01,613.773006,1776200367000
1776200368.727,268.727,0.02,122.74,0.01,694.64,0.03,5.0,0.04,5.0,0.97,5.0,0.96,5.0,0.98,127.74,0.99,594.64,0.01,0.01,613.773006,1776200367000
1776200369.389,269.389,0.02,122.74,0.01,694.64,0.03,5.0,0.04,5.0,0.97,5.0,0.96,5.0,0.98,122.74,0.99,694.64,0.01,0.01,613.797,1776200368000
1776200370.075,270.075,0.02,122.74,0.01,694.64,0.03,5.0,0.04,5.0,0.97,5.0,0.96,5.0,0.98,122.74,0.99,694.64,0.01,0.01,613.797,1776200369000
1776200372.042,272.042,0.02,122.74,0.01,694.64,0.03,5.0,0.04,5.0,0.97,5.0,0.96,5.0,0.98,122.74,0.99,694.64,0.01,0.01,613.804,1776200370000
1776200372.878,272.878,0.02,122.74,0.01,694.64,0.03,5.0,0.04,5.0,0.97,5.0,0.96,5.0,0.98,122.74,0.99,694.64,0.01,0.01,613.808,1776200371000
1776200373.55,273.55,0.02,122.74,0.01,694.64,0.03,5.0,0.04,5.0,0.97,5.0,0.96,5.0,0.98,122.74,0.99,694.64,0.01,0.01,613.81,1776200372000
1776200374.496,274.496,0.02,122.74,0.01,694.64,0.03,5.0,0.04,5.0,0.97,5.0,0.96,5.0,0.98,122.74,0.99,694.64,0.01,0.01,613.81,1776200373000
1776200375.301,275.301,0.02,117.74,0.01,694.64,0.03,5.0,0.04,5.0,0.97,5.0,0.96,5.0,0.98,117.74,0.99,694.64,0.01,0.01,613.772481,1776200374000
1776200375.616,275.616,0.01,406.79,,,0.03,5.0,0.04,5.0,0.97,5.0,0.96,5.0,0.99,432.04,,,0.02,0.02,613.772481,1776200374000
1776200376.081,276.081,0.01,406.79,,,0.03,5.0,0.04,5.0,0.97,5.0,0.96,5.0,0.99,406.79,,,0.02,0.02,613.81,1776200375000
1776200377.53,277.53,0.01,406.79,,,0.03,5.0,0.04,5.0,0.97,5.0,0.96,5.0,0.99,406.79,,,0.02,0.02,613.807,1776200376000
1776200378.235,278.235,0.01,406.79,,,0.03,5.0,0.04,5.0,0.97,5.0,0.96,5.0,0.99,406.79,,,0.02,0.02,613.805,1776200377000
1776200379.966,279.966,0.01,406.79,,,0.03,5.0,0.04,5.0,0.97,5.0,0.96,5.0,0.99,406.79,,,0.02,0.02,613.82,1776200378000
1776200380.547,280.547,0.01,401.79,,,0.05,10.1,0.07,15.98,0.97,5.0,0.96,5.0,0.99,406.79,,,0.04,0.02,613.82,1776200378000
1776200381.562,281.562,0.01,401.79,,,0.05,10.1,0.07,15.98,0.95,10.1,0.93,15.98,0.99,401.79,,,0.04,0.04,613.791,1776200380000
1776200382.288,282.288,0.01,401.79,,,0.05,10.1,0.07,15.98,0.95,10.1,0.93,15.98,0.99,401.79,,,0.04,0.04,613.791,1776200381000
1776200383.141,283.141,0.01,401.79,,,0.05,10.1,0.07,15.98,0.95,10.1,0.93,15.98,0.99,401.79,,,0.04,0.04,613.794,1776200382000
1776200384.625,284.625,0.01,401.79,,,0.05,10.1,0.07,15.98,0.95,10.1,0.93,15.98,0.99,401.79,,,0.04,0.04,613.804,1776200383000
1776200385.369,285.369,0.01,401.79,,,0.05,10.1,0.07,15.98,0.95,10.1,0.93,15.98,0.99,401.79,,,0.04,0.04,613.81,1776200384000
1776200386.212,286.212,0.01,401.79,,,0.05,10.1,0.07,15.98,0.95,10.1,0.93,15.98,0.99,401.79,,,0.04,0.04,613.81,1776200385000
1776200387.685,287.685,0.01,296.79,,,0.05,10.1,0.07,15.98,0.95,10.1,0.93,15.98,0.99,296.79,,,0.04,0.04,613.834,1776200386000
1776200388.432,288.432,0.01,296.79,,,0.05,10.1,0.07,15.98,0.95,10.1,0.93,15.98,0.99,296.79,,,0.04,0.04,613.835,1776200387000
1776200389.176,289.176,0.01,296.79,,,0.05,10.1,0.07,15.98,0.95,10.1,0.93,15.98,0.99,296.79,,,0.04,0.04,613.835,1776200388000
1776200390.668,290.668,0.01,296.79,,,0.05,10.1,0.07,15.98,0.95,10.1,0.93,15.98,0.99,296.79,,,0.04,0.04,613.843,1776200389000
1776200391.956,291.956,0.01,296.79,,,0.05,10.1,0.07,15.98,0.95,10.1,0.93,15.98,0.99,296.79,,,0.04,0.04,613.844408,1776200390000
1776200392.473,292.473,0.01,296.79,,,0.05,10.1,0.07,15.98,0.95,10.1,0.93,15.98,0.99,296.79,,,0.04,0.04,613.881713,1776200391000
1776200393.112,293.112,0.01,296.79,,,0.05,10.1,0.07,15.98,0.95,10.1,0.93,15.98,0.99,296.79,,,0.04,0.04,613.881713,1776200392000
1776200394.225,294.225,0.01,296.79,,,0.05,10.1,0.07,15.98,0.95,10.1,0.93,15.98,0.99,296.79,,,0.04,0.04,613.888112,1776200393000
1776200395.267,295.267,0.01,183.79,,,0.05,10.1,0.07,15.98,0.95,10.1,0.93,15.98,0.99,291.79,,,0.04,0.04,613.888112,1776200393000
1776200395.555,295.555,0.01,180.79,,,0.05,10.1,0.07,15.98,0.95,10.1,0.93,15.98,0.99,183.79,,,0.04,0.04,613.887019,1776200394000
1776200396.016,296.016,0.01,180.79,,,0.05,10.1,0.07,15.98,0.95,10.1,0.93,15.98,0.99,180.79,,,0.04,0.04,613.886253,1776200395000
1776200396.245,296.245,0.01,143.34,,,0.05,10.1,0.07,15.98,0.95,10.1,0.93,15.98,0.99,180.79,,,0.04,0.04,613.886253,1776200395000
1776200397.032,297.032,0.01,143.34,,,0.05,10.1,0.07,15.98,0.95,10.1,0.93,15.98,0.99,143.34,,,0.04,0.04,613.886425,1776200396000
1776200397.281,297.281,0.01,94.34,,,0.05,10.1,0.07,15.98,0.95,10.1,0.93,15.98,0.99,143.34,,,0.04,0.04,613.886425,1776200396000
1776200397.487,297.487,0.01,29.37,,,0.05,10.1,0.07,15.98,0.95,10.1,0.93,15.98,0.99,39.68,,,0.04,0.04,613.886425,1776200396000
1776200398.134,298.134,,,,,0.05,10.1,0.07,15.98,0.95,10.1,0.93,15.98,,,,,,,613.917,1776200397000
1776200399.312,299.312,,,,,0.05,10.1,0.07,15.98,0.95,10.1,0.93,15.98,,,,,,,613.938,1776200398000
1776200400.359,300.359,,,,,0.05,10.1,0.07,15.98,0.95,10.1,0.93,15.98,,,,,,,613.94,1776200399000
1776200400.914,300.914,,,,,0.05,10.1,0.07,15.98,0.95,10.1,0.93,15.98,,,,,,,613.94,1776200400000
1776200402.14,302.14,,,,,0.05,10.1,0.07,15.98,0.95,10.1,0.93,15.98,,,,,,,613.934,1776200401000

# RESULT,winner=Down,slug=bnb-updown-5m-1776200100,ticks=338
