timestamp,elapsed_sec,up_bid_p1,up_bid_s1,up_bid_p2,up_bid_s2,up_ask_p1,up_ask_s1,up_ask_p2,up_ask_s2,down_bid_p1,down_bid_s1,down_bid_p2,down_bid_s2,down_ask_p1,down_ask_s1,down_ask_p2,down_ask_s2,up_spread,down_spread,bnb_price,bnb_oracle_ts
1776189911.473,11.473,0.51,10.0,0.49,15.0,0.59,5.0,0.67,10.0,0.41,5.0,0.33,10.0,0.49,10.0,0.51,15.0,0.08,0.08,618.495,1776189909000
1776189912.037,12.037,0.51,10.0,0.49,15.0,0.59,5.0,0.67,10.0,0.41,5.0,0.33,10.0,0.49,10.0,0.51,15.0,0.08,0.08,618.505,1776189910000
1776189912.252,12.252,0.51,10.0,0.49,15.0,0.59,5.0,0.67,10.0,0.41,5.0,0.33,10.0,0.49,10.0,0.51,15.0,0.08,0.08,618.502,1776189911000
1776189913.477,13.477,0.51,10.0,0.49,15.0,0.59,5.0,0.67,10.0,0.41,5.0,0.33,10.0,0.49,10.0,0.51,15.0,0.08,0.08,618.502,1776189912000
1776189914.137,14.137,0.51,10.0,0.49,15.0,0.59,5.0,0.67,10.0,0.41,5.0,0.33,10.0,0.49,10.0,0.51,15.0,0.08,0.08,618.499,1776189913000
1776189915.599,15.599,0.51,10.0,0.49,15.0,0.59,5.0,0.67,10.0,0.41,5.0,0.33,10.0,0.49,10.0,0.51,15.0,0.08,0.08,618.502,1776189914000
1776189916.233,16.233,0.51,10.0,0.49,15.0,0.59,5.0,0.67,10.0,0.41,5.0,0.33,10.0,0.49,10.0,0.51,15.0,0.08,0.08,618.492,1776189915000
1776189917.753,17.753,0.51,10.0,0.49,15.0,0.59,5.0,0.67,10.0,0.41,5.0,0.33,10.0,0.49,10.0,0.51,15.0,0.08,0.08,618.49,1776189916000
1776189918.35,18.35,0.51,10.0,0.49,15.0,0.59,5.0,0.67,10.0,0.41,5.0,0.33,10.0,0.49,10.0,0.51,15.0,0.08,0.08,618.494,1776189917000
1776189919.046,19.046,0.51,10.0,0.49,15.0,0.59,5.0,0.67,10.0,0.41,5.0,0.33,10.0,0.49,10.0,0.51,15.0,0.08,0.08,618.494,1776189918000
1776189920.245,20.245,0.51,10.0,0.49,15.0,0.59,5.0,0.67,10.0,0.41,5.0,0.33,10.0,0.49,10.0,0.51,15.0,0.08,0.08,618.513,1776189919000
1776189921.405,21.405,0.51,10.0,0.49,15.0,0.59,5.0,0.67,10.0,0.41,5.0,0.33,10.0,0.49,10.0,0.51,15.0,0.08,0.08,618.512,1776189920000
1776189922.714,22.714,0.51,10.0,0.49,15.0,0.59,5.0,0.67,10.0,0.41,5.0,0.33,10.0,0.49,10.0,0.51,15.0,0.08,0.08,618.51,1776189921000
1776189923.486,23.486,0.51,10.0,0.49,15.0,0.59,5.0,0.67,10.0,0.41,5.0,0.33,10.0,0.49,10.0,0.51,15.0,0.08,0.08,618.513,1776189922000
1776189924.291,24.291,0.51,10.0,0.49,15.0,0.59,5.0,0.67,10.0,0.41,5.0,0.33,10.0,0.49,10.0,0.51,15.0,0.08,0.08,618.513,1776189923000
1776189925.852,25.852,0.51,10.0,0.49,15.0,0.59,5.0,0.67,10.0,0.41,5.0,0.33,10.0,0.49,10.0,0.51,15.0,0.08,0.08,618.508,1776189924000
1776189926.482,26.482,0.51,10.0,0.49,15.0,0.59,5.0,0.67,10.0,0.41,5.0,0.33,10.0,0.49,10.0,0.51,15.0,0.08,0.08,618.513224,1776189925000
1776189927.258,27.258,0.51,10.0,0.49,15.0,0.59,5.0,0.67,10.0,0.41,5.0,0.33,10.0,0.49,10.0,0.51,15.0,0.08,0.08,618.526,1776189926000
1776189928.688,28.688,0.51,10.0,0.49,15.0,0.59,5.0,0.67,10.0,0.41,5.0,0.33,10.0,0.49,10.0,0.51,15.0,0.08,0.08,618.551,1776189927000
1776189929.301,29.301,0.51,10.0,0.49,15.0,0.59,5.0,0.67,10.0,0.41,5.0,0.33,10.0,0.49,10.0,0.51,15.0,0.08,0.08,618.543,1776189928000
1776189930.852,30.852,0.51,10.0,0.49,15.0,0.59,5.0,0.67,10.0,0.41,5.0,0.33,10.0,0.49,10.0,0.51,15.0,0.08,0.08,618.543,1776189929000
1776189931.534,31.534,0.51,10.0,0.49,15.0,0.59,5.0,0.67,10.0,0.41,5.0,0.33,10.0,0.49,10.0,0.51,15.0,0.08,0.08,618.485848,1776189930000
1776189932.222,32.222,0.51,10.0,0.49,15.0,0.59,5.0,0.67,10.0,0.41,5.0,0.33,10.0,0.49,10.0,0.51,15.0,0.08,0.08,618.485666,1776189931000
1776189933.509,33.509,0.51,10.0,0.49,15.0,0.59,5.0,0.67,10.0,0.41,5.0,0.33,10.0,0.49,10.0,0.51,15.0,0.08,0.08,618.478285,1776189932000
1776189934.176,34.176,0.51,10.0,0.49,15.0,0.59,5.0,0.67,10.0,0.41,5.0,0.33,10.0,0.49,10.0,0.51,15.0,0.08,0.08,618.47875,1776189933000
1776189934.629,34.629,0.47,10.0,0.46,6.52,0.52,5.0,0.58,10.0,0.41,5.0,0.33,10.0,0.49,10.0,0.51,15.0,0.05,0.08,618.47875,1776189933000
1776189935.604,35.604,0.47,10.0,0.46,6.52,0.52,5.0,0.58,10.0,0.48,5.0,0.42,10.0,0.53,10.0,0.54,6.52,0.05,0.05,618.478155,1776189934000
1776189936.372,36.372,0.47,10.0,0.46,6.52,0.52,5.0,0.58,10.0,0.48,5.0,0.42,10.0,0.53,10.0,0.54,6.52,0.05,0.05,618.476624,1776189935000
1776189937.209,37.209,0.47,10.0,0.46,6.52,0.52,5.0,0.58,10.0,0.48,5.0,0.42,10.0,0.53,10.0,0.54,6.52,0.05,0.05,618.412,1776189936000
1776189938.468,38.468,0.48,0.16,0.46,6.52,0.5,5.0,0.52,5.0,0.48,5.0,0.42,10.0,0.53,10.0,0.54,6.52,0.02,0.05,618.412,1776189936000
1776189939.266,39.266,0.48,0.16,0.46,6.52,0.5,5.0,0.52,5.0,0.5,5.0,0.48,5.0,0.52,0.16,0.54,6.52,0.02,0.02,618.387,1776189938000
1776189940.796,40.796,0.48,0.16,0.46,6.52,0.5,5.0,0.52,5.0,0.5,5.0,0.48,5.0,0.52,0.16,0.54,6.52,0.02,0.02,618.37,1776189939000
1776189941.427,41.427,0.48,0.16,0.46,6.52,0.5,5.0,0.52,5.0,0.5,5.0,0.48,5.0,0.52,0.16,0.54,6.52,0.02,0.02,618.37,1776189940000
1776189942.478,42.478,0.48,0.16,0.46,6.52,0.5,5.0,0.52,5.0,0.5,5.0,0.48,5.0,0.52,0.16,0.54,6.52,0.02,0.02,618.338225,1776189941000
1776189942.969,42.969,0.48,0.16,0.46,6.52,0.5,5.0,0.52,5.0,0.5,5.0,0.48,5.0,0.52,0.16,0.54,6.52,0.02,0.02,618.34887,1776189942000
1776189944.003,44.003,0.48,0.16,0.46,6.52,0.5,5.0,0.52,5.0,0.5,5.0,0.48,5.0,0.52,0.16,0.54,6.52,0.02,0.02,618.32,1776189943000
1776189945.071,45.071,0.48,0.16,0.46,6.52,0.5,5.0,0.52,5.0,0.5,5.0,0.48,5.0,0.52,0.16,0.54,6.52,0.02,0.02,618.315,1776189944000
1776189946.139,46.139,0.48,0.16,0.46,6.52,0.5,5.0,0.52,5.0,0.5,5.0,0.48,5.0,0.52,0.16,0.54,6.52,0.02,0.02,618.319,1776189945000
1776189947.199,47.199,0.48,0.16,0.46,6.52,0.5,5.0,0.52,5.0,0.5,5.0,0.48,5.0,0.52,0.16,0.54,6.52,0.02,0.02,618.312,1776189946000
1776189948.312,48.312,0.48,0.16,0.46,6.52,0.5,5.0,0.52,5.0,0.5,5.0,0.48,5.0,0.52,0.16,0.54,6.52,0.02,0.02,618.312,1776189947000
1776189948.764,48.764,0.46,6.52,0.41,12.0,0.49,5.0,0.5,5.05,0.5,5.0,0.48,5.0,0.52,0.16,0.54,6.52,0.03,0.02,618.312,1776189947000
1776189949.266,49.266,0.46,1.52,0.41,12.0,0.49,5.0,0.5,5.05,0.51,5.0,0.5,5.05,0.54,1.52,0.59,12.0,0.03,0.03,618.324,1776189948000
1776189950.388,50.388,0.46,1.52,0.41,12.0,0.49,5.0,0.5,5.05,0.51,5.0,0.5,5.05,0.54,1.52,0.59,12.0,0.03,0.03,618.333,1776189949000
1776189950.937,50.937,0.46,1.52,0.41,12.0,0.49,5.0,0.5,5.05,0.51,5.0,0.5,5.05,0.54,1.52,0.59,12.0,0.03,0.03,618.333,1776189950000
1776189952.093,52.093,0.46,1.52,0.41,12.0,0.49,5.0,0.5,5.05,0.51,5.0,0.5,5.05,0.54,1.52,0.59,12.0,0.03,0.03,618.307,1776189951000
1776189953.241,53.241,0.46,1.52,0.41,12.0,0.49,5.0,0.5,5.05,0.51,5.0,0.5,5.05,0.54,1.52,0.59,12.0,0.03,0.03,618.314,1776189952000
1776189954.883,54.883,0.46,1.52,0.41,12.0,0.49,5.0,0.5,5.05,0.51,5.0,0.5,5.05,0.54,1.52,0.59,12.0,0.03,0.03,618.293,1776189953000
1776189955.368,55.368,0.46,1.52,0.41,12.0,0.49,5.0,0.5,5.05,0.51,5.0,0.5,5.05,0.54,1.52,0.59,12.0,0.03,0.03,618.296,1776189954000
1776189956.032,56.032,0.46,1.52,0.41,12.0,0.49,5.0,0.5,5.05,0.51,5.0,0.5,5.05,0.54,1.52,0.59,12.0,0.03,0.03,618.296,1776189955000
1776189957.07,57.07,0.46,1.52,0.41,12.0,0.49,5.0,0.5,5.05,0.51,5.0,0.5,5.05,0.54,1.52,0.59,12.0,0.03,0.03,618.292,1776189956000
1776189958.203,58.203,0.46,1.52,0.41,12.0,0.49,5.0,0.5,5.05,0.51,5.0,0.5,5.05,0.54,1.52,0.59,12.0,0.03,0.03,618.295,1776189957000
1776189959.309,59.309,0.46,1.52,0.41,12.0,0.49,5.0,0.5,5.05,0.51,5.0,0.5,5.05,0.54,1.52,0.59,12.0,0.03,0.03,618.307,1776189958000
1776189960.339,60.339,0.46,1.52,0.41,12.0,0.49,5.0,0.5,5.05,0.51,5.0,0.5,5.05,0.54,1.52,0.59,12.0,0.03,0.03,618.303,1776189959000
1776189960.881,60.881,0.46,1.52,0.41,12.0,0.49,5.0,0.5,5.05,0.51,5.0,0.5,5.05,0.54,1.52,0.59,12.0,0.03,0.03,618.303,1776189960000
1776189961.96,61.96,0.46,1.52,0.41,12.0,0.49,5.0,0.5,5.05,0.51,5.0,0.5,5.05,0.54,1.52,0.59,12.0,0.03,0.03,618.303,1776189961000
1776189962.514,62.514,0.46,1.52,0.38,13.0,0.55,10.0,0.56,5.0,0.51,5.0,0.5,5.05,0.54,1.52,0.59,12.0,0.09,0.03,618.303,1776189961000
1776189962.955,62.955,0.46,1.52,0.38,13.0,0.55,10.0,0.56,5.0,0.45,10.0,0.44,5.0,0.54,1.52,0.62,13.0,0.09,0.09,618.329,1776189962000
1776189964.034,64.034,0.46,1.52,0.38,13.0,0.55,10.0,0.56,5.0,0.45,10.0,0.44,5.0,0.54,1.52,0.62,13.0,0.09,0.09,618.329,1776189963000
1776189965.016,65.016,0.46,1.52,0.38,13.0,0.55,10.0,0.56,5.0,0.45,10.0,0.44,5.0,0.54,1.52,0.62,13.0,0.09,0.09,618.329,1776189964000
1776189965.965,65.965,0.46,1.52,0.38,13.0,0.55,10.0,0.56,5.0,0.45,10.0,0.44,5.0,0.54,1.52,0.62,13.0,0.09,0.09,618.33765,1776189965000
1776189966.994,66.994,0.46,1.52,0.38,13.0,0.55,10.0,0.56,5.0,0.45,10.0,0.44,5.0,0.54,1.52,0.62,13.0,0.09,0.09,618.329,1776189966000
1776189968.634,68.634,0.46,1.52,0.38,13.0,0.55,10.0,0.56,5.0,0.45,10.0,0.44,5.0,0.54,1.52,0.62,13.0,0.09,0.09,618.32,1776189967000
1776189969.318,69.318,0.46,1.52,0.38,13.0,0.55,10.0,0.56,5.0,0.45,10.0,0.44,5.0,0.54,1.52,0.62,13.0,0.09,0.09,618.32,1776189968000
1776189971.025,71.025,0.46,1.52,0.38,13.0,0.55,10.0,0.56,5.0,0.45,10.0,0.44,5.0,0.54,1.52,0.62,13.0,0.09,0.09,618.311,1776189970000
1776189972.537,72.537,0.46,1.52,0.38,13.0,0.55,10.0,0.56,5.0,0.45,10.0,0.44,5.0,0.54,1.52,0.62,13.0,0.09,0.09,618.32,1776189971000
1776189972.771,72.771,0.46,1.52,0.39,12.0,0.54,5.0,0.55,10.0,0.45,10.0,0.44,5.0,0.54,1.52,0.62,13.0,0.08,0.09,618.32,1776189971000
1776189973.135,73.135,0.46,1.52,0.39,12.0,0.54,5.0,0.55,10.0,0.46,5.0,0.45,10.0,0.54,1.52,0.61,12.0,0.08,0.08,618.32,1776189972000
1776189974.315,74.315,0.46,1.52,0.39,12.0,0.54,5.0,0.55,10.0,0.46,5.0,0.45,10.0,0.54,1.52,0.61,12.0,0.08,0.08,618.32,1776189973000
1776189975.431,75.431,0.46,1.52,0.39,12.0,0.54,5.0,0.55,10.0,0.46,5.0,0.45,10.0,0.54,1.52,0.61,12.0,0.08,0.08,618.354,1776189974000
1776189976.01,76.01,0.46,1.52,0.39,12.0,0.54,5.0,0.55,10.0,0.46,5.0,0.45,10.0,0.54,1.52,0.61,12.0,0.08,0.08,618.354,1776189975000
1776189977.057,77.057,0.46,1.52,0.39,12.0,0.54,5.0,0.55,10.0,0.46,5.0,0.45,10.0,0.54,1.52,0.61,12.0,0.08,0.08,618.347,1776189976000
1776189978.237,78.237,0.46,1.52,0.39,12.0,0.54,5.0,0.55,10.0,0.46,5.0,0.45,10.0,0.54,1.52,0.61,12.0,0.08,0.08,618.342,1776189977000
1776189979.299,79.299,0.46,1.52,0.39,12.0,0.54,5.0,0.55,10.0,0.46,5.0,0.45,10.0,0.54,1.52,0.61,12.0,0.08,0.08,618.345,1776189978000
1776189980.384,80.384,0.46,1.52,0.39,12.0,0.54,5.0,0.55,10.0,0.46,5.0,0.45,10.0,0.54,1.52,0.61,12.0,0.08,0.08,618.305508,1776189979000
1776189980.845,80.845,0.46,1.52,0.39,12.0,0.54,5.0,0.55,10.0,0.46,5.0,0.45,10.0,0.54,1.52,0.61,12.0,0.08,0.08,618.285,1776189980000
1776189981.981,81.981,0.46,1.52,0.39,12.0,0.54,5.0,0.55,10.0,0.46,5.0,0.45,10.0,0.54,1.52,0.61,12.0,0.08,0.08,618.285,1776189981000
1776189983.049,83.049,0.46,1.52,0.39,12.0,0.54,5.0,0.55,10.0,0.46,5.0,0.45,10.0,0.54,1.52,0.61,12.0,0.08,0.08,618.347,1776189982000
1776189983.953,83.953,0.46,1.52,0.39,12.0,0.54,5.0,0.55,10.0,0.46,5.0,0.45,10.0,0.54,1.52,0.61,12.0,0.08,0.08,618.344,1776189983000
1776189984.983,84.983,0.46,1.52,0.39,12.0,0.54,5.0,0.55,10.0,0.46,5.0,0.45,10.0,0.54,1.52,0.61,12.0,0.08,0.08,618.348,1776189984000
1776189986.004,86.004,0.46,1.52,0.39,12.0,0.54,5.0,0.55,10.0,0.46,5.0,0.45,10.0,0.54,1.52,0.61,12.0,0.08,0.08,618.339,1776189985000
1776189987.015,87.015,0.46,1.52,0.39,12.0,0.54,5.0,0.55,10.0,0.46,5.0,0.45,10.0,0.54,1.52,0.61,12.0,0.08,0.08,618.332,1776189986000
1776189988.182,88.182,0.46,1.52,0.39,12.0,0.54,5.0,0.55,10.0,0.46,5.0,0.45,10.0,0.54,1.52,0.61,12.0,0.08,0.08,618.334,1776189987000
1776189989.225,89.225,0.46,1.52,0.39,12.0,0.54,5.0,0.55,10.0,0.46,5.0,0.45,10.0,0.54,1.52,0.61,12.0,0.08,0.08,618.336,1776189988000
1776189990.205,90.205,0.46,1.52,0.39,12.0,0.54,5.0,0.55,10.0,0.46,5.0,0.45,10.0,0.54,1.52,0.61,12.0,0.08,0.08,618.314,1776189989000
1776189991.23,91.23,0.46,1.52,0.39,12.0,0.54,5.0,0.55,10.0,0.46,5.0,0.45,10.0,0.54,1.52,0.61,12.0,0.08,0.08,618.311,1776189990000
1776189992.309,92.309,0.46,1.52,0.39,12.0,0.54,5.0,0.55,10.0,0.46,5.0,0.45,10.0,0.54,1.52,0.61,12.0,0.08,0.08,618.351,1776189991000
1776189993.323,93.323,0.46,1.52,0.39,12.0,0.54,5.0,0.55,10.0,0.46,5.0,0.45,10.0,0.54,1.52,0.61,12.0,0.08,0.08,618.322,1776189992000
1776189994.323,94.323,0.46,1.52,0.39,12.0,0.54,5.0,0.55,10.0,0.46,5.0,0.45,10.0,0.54,1.52,0.61,12.0,0.08,0.08,618.335,1776189993000
1776189995.334,95.334,0.46,1.52,0.39,12.0,0.54,5.0,0.55,10.0,0.46,5.0,0.45,10.0,0.54,1.52,0.61,12.0,0.08,0.08,618.339,1776189994000
1776189995.89,95.89,0.46,1.52,0.39,12.0,0.54,5.0,0.55,10.0,0.46,5.0,0.45,10.0,0.54,1.52,0.61,12.0,0.08,0.08,618.339,1776189995000
1776189997.442,97.442,0.46,1.52,0.39,12.0,0.54,5.0,0.55,10.0,0.46,5.0,0.45,10.0,0.54,1.52,0.61,12.0,0.08,0.08,618.35,1776189996000
1776189997.971,97.971,0.46,1.52,0.39,12.0,0.54,5.0,0.55,10.0,0.46,5.0,0.45,10.0,0.54,1.52,0.61,12.0,0.08,0.08,618.349,1776189997000
1776189998.907,98.907,0.46,1.52,0.39,12.0,0.54,5.0,0.55,10.0,0.46,5.0,0.45,10.0,0.54,1.52,0.61,12.0,0.08,0.08,618.349,1776189998000
1776189999.771,99.771,0.46,1.52,0.41,10.7,0.55,18.14,0.56,5.0,0.46,5.0,0.45,10.0,0.54,1.52,0.61,12.0,0.09,0.08,618.349,1776189998000
1776190000.859,100.859,0.46,1.52,0.41,10.7,0.55,18.14,0.56,5.0,0.45,18.14,0.44,5.0,0.54,1.52,0.59,10.7,0.09,0.09,618.343,1776190000000
1776190001.882,101.882,0.46,1.52,0.41,10.7,0.55,18.14,0.56,5.0,0.45,18.14,0.44,5.0,0.54,1.52,0.59,10.7,0.09,0.09,618.339,1776190001000
1776190003.38,103.38,0.46,1.52,0.41,10.7,0.55,18.14,0.56,5.0,0.45,18.14,0.44,5.0,0.54,1.52,0.59,10.7,0.09,0.09,618.337,1776190002000
1776190003.852,103.852,0.46,1.52,0.41,10.7,0.55,18.14,0.56,5.0,0.45,18.14,0.44,5.0,0.54,1.52,0.59,10.7,0.09,0.09,618.337,1776190003000
1776190004.28,104.28,0.41,10.7,0.4,22.8,0.54,5.0,0.55,15.0,0.45,18.14,0.44,5.0,0.54,1.52,0.59,10.7,0.13,0.09,618.337,1776190003000
1776190004.768,104.768,0.41,10.7,0.4,22.8,0.54,5.0,0.55,15.0,0.46,5.0,0.45,15.0,0.59,10.7,0.6,22.8,0.13,0.13,618.324,1776190004000
1776190006.291,106.291,0.41,10.7,0.4,22.8,0.54,5.0,0.55,15.0,0.46,5.0,0.45,15.0,0.59,10.7,0.6,22.8,0.13,0.13,618.32,1776190005000
1776190007.264,107.264,0.41,10.7,0.4,22.8,0.54,5.0,0.55,15.0,0.46,5.0,0.45,15.0,0.59,10.7,0.6,22.8,0.13,0.13,618.317,1776190006000
1776190008.33,108.33,0.41,10.7,0.4,22.8,0.54,5.0,0.55,15.0,0.46,5.0,0.45,15.0,0.59,10.7,0.6,22.8,0.13,0.13,618.331,1776190007000
1776190009.261,109.261,0.41,10.7,0.4,22.8,0.54,5.0,0.55,15.0,0.46,5.0,0.45,15.0,0.59,10.7,0.6,22.8,0.13,0.13,618.328,1776190008000
1776190010.14,110.14,0.41,10.7,0.4,22.8,0.54,5.0,0.55,15.0,0.46,5.0,0.45,15.0,0.59,10.7,0.6,22.8,0.13,0.13,618.326,1776190009000
1776190011.344,111.344,0.41,10.7,0.4,22.8,0.54,5.0,0.55,15.0,0.46,5.0,0.45,15.0,0.59,10.7,0.6,22.8,0.13,0.13,618.322,1776190010000
1776190012.457,112.457,0.41,10.7,0.4,22.8,0.54,5.0,0.55,15.0,0.46,5.0,0.45,15.0,0.59,10.7,0.6,22.8,0.13,0.13,618.326,1776190011000
1776190013.036,113.036,0.41,10.7,0.4,22.8,0.54,5.0,0.55,15.0,0.46,5.0,0.45,15.0,0.59,10.7,0.6,22.8,0.13,0.13,618.326,1776190012000
1776190014.19,114.19,0.41,10.7,0.4,22.8,0.54,5.0,0.55,15.0,0.46,5.0,0.45,15.0,0.59,10.7,0.6,22.8,0.13,0.13,618.326,1776190013000
1776190015.322,115.322,0.41,10.7,0.4,22.8,0.54,5.0,0.55,15.0,0.46,5.0,0.45,15.0,0.59,10.7,0.6,22.8,0.13,0.13,618.318,1776190014000
1776190016.462,116.462,0.41,10.7,0.4,22.8,0.54,5.0,0.55,15.0,0.46,5.0,0.45,15.0,0.59,10.7,0.6,22.8,0.13,0.13,618.315,1776190015000
1776190017.024,117.024,0.41,10.7,0.4,22.8,0.54,5.0,0.55,15.0,0.46,5.0,0.45,15.0,0.59,10.7,0.6,22.8,0.13,0.13,618.315,1776190016000
1776190018.293,118.293,0.41,10.7,0.4,22.8,0.54,5.0,0.55,15.0,0.46,5.0,0.45,15.0,0.59,10.7,0.6,22.8,0.13,0.13,618.292,1776190017000
1776190019.316,119.316,0.41,10.7,0.4,22.8,0.54,5.0,0.55,15.0,0.46,5.0,0.45,15.0,0.59,10.7,0.6,22.8,0.13,0.13,618.292,1776190018000
1776190020.443,120.443,0.41,10.7,0.4,22.8,0.54,5.0,0.55,15.0,0.46,5.0,0.45,15.0,0.59,10.7,0.6,22.8,0.13,0.13,618.311263,1776190019000
1776190021.025,121.025,0.41,10.7,0.4,22.8,0.54,5.0,0.55,15.0,0.46,5.0,0.45,15.0,0.59,10.7,0.6,22.8,0.13,0.13,618.317,1776190020000
1776190022.26,122.26,0.41,10.7,0.4,22.8,0.54,5.0,0.55,15.0,0.46,5.0,0.45,15.0,0.59,10.7,0.6,22.8,0.13,0.13,618.324,1776190021000
1776190023.336,123.336,0.37,12.32,0.36,11.3,0.51,10.0,0.52,8.0,0.49,10.0,0.48,8.0,0.63,12.32,0.64,11.3,0.14,0.14,618.32,1776190022000
1776190023.991,123.991,0.37,12.32,0.36,11.3,0.51,10.0,0.52,8.0,0.49,10.0,0.48,8.0,0.63,12.32,0.64,11.3,0.14,0.14,618.32,1776190023000
1776190025.495,125.495,0.37,12.32,0.36,11.3,0.51,10.0,0.52,8.0,0.49,10.0,0.48,8.0,0.63,12.32,0.64,11.3,0.14,0.14,618.308,1776190024000
1776190026.609,126.609,0.37,12.32,0.36,11.3,0.51,10.0,0.52,8.0,0.49,10.0,0.48,8.0,0.63,12.32,0.64,11.3,0.14,0.14,618.316252,1776190025000
1776190027.501,127.501,0.37,12.32,0.36,11.3,0.51,10.0,0.52,8.0,0.49,10.0,0.48,8.0,0.63,12.32,0.64,11.3,0.14,0.14,618.326321,1776190026000
1776190028.561,128.561,0.37,12.32,0.36,11.3,0.51,10.0,0.52,8.0,0.49,10.0,0.48,8.0,0.63,12.32,0.64,11.3,0.14,0.14,618.326321,1776190027000
1776190029.597,129.597,0.37,12.32,0.36,11.3,0.51,10.0,0.52,8.0,0.49,10.0,0.48,8.0,0.63,12.32,0.64,11.3,0.14,0.14,618.304361,1776190028000
1776190030.657,130.657,0.37,12.32,0.36,11.3,0.51,10.0,0.52,8.0,0.49,10.0,0.48,8.0,0.63,12.32,0.64,11.3,0.14,0.14,618.29115,1776190029000
1776190031.511,131.511,0.37,12.32,0.36,11.3,0.51,10.0,0.52,8.0,0.49,10.0,0.48,8.0,0.63,12.32,0.64,11.3,0.14,0.14,618.291106,1776190030000
1776190032.526,132.526,0.37,12.32,0.36,11.3,0.51,10.0,0.52,8.0,0.49,10.0,0.48,8.0,0.63,12.32,0.64,11.3,0.14,0.14,618.292703,1776190031000
1776190033.542,133.542,0.37,12.32,0.36,11.3,0.51,10.0,0.52,8.0,0.49,10.0,0.48,8.0,0.63,12.32,0.64,11.3,0.14,0.14,618.29262,1776190032000
1776190034.445,134.445,0.37,12.32,0.36,11.3,0.51,10.0,0.52,8.0,0.49,10.0,0.48,8.0,0.63,12.32,0.64,11.3,0.14,0.14,618.292732,1776190033000
1776190035.898,135.898,0.37,12.32,0.36,11.3,0.51,10.0,0.52,8.0,0.49,10.0,0.48,8.0,0.63,12.32,0.64,11.3,0.14,0.14,618.292732,1776190034000
1776190036.781,136.781,0.37,12.32,0.36,11.3,0.51,10.0,0.52,8.0,0.49,10.0,0.48,8.0,0.63,12.32,0.64,11.3,0.14,0.14,618.289937,1776190035000
1776190037.833,137.833,0.37,12.32,0.36,11.3,0.51,10.0,0.52,8.0,0.49,10.0,0.48,8.0,0.63,12.32,0.64,11.3,0.14,0.14,618.289937,1776190036000
1776190038.802,138.802,0.37,12.32,0.36,11.3,0.51,10.0,0.52,8.0,0.49,10.0,0.48,8.0,0.63,12.32,0.64,11.3,0.14,0.14,618.289925,1776190037000
1776190040.029,140.029,0.37,12.32,0.36,11.3,0.51,10.0,0.52,8.0,0.49,10.0,0.48,8.0,0.63,12.32,0.64,11.3,0.14,0.14,618.289925,1776190038000
1776190041.087,141.087,0.37,12.32,0.36,11.3,0.51,10.0,0.52,8.0,0.49,10.0,0.48,8.0,0.63,12.32,0.64,11.3,0.14,0.14,618.292358,1776190039000
1776190042.052,142.052,0.37,12.32,0.36,11.3,0.51,10.0,0.52,8.0,0.49,10.0,0.48,8.0,0.63,12.32,0.64,11.3,0.14,0.14,618.290692,1776190040000
1776190043.102,143.102,0.37,12.32,0.36,11.3,0.51,10.0,0.52,8.0,0.49,10.0,0.48,8.0,0.63,12.32,0.64,11.3,0.14,0.14,618.295,1776190041000
1776190044.067,144.067,0.37,12.32,0.36,11.3,0.51,10.0,0.52,8.0,0.49,10.0,0.48,8.0,0.63,12.32,0.64,11.3,0.14,0.14,618.293,1776190042000
1776190045.103,145.103,0.37,12.32,0.36,11.3,0.51,10.0,0.52,8.0,0.49,10.0,0.48,8.0,0.63,12.32,0.64,11.3,0.14,0.14,618.295,1776190043000
1776190046.575,146.575,0.37,12.32,0.36,11.3,0.51,10.0,0.52,8.0,0.49,10.0,0.48,8.0,0.63,12.32,0.64,11.3,0.14,0.14,618.292,1776190044000
1776190047.471,147.471,0.37,12.32,0.36,11.3,0.51,10.0,0.52,8.0,0.49,10.0,0.48,8.0,0.63,12.32,0.64,11.3,0.14,0.14,618.289,1776190046000
1776190048.32,148.32,0.37,12.32,0.36,11.3,0.51,10.0,0.52,8.0,0.49,10.0,0.48,8.0,0.63,12.32,0.64,11.3,0.14,0.14,618.31,1776190047000
1776190049.303,149.303,0.37,12.32,0.36,11.3,0.51,10.0,0.52,8.0,0.49,10.0,0.48,8.0,0.63,12.32,0.64,11.3,0.14,0.14,618.348,1776190048000
1776190051.747,151.747,0.37,12.32,0.36,11.3,0.51,10.0,0.52,8.0,0.49,10.0,0.48,8.0,0.63,12.32,0.64,11.3,0.14,0.14,618.351,1776190050000
1776190052.336,152.336,0.37,12.32,0.36,11.3,0.51,10.0,0.52,8.0,0.49,10.0,0.48,8.0,0.63,12.32,0.64,11.3,0.14,0.14,618.363417,1776190051000
1776190053.405,153.405,0.37,12.32,0.36,11.3,0.51,10.0,0.52,8.0,0.49,10.0,0.48,8.0,0.63,12.32,0.64,11.3,0.14,0.14,618.366,1776190052000
1776190054.056,154.056,0.37,12.32,0.36,11.3,0.51,10.0,0.52,8.0,0.49,10.0,0.48,8.0,0.63,12.32,0.64,11.3,0.14,0.14,618.366,1776190053000
1776190055.14,155.14,0.37,12.32,0.36,11.3,0.51,10.0,0.52,8.0,0.49,10.0,0.48,8.0,0.63,12.32,0.64,11.3,0.14,0.14,618.373,1776190054000
1776190056.28,156.28,0.37,12.32,0.36,11.3,0.51,10.0,0.52,8.0,0.49,10.0,0.48,8.0,0.63,12.32,0.64,11.3,0.14,0.14,618.355,1776190055000
1776190056.974,156.974,0.37,12.32,0.36,11.3,0.51,10.0,0.52,8.0,0.49,10.0,0.48,8.0,0.63,12.32,0.64,11.3,0.14,0.14,618.366444,1776190056000
1776190058.223,158.223,0.37,12.32,0.36,11.3,0.51,10.0,0.52,8.0,0.49,10.0,0.48,8.0,0.63,12.32,0.64,11.3,0.14,0.14,618.366899,1776190057000
1776190059.418,159.418,0.37,12.32,0.36,11.3,0.51,10.0,0.52,8.0,0.49,10.0,0.48,8.0,0.63,12.32,0.64,11.3,0.14,0.14,618.397,1776190058000
1776190060.426,160.426,0.37,12.32,0.36,11.3,0.51,10.0,0.52,8.0,0.49,10.0,0.48,8.0,0.63,12.32,0.64,11.3,0.14,0.14,618.420425,1776190059000
1776190060.965,160.965,0.37,12.32,0.36,11.3,0.51,10.0,0.52,8.0,0.49,10.0,0.48,8.0,0.63,12.32,0.64,11.3,0.14,0.14,618.426771,1776190060000
1776190062.14,162.14,0.37,12.32,0.36,11.3,0.51,10.0,0.52,8.0,0.49,10.0,0.48,8.0,0.63,12.32,0.64,11.3,0.14,0.14,618.434756,1776190061000
1776190063.3,163.3,0.37,12.32,0.36,11.3,0.51,10.0,0.52,8.0,0.49,10.0,0.48,8.0,0.63,12.32,0.64,11.3,0.14,0.14,618.485,1776190062000
1776190064.394,164.394,0.37,12.32,0.36,11.3,0.51,10.0,0.52,8.0,0.49,10.0,0.48,8.0,0.63,12.32,0.64,11.3,0.14,0.14,618.496636,1776190063000
1776190064.994,164.994,0.37,12.32,0.36,11.3,0.51,10.0,0.52,8.0,0.49,10.0,0.48,8.0,0.63,12.32,0.64,11.3,0.14,0.14,618.49665,1776190064000
1776190067.802,167.802,0.37,12.32,0.36,11.3,0.51,10.0,0.52,8.0,0.49,10.0,0.48,8.0,0.63,12.32,0.64,11.3,0.14,0.14,618.495867,1776190066000
1776190068.3,168.3,0.37,12.32,0.36,11.3,0.51,10.0,0.52,8.0,0.49,10.0,0.48,8.0,0.63,12.32,0.64,11.3,0.14,0.14,618.489313,1776190067000
1776190069.297,169.297,0.37,12.32,0.36,11.3,0.51,10.0,0.52,8.0,0.49,10.0,0.48,8.0,0.63,12.32,0.64,11.3,0.14,0.14,618.480506,1776190068000
1776190070.384,170.384,0.37,12.32,0.36,11.3,0.51,10.0,0.52,8.0,0.49,10.0,0.48,8.0,0.63,12.32,0.64,11.3,0.14,0.14,618.443466,1776190069000
1776190070.872,170.872,0.37,12.32,0.36,11.3,0.51,10.0,0.52,8.0,0.49,10.0,0.48,8.0,0.63,12.32,0.64,11.3,0.14,0.14,618.44028,1776190070000
1776190071.905,171.905,0.37,12.32,0.36,11.3,0.51,10.0,0.52,8.0,0.49,10.0,0.48,8.0,0.63,12.32,0.64,11.3,0.14,0.14,618.379663,1776190071000
1776190072.915,172.915,0.37,12.32,0.36,11.3,0.51,10.0,0.52,8.0,0.49,10.0,0.48,8.0,0.63,12.32,0.64,11.3,0.14,0.14,618.379694,1776190072000
1776190074.02,174.02,0.37,12.32,0.36,11.3,0.51,10.0,0.52,8.0,0.49,10.0,0.48,8.0,0.63,12.32,0.64,11.3,0.14,0.14,618.388,1776190073000
1776190074.992,174.992,0.37,12.32,0.36,11.3,0.51,10.0,0.52,8.0,0.49,10.0,0.48,8.0,0.63,12.32,0.64,11.3,0.14,0.14,618.386,1776190074000
1776190076.019,176.019,0.37,12.32,0.36,11.3,0.51,10.0,0.52,8.0,0.49,10.0,0.48,8.0,0.63,12.32,0.64,11.3,0.14,0.14,618.371427,1776190075000
1776190077.016,177.016,0.37,12.32,0.36,11.3,0.51,10.0,0.52,8.0,0.49,10.0,0.48,8.0,0.63,12.32,0.64,11.3,0.14,0.14,618.371324,1776190076000
1776190078.036,178.036,0.37,12.32,0.36,11.3,0.51,10.0,0.52,8.0,0.49,10.0,0.48,8.0,0.63,12.32,0.64,11.3,0.14,0.14,618.362848,1776190077000
1776190079.04,179.04,0.37,12.32,0.36,11.3,0.51,10.0,0.52,8.0,0.49,10.0,0.48,8.0,0.63,12.32,0.64,11.3,0.14,0.14,618.363,1776190078000
1776190080.029,180.029,0.37,12.32,0.36,11.3,0.51,10.0,0.52,8.0,0.49,10.0,0.48,8.0,0.63,12.32,0.64,11.3,0.14,0.14,618.362974,1776190079000
1776190081.086,181.086,0.37,12.32,0.36,11.3,0.51,10.0,0.52,8.0,0.49,10.0,0.48,8.0,0.63,12.32,0.64,11.3,0.14,0.14,618.362894,1776190080000
1776190082.392,182.392,0.37,12.32,0.36,11.3,0.51,10.0,0.52,8.0,0.49,10.0,0.48,8.0,0.63,12.32,0.64,11.3,0.14,0.14,618.364467,1776190081000
1776190083.549,183.549,0.37,12.32,0.36,11.3,0.51,10.0,0.52,8.0,0.49,10.0,0.48,8.0,0.63,12.32,0.64,11.3,0.14,0.14,618.364429,1776190082000
1776190084.086,184.086,0.37,12.32,0.36,11.3,0.51,10.0,0.52,8.0,0.49,10.0,0.48,8.0,0.63,12.32,0.64,11.3,0.14,0.14,618.364158,1776190083000
1776190085.271,185.271,0.37,12.32,0.36,11.3,0.51,10.0,0.52,8.0,0.49,10.0,0.48,8.0,0.63,12.32,0.64,11.3,0.14,0.14,618.364718,1776190084000
1776190085.943,185.943,0.37,12.32,0.36,11.3,0.51,10.0,0.52,8.0,0.49,10.0,0.48,8.0,0.63,12.32,0.64,11.3,0.14,0.14,618.364718,1776190085000
1776190087.166,187.166,0.37,12.32,0.36,11.3,0.51,10.0,0.52,8.0,0.49,10.0,0.48,8.0,0.63,12.32,0.64,11.3,0.14,0.14,618.365214,1776190086000
1776190088.301,188.301,0.37,12.32,0.36,11.3,0.51,10.0,0.52,8.0,0.49,10.0,0.48,8.0,0.63,12.32,0.64,11.3,0.14,0.14,618.36518,1776190087000
1776190089.525,189.525,0.37,12.32,0.36,11.3,0.51,10.0,0.52,8.0,0.49,10.0,0.48,8.0,0.63,12.32,0.64,11.3,0.14,0.14,618.365128,1776190088000
1776190090.106,190.106,0.27,8.0,0.26,13.5,0.42,15.0,0.43,7.0,0.58,15.0,0.57,7.0,0.73,8.0,0.74,13.5,0.15,0.15,618.323,1776190089000
1776190091.331,191.331,0.27,8.0,0.26,13.5,0.42,15.0,0.43,7.0,0.58,15.0,0.57,7.0,0.73,8.0,0.74,13.5,0.15,0.15,618.269005,1776190090000
1776190092.465,192.465,0.27,8.0,0.26,13.5,0.42,15.0,0.43,7.0,0.58,15.0,0.57,7.0,0.73,8.0,0.74,13.5,0.15,0.15,618.271374,1776190091000
1776190093.104,193.104,0.27,8.0,0.26,13.5,0.42,15.0,0.43,7.0,0.58,15.0,0.57,7.0,0.73,8.0,0.74,13.5,0.15,0.15,618.271374,1776190092000
1776190094.322,194.322,0.27,8.0,0.26,13.5,0.42,15.0,0.43,7.0,0.58,15.0,0.57,7.0,0.73,8.0,0.74,13.5,0.15,0.15,618.27343,1776190093000
1776190095.107,195.107,0.3,10.0,0.29,12.6,0.42,9.0,0.46,5.0,0.58,15.0,0.57,7.0,0.73,8.0,0.74,13.5,0.12,0.15,618.27343,1776190093000
1776190095.682,195.682,0.3,10.0,0.29,12.6,0.42,9.0,0.46,5.0,0.58,9.0,0.54,5.0,0.7,10.0,0.71,12.6,0.12,0.12,618.272586,1776190094000
1776190096.829,196.829,0.3,10.0,0.29,12.6,0.42,9.0,0.46,5.0,0.58,9.0,0.54,5.0,0.7,10.0,0.71,12.6,0.12,0.12,618.273284,1776190095000
1776190098.225,198.225,0.3,10.0,0.29,12.6,0.42,9.0,0.46,5.0,0.58,9.0,0.54,5.0,0.7,10.0,0.71,12.6,0.12,0.12,618.273284,1776190096000
1776190098.873,198.873,0.3,10.0,0.29,12.6,0.42,9.0,0.46,5.0,0.58,9.0,0.54,5.0,0.7,10.0,0.71,12.6,0.12,0.12,618.273375,1776190097000
1776190099.419,199.419,0.3,10.0,0.29,12.6,0.42,9.0,0.46,5.0,0.58,9.0,0.54,5.0,0.7,10.0,0.71,12.6,0.12,0.12,618.275546,1776190098000
1776190100.134,200.134,0.3,19.54,0.29,12.6,0.42,9.0,0.46,5.0,0.58,9.0,0.54,5.0,0.7,10.0,0.71,12.6,0.12,0.12,618.275546,1776190098000
1776190100.448,200.448,0.3,19.54,0.29,12.6,0.42,9.0,0.46,5.0,0.58,9.0,0.54,5.0,0.7,19.54,0.71,12.6,0.12,0.12,618.275508,1776190099000
1776190100.991,200.991,0.3,19.54,0.29,12.6,0.42,9.0,0.46,5.0,0.58,9.0,0.54,5.0,0.7,19.54,0.71,12.6,0.12,0.12,618.275508,1776190100000
1776190102.39,202.39,0.3,19.54,0.29,12.6,0.42,9.0,0.46,5.0,0.58,9.0,0.54,5.0,0.7,19.54,0.71,12.6,0.12,0.12,618.274603,1776190101000
1776190103.183,203.183,0.3,19.54,0.29,12.6,0.42,9.0,0.46,5.0,0.58,9.0,0.54,5.0,0.7,19.54,0.71,12.6,0.12,0.12,618.276691,1776190102000
1776190104.395,204.395,0.3,19.54,0.29,12.6,0.42,9.0,0.46,5.0,0.58,9.0,0.54,5.0,0.7,19.54,0.71,12.6,0.12,0.12,618.27657,1776190103000
1776190105.074,205.074,0.3,19.54,0.29,12.6,0.42,9.0,0.46,5.0,0.58,9.0,0.54,5.0,0.7,19.54,0.71,12.6,0.12,0.12,618.276639,1776190104000
1776190106.362,206.362,0.3,19.54,0.29,12.6,0.42,9.0,0.46,5.0,0.58,9.0,0.54,5.0,0.7,19.54,0.71,12.6,0.12,0.12,618.276596,1776190105000
1776190107.016,207.016,0.3,19.54,0.29,12.6,0.42,9.0,0.46,5.0,0.58,9.0,0.54,5.0,0.7,19.54,0.71,12.6,0.12,0.12,618.276717,1776190106000
1776190108.479,208.479,0.3,19.54,0.29,12.6,0.42,9.0,0.46,5.0,0.58,9.0,0.54,5.0,0.7,19.54,0.71,12.6,0.12,0.12,618.275721,1776190107000
1776190109.119,209.119,0.3,19.54,0.29,12.6,0.42,9.0,0.46,5.0,0.58,9.0,0.54,5.0,0.7,19.54,0.71,12.6,0.12,0.12,618.275751,1776190108000
1776190110.467,210.467,0.3,19.54,0.29,12.6,0.42,9.0,0.46,5.0,0.58,9.0,0.54,5.0,0.7,19.54,0.71,12.6,0.12,0.12,618.279433,1776190109000
1776190111.107,211.107,0.3,19.54,0.29,12.6,0.42,9.0,0.46,5.0,0.58,9.0,0.54,5.0,0.7,19.54,0.71,12.6,0.12,0.12,618.279043,1776190110000
1776190112.472,212.472,0.3,19.54,0.29,12.6,0.42,9.0,0.46,5.0,0.58,9.0,0.54,5.0,0.7,19.54,0.71,12.6,0.12,0.12,618.279855,1776190111000
1776190113.187,213.187,0.3,19.54,0.29,12.6,0.42,9.0,0.46,5.0,0.58,9.0,0.54,5.0,0.7,19.54,0.71,12.6,0.12,0.12,618.279764,1776190112000
1776190115.582,215.582,0.3,19.54,0.29,12.6,0.42,9.0,0.46,5.0,0.58,9.0,0.54,5.0,0.7,19.54,0.71,12.6,0.12,0.12,618.279592,1776190114000
1776190116.213,216.213,0.3,19.54,0.29,12.6,0.42,9.0,0.46,5.0,0.58,9.0,0.54,5.0,0.7,19.54,0.71,12.6,0.12,0.12,618.278947,1776190115000
1776190117.09,217.09,0.29,7.23,0.28,12.9,0.42,9.0,0.45,15.5,0.58,9.0,0.54,5.0,0.7,19.54,0.71,12.6,0.13,0.12,618.278947,1776190115000
1776190117.749,217.749,0.29,7.23,0.28,12.9,0.42,9.0,0.45,15.5,0.58,9.0,0.55,15.5,0.71,7.23,0.72,12.9,0.13,0.13,618.278196,1776190116000
1776190118.541,218.541,0.29,7.23,0.28,12.9,0.42,9.0,0.45,15.5,0.58,9.0,0.55,15.5,0.71,7.23,0.72,12.9,0.13,0.13,618.278196,1776190117000
1776190119.301,219.301,0.29,7.23,0.28,12.9,0.42,9.0,0.45,15.5,0.58,9.0,0.55,15.5,0.71,7.23,0.72,12.9,0.13,0.13,618.278703,1776190118000
1776190120.112,220.112,0.29,7.23,0.28,12.9,0.42,9.0,0.45,15.5,0.58,9.0,0.55,15.5,0.71,7.23,0.72,12.9,0.13,0.13,618.29581,1776190119000
1776190121.506,221.506,0.29,7.23,0.28,12.9,0.42,9.0,0.45,15.5,0.58,9.0,0.55,15.5,0.71,7.23,0.72,12.9,0.13,0.13,618.294813,1776190120000
1776190122.232,222.232,0.29,7.23,0.28,12.9,0.42,9.0,0.45,15.5,0.58,9.0,0.55,15.5,0.71,7.23,0.72,12.9,0.13,0.13,618.294813,1776190121000
1776190123.654,223.654,0.29,7.23,0.28,12.9,0.42,9.0,0.45,15.5,0.58,9.0,0.55,15.5,0.71,7.23,0.72,12.9,0.13,0.13,618.295136,1776190122000
1776190124.368,224.368,0.29,7.23,0.28,12.9,0.42,9.0,0.45,15.5,0.58,9.0,0.55,15.5,0.71,7.23,0.72,12.9,0.13,0.13,618.295084,1776190123000
1776190125.172,225.172,0.29,7.23,0.28,12.9,0.42,9.0,0.45,15.5,0.58,9.0,0.55,15.5,0.71,7.23,0.72,12.9,0.13,0.13,618.296036,1776190124000
1776190127.144,227.144,0.29,7.23,0.28,12.9,0.42,9.0,0.45,15.5,0.58,9.0,0.55,15.5,0.71,7.23,0.72,12.9,0.13,0.13,618.296001,1776190125000
1776190127.974,227.974,0.29,7.23,0.28,12.9,0.42,9.0,0.45,15.5,0.58,9.0,0.55,15.5,0.71,7.23,0.72,12.9,0.13,0.13,618.296088,1776190126000
1776190128.721,228.721,0.29,7.23,0.28,12.9,0.42,9.0,0.45,15.5,0.58,9.0,0.55,15.5,0.71,7.23,0.72,12.9,0.13,0.13,618.296081,1776190127000
1776190129.464,229.464,0.29,7.23,0.28,12.9,0.42,9.0,0.45,15.5,0.58,9.0,0.55,15.5,0.71,7.23,0.72,12.9,0.13,0.13,618.296341,1776190128000
1776190130.287,230.287,0.29,7.23,0.28,12.9,0.42,9.0,0.45,15.5,0.58,9.0,0.55,15.5,0.71,7.23,0.72,12.9,0.13,0.13,618.296754,1776190129000
1776190132.187,232.187,0.29,7.23,0.28,12.9,0.42,9.0,0.45,15.5,0.58,9.0,0.55,15.5,0.71,7.23,0.72,12.9,0.13,0.13,618.296703,1776190130000
1776190132.912,232.912,0.29,7.23,0.28,12.9,0.42,9.0,0.45,15.5,0.58,9.0,0.55,15.5,0.71,7.23,0.72,12.9,0.13,0.13,618.296733,1776190131000
1776190133.6,233.6,0.29,7.23,0.28,12.9,0.42,9.0,0.45,15.5,0.58,9.0,0.55,15.5,0.71,7.23,0.72,12.9,0.13,0.13,618.296733,1776190132000
1776190134.323,234.323,0.29,7.23,0.28,12.9,0.42,9.0,0.45,15.5,0.58,9.0,0.55,15.5,0.71,7.23,0.72,12.9,0.13,0.13,618.296548,1776190133000
1776190135.47,235.47,0.29,7.23,0.28,12.9,0.42,9.0,0.45,15.5,0.58,9.0,0.55,15.5,0.71,7.23,0.72,12.9,0.13,0.13,618.295797,1776190134000
1776190135.97,235.97,0.29,7.23,0.28,12.9,0.42,9.0,0.45,15.5,0.58,9.0,0.55,15.5,0.71,7.23,0.72,12.9,0.13,0.13,618.295778,1776190135000
1776190136.938,236.938,0.29,7.23,0.28,12.9,0.42,9.0,0.45,15.5,0.58,9.0,0.55,15.5,0.71,7.23,0.72,12.9,0.13,0.13,618.29586,1776190136000
1776190137.955,237.955,0.29,7.23,0.28,12.9,0.42,9.0,0.45,15.5,0.58,9.0,0.55,15.5,0.71,7.23,0.72,12.9,0.13,0.13,618.296087,1776190137000
1776190138.993,238.993,0.29,7.23,0.28,12.9,0.42,9.0,0.45,15.5,0.58,9.0,0.55,15.5,0.71,7.23,0.72,12.9,0.13,0.13,618.296108,1776190138000
1776190140.102,240.102,0.29,7.23,0.28,12.9,0.42,9.0,0.45,15.5,0.58,9.0,0.55,15.5,0.71,7.23,0.72,12.9,0.13,0.13,618.296078,1776190139000
1776190141.29,241.29,0.29,7.23,0.28,12.9,0.42,9.0,0.45,15.5,0.58,9.0,0.55,15.5,0.71,7.23,0.72,12.9,0.13,0.13,618.296048,1776190140000
1776190142.347,242.347,0.28,2.98,0.27,13.2,0.45,10.5,0.46,20.5,0.55,10.5,0.54,20.5,0.72,2.98,0.73,13.2,0.17,0.17,618.296107,1776190141000
1776190143.346,243.346,0.28,2.98,0.27,13.2,0.45,10.5,0.46,20.5,0.55,10.5,0.54,20.5,0.72,2.98,0.73,13.2,0.17,0.17,618.297561,1776190142000
1776190144.286,244.286,0.28,2.98,0.27,13.2,0.45,10.5,0.46,20.5,0.55,10.5,0.54,20.5,0.72,2.98,0.73,13.2,0.17,0.17,618.3,1776190143000
1776190145.355,245.355,0.28,2.98,0.27,13.2,0.45,10.5,0.46,20.5,0.55,10.5,0.54,20.5,0.72,2.98,0.73,13.2,0.17,0.17,618.33447,1776190144000
1776190145.957,245.957,0.32,11.9,0.31,103.2,0.46,6.8,0.61,50.0,0.55,10.5,0.54,20.5,0.72,2.98,0.73,13.2,0.14,0.17,618.33447,1776190144000
1776190146.408,246.408,0.32,11.9,0.31,103.2,0.46,6.8,0.61,50.0,0.54,6.8,0.39,50.0,0.68,11.9,0.69,103.2,0.14,0.14,618.395,1776190145000
1776190146.953,246.953,0.42,11.0,0.33,11.8,0.61,50.0,0.67,11.8,0.39,50.0,0.33,11.8,0.58,11.0,0.67,11.8,0.19,0.19,618.395,1776190146000
1776190148.005,248.005,0.42,11.0,0.33,11.8,0.61,50.0,0.67,11.8,0.39,50.0,0.33,11.8,0.58,11.0,0.67,11.8,0.19,0.19,618.402,1776190147000
1776190149.169,249.169,0.42,11.0,0.33,11.8,0.61,50.0,0.67,11.8,0.39,50.0,0.33,11.8,0.58,11.0,0.67,11.8,0.19,0.19,618.373,1776190148000
1776190150.318,250.318,0.42,11.0,0.33,11.8,0.61,50.0,0.67,11.8,0.39,50.0,0.33,11.8,0.58,11.0,0.67,11.8,0.19,0.19,618.372,1776190149000
1776190151.364,251.364,0.42,11.0,0.33,11.8,0.61,50.0,0.67,11.8,0.39,50.0,0.33,11.8,0.58,11.0,0.67,11.8,0.19,0.19,618.370668,1776190150000
1776190152.005,252.005,0.42,11.0,0.33,11.8,0.61,50.0,0.67,11.8,0.39,50.0,0.33,11.8,0.58,11.0,0.67,11.8,0.19,0.19,618.370098,1776190151000
1776190153.071,253.071,0.42,11.0,0.33,11.8,0.61,50.0,0.67,11.8,0.39,50.0,0.33,11.8,0.58,11.0,0.67,11.8,0.19,0.19,618.37156,1776190152000
1776190154.183,254.183,0.42,11.0,0.33,11.8,0.61,50.0,0.67,11.8,0.39,50.0,0.33,11.8,0.58,11.0,0.67,11.8,0.19,0.19,618.370068,1776190153000
1776190155.217,255.217,0.42,11.0,0.33,11.8,0.61,50.0,0.67,11.8,0.39,50.0,0.33,11.8,0.58,11.0,0.67,11.8,0.19,0.19,618.37,1776190154000
1776190156.315,256.315,0.42,11.0,0.33,11.8,0.61,50.0,0.67,11.8,0.39,50.0,0.33,11.8,0.58,11.0,0.67,11.8,0.19,0.19,618.37,1776190155000
1776190157.401,257.401,0.42,11.0,0.33,11.8,0.61,50.0,0.67,11.8,0.39,50.0,0.33,11.8,0.58,11.0,0.67,11.8,0.19,0.19,618.369388,1776190156000
1776190157.938,257.938,0.42,11.0,0.33,11.8,0.61,50.0,0.67,11.8,0.39,50.0,0.33,11.8,0.58,11.0,0.67,11.8,0.19,0.19,618.369562,1776190157000
1776190159.059,259.059,0.42,11.0,0.33,11.8,0.61,50.0,0.67,11.8,0.39,50.0,0.33,11.8,0.58,11.0,0.67,11.8,0.19,0.19,618.371643,1776190158000
1776190160.155,260.155,0.42,11.0,0.33,11.8,0.61,50.0,0.67,11.8,0.39,50.0,0.33,11.8,0.58,11.0,0.67,11.8,0.19,0.19,618.379,1776190159000
1776190161.163,261.163,0.42,11.0,0.33,11.8,0.61,50.0,0.67,11.8,0.39,50.0,0.33,11.8,0.58,11.0,0.67,11.8,0.19,0.19,618.389,1776190160000
1776190162.298,262.298,0.42,11.0,0.33,11.8,0.61,50.0,0.67,11.8,0.39,50.0,0.33,11.8,0.58,11.0,0.67,11.8,0.19,0.19,618.389,1776190161000
1776190163.282,263.282,0.42,11.0,0.33,11.8,0.61,50.0,0.67,11.8,0.39,50.0,0.33,11.8,0.58,11.0,0.67,11.8,0.19,0.19,618.412,1776190162000
1776190164.294,264.294,0.42,11.0,0.33,11.8,0.61,50.0,0.67,11.8,0.39,50.0,0.33,11.8,0.58,11.0,0.67,11.8,0.19,0.19,618.393,1776190163000
1776190165.354,265.354,0.42,11.0,0.33,11.8,0.61,50.0,0.67,11.8,0.39,50.0,0.33,11.8,0.58,11.0,0.67,11.8,0.19,0.19,618.377,1776190164000
1776190165.705,265.705,0.56,2.6,0.55,10.5,0.61,60.0,0.71,50.0,0.39,50.0,0.33,11.8,0.58,11.0,0.67,11.8,0.05,0.19,618.377,1776190164000
1776190166.068,266.068,0.55,1.1,0.54,10.5,0.61,60.0,0.71,50.0,0.39,60.0,0.29,50.0,0.45,8.1,0.46,10.5,0.06,0.06,618.377,1776190165000
1776190166.913,266.913,0.55,1.1,0.54,10.5,0.61,60.0,0.71,50.0,0.39,60.0,0.29,50.0,0.45,1.1,0.46,10.5,0.06,0.06,618.416,1776190166000
1776190167.913,267.913,0.55,10.5,0.54,10.5,0.61,34.63,0.71,50.0,0.39,34.63,0.29,50.0,0.45,10.5,0.46,10.5,0.06,0.06,618.416,1776190167000
1776190168.954,268.954,0.55,10.5,0.54,10.5,0.61,34.63,0.71,50.0,0.39,34.63,0.29,50.0,0.45,10.5,0.46,10.5,0.06,0.06,618.416,1776190168000
1776190169.957,269.957,0.55,10.5,0.54,10.5,0.61,34.63,0.71,50.0,0.39,34.63,0.29,50.0,0.45,10.5,0.46,10.5,0.06,0.06,618.407,1776190169000
1776190170.975,270.975,0.55,10.5,0.54,10.5,0.61,34.63,0.71,50.0,0.39,34.63,0.29,50.0,0.45,10.5,0.46,10.5,0.06,0.06,618.407,1776190170000
1776190171.688,271.688,0.58,10.7,0.57,10.6,0.61,17.63,0.71,50.0,0.39,34.63,0.29,50.0,0.45,10.5,0.46,10.5,0.03,0.06,618.407,1776190170000
1776190172.01,272.01,0.58,10.7,0.57,10.6,0.61,17.63,0.71,50.0,0.39,17.63,0.29,50.0,0.42,10.7,0.43,10.6,0.03,0.03,618.403,1776190171000
1776190172.466,272.466,0.59,10.7,0.58,10.7,0.61,12.63,0.71,50.0,0.39,17.63,0.29,50.0,0.42,10.7,0.43,10.6,0.02,0.03,618.403,1776190171000
1776190172.995,272.995,0.59,10.7,0.58,10.7,0.61,12.63,0.71,50.0,0.39,12.63,0.29,50.0,0.41,10.7,0.42,10.7,0.02,0.02,618.404,1776190172000
1776190173.403,273.403,0.6,10.8,0.59,10.7,0.61,6.52,0.71,50.0,0.39,12.63,0.29,50.0,0.41,10.7,0.42,10.7,0.01,0.02,618.404,1776190172000
1776190174.011,274.011,0.6,10.8,0.59,10.7,0.61,6.52,0.71,50.0,0.39,6.52,0.29,50.0,0.4,10.8,0.41,10.7,0.01,0.01,618.394,1776190173000
1776190175.143,275.143,0.6,10.8,0.59,10.7,0.61,6.52,0.71,50.0,0.39,6.52,0.29,50.0,0.4,10.8,0.41,10.7,0.01,0.01,618.391,1776190174000
1776190176.524,276.524,0.6,10.8,0.59,10.7,0.61,6.52,0.71,50.0,0.39,6.52,0.29,50.0,0.4,10.8,0.41,10.7,0.01,0.01,618.387,1776190175000
1776190177.107,277.107,0.6,10.8,0.59,10.7,0.61,6.52,0.71,50.0,0.39,6.52,0.29,50.0,0.4,10.8,0.41,10.7,0.01,0.01,618.387,1776190176000
1776190178.29,278.29,0.11,46.66,0.05,200.0,0.41,50.0,0.51,50.0,0.39,6.52,0.29,50.0,0.4,10.8,0.41,10.7,0.3,0.01,618.387,1776190176000
1776190179.17,279.17,0.11,46.66,0.05,200.0,0.41,50.0,0.51,50.0,0.59,50.0,0.49,50.0,0.89,46.66,0.95,200.0,0.3,0.3,618.381,1776190178000
1776190180.208,280.208,0.11,46.66,0.05,200.0,0.41,50.0,0.51,50.0,0.59,50.0,0.49,50.0,0.89,46.66,0.95,200.0,0.3,0.3,618.265776,1776190179000
1776190180.412,280.412,0.11,58.69,0.05,100.0,0.41,50.0,0.51,50.0,0.59,50.0,0.49,50.0,0.89,46.66,0.95,200.0,0.3,0.3,618.265776,1776190179000
1776190181.392,281.392,0.11,58.69,0.05,100.0,0.41,50.0,0.51,50.0,0.59,50.0,0.49,50.0,0.89,58.69,0.95,100.0,0.3,0.3,618.265776,1776190180000
1776190181.947,281.947,0.11,58.69,0.05,100.0,0.41,50.0,0.51,50.0,0.59,50.0,0.49,50.0,0.89,58.69,0.95,100.0,0.3,0.3,618.265776,1776190181000
1776190183.352,283.352,0.11,58.69,0.05,100.0,0.41,50.0,0.51,50.0,0.59,50.0,0.49,50.0,0.89,58.69,0.95,100.0,0.3,0.3,618.265776,1776190182000
1776190184.494,284.494,0.11,58.69,0.05,100.0,0.41,50.0,0.51,50.0,0.59,50.0,0.49,50.0,0.89,58.69,0.95,100.0,0.3,0.3,618.265776,1776190183000
1776190184.993,284.993,0.11,58.69,0.05,100.0,0.41,50.0,0.51,50.0,0.59,50.0,0.49,50.0,0.89,58.69,0.95,100.0,0.3,0.3,618.265776,1776190184000
1776190186.167,286.167,0.11,58.69,0.05,100.0,0.41,50.0,0.51,50.0,0.59,50.0,0.49,50.0,0.89,58.69,0.95,100.0,0.3,0.3,618.265776,1776190185000
1776190187.417,287.417,0.11,58.69,0.05,100.0,0.41,50.0,0.51,50.0,0.59,50.0,0.49,50.0,0.89,58.69,0.95,100.0,0.3,0.3,618.265776,1776190186000
1776190188.505,288.505,0.11,53.69,0.05,100.0,0.41,50.0,0.51,50.0,0.59,50.0,0.49,50.0,0.89,53.69,0.95,100.0,0.3,0.3,618.266036,1776190187000
1776190189.046,289.046,0.11,53.69,0.05,100.0,0.41,50.0,0.51,50.0,0.59,50.0,0.49,50.0,0.89,53.69,0.95,100.0,0.3,0.3,618.266036,1776190188000
1776190189.676,289.676,0.31,1.0,0.21,50.0,0.61,60.0,0.71,50.0,0.59,50.0,0.49,50.0,0.89,53.69,0.95,100.0,0.3,0.3,618.266036,1776190188000
1776190190.168,290.168,0.21,50.0,0.11,53.69,0.61,60.0,0.71,50.0,0.39,60.0,0.29,50.0,0.79,50.0,0.89,53.69,0.4,0.4,618.297551,1776190189000
1776190190.551,290.551,0.21,48.74,0.11,53.69,0.51,50.0,0.61,60.0,0.39,60.0,0.29,50.0,0.79,50.0,0.89,53.69,0.3,0.4,618.297551,1776190189000
1776190191.27,291.27,0.34,14.0,0.21,48.74,0.51,44.17,0.61,60.0,0.49,50.0,0.39,60.0,0.79,48.74,0.89,53.69,0.17,0.3,618.297551,1776190189000
1776190191.604,291.604,0.34,14.0,0.21,48.74,0.51,32.51,0.61,60.0,0.49,38.34,0.39,60.0,0.66,14.0,0.79,48.74,0.17,0.17,618.297551,1776190189000
1776190191.848,291.848,0.34,14.0,0.21,48.74,0.51,32.51,0.61,60.0,0.49,32.51,0.39,60.0,0.66,14.0,0.79,48.74,0.17,0.17,618.315,1776190190000
1776190192.454,292.454,0.34,14.0,0.21,48.74,0.51,32.51,0.61,60.0,0.49,32.51,0.39,60.0,0.66,14.0,0.79,48.74,0.17,0.17,618.300028,1776190191000
1776190192.764,292.764,0.26,17.65,0.21,48.74,0.51,32.51,0.61,60.0,0.49,32.51,0.39,60.0,0.66,14.0,0.79,48.74,0.25,0.17,618.300028,1776190191000
1776190193.051,293.051,0.26,12.64,0.21,48.74,0.51,32.51,0.61,60.0,0.49,32.51,0.39,60.0,0.74,12.64,0.79,48.74,0.25,0.25,618.342028,1776190192000
1776190194.165,294.165,0.26,12.64,0.21,48.74,0.51,32.51,0.61,60.0,0.49,32.51,0.39,60.0,0.74,12.64,0.79,48.74,0.25,0.25,618.342028,1776190193000
1776190195.066,295.066,0.25,20.0,0.21,48.74,0.36,7.0,0.51,23.51,0.49,32.51,0.39,60.0,0.74,12.64,0.79,48.74,0.11,0.25,618.342028,1776190193000
1776190195.358,295.358,0.25,20.0,0.21,48.74,0.51,64.09,0.61,60.0,0.64,7.0,0.49,23.51,0.75,20.0,0.79,48.74,0.26,0.11,618.347579,1776190194000
1776190196.259,296.259,0.25,20.0,0.21,48.74,0.51,64.09,0.61,60.0,0.49,64.09,0.39,60.0,0.75,20.0,0.79,48.74,0.26,0.26,618.365696,1776190195000
1776190197.312,297.312,0.25,20.0,0.21,48.74,0.51,64.09,0.61,60.0,0.49,64.09,0.39,60.0,0.75,20.0,0.79,48.74,0.26,0.26,618.365696,1776190196000
1776190197.52,297.52,0.21,71.74,0.11,53.69,0.51,53.09,0.61,60.0,0.49,64.09,0.39,60.0,0.75,20.0,0.79,48.74,0.3,0.26,618.365696,1776190196000
1776190197.899,297.899,0.31,50.0,0.21,71.74,0.71,49.72,0.81,50.0,0.29,49.72,0.19,50.0,0.69,50.0,0.79,71.74,0.4,0.4,618.372125,1776190197000
1776190198.328,298.328,0.64,7.0,0.41,50.0,0.81,45.0,0.91,50.0,0.29,49.72,0.19,50.0,0.69,50.0,0.79,71.74,0.17,0.4,618.372125,1776190197000
1776190198.658,298.658,0.64,4.16,0.41,50.0,0.81,41.33,0.91,50.0,0.19,41.33,0.09,50.0,0.36,7.0,0.59,50.0,0.17,0.17,618.372125,1776190197000
1776190199.005,299.005,0.64,4.16,0.51,7.0,0.81,16.63,0.91,50.0,0.19,41.33,0.09,50.0,0.36,4.16,0.59,50.0,0.17,0.17,618.372125,1776190197000
1776190199.473,299.473,0.91,5.0,0.77,5.0,0.98,3.65,0.99,108.0,0.19,16.63,0.09,50.0,0.49,3.99,0.5,110.1,0.07,0.3,618.372149,1776190198000
1776190199.963,299.963,0.91,5.0,0.77,5.0,0.99,72.54,,,0.01,108.0,,,0.09,5.0,0.23,5.0,0.08,0.08,618.372149,1776190198000
1776190200.252,300.252,0.91,5.0,0.81,8.0,0.99,48.43,,,0.01,71.43,,,0.09,5.0,0.23,5.0,0.08,0.08,618.372149,1776190198000
1776190200.552,300.552,0.91,5.0,0.81,8.0,,,,,0.01,12.41,,,0.09,5.0,0.19,8.0,,0.08,618.372149,1776190198000
1776190201.478,301.478,0.91,5.0,0.81,8.0,,,,,,,,,0.09,5.0,0.19,8.0,,,618.374616,1776190200000
1776190201.936,301.936,0.91,5.0,0.81,8.0,,,,,,,,,0.09,5.0,0.19,8.0,,,618.374739,1776190201000

# RESULT,winner=Down,slug=bnb-updown-5m-1776189900,ticks=314
