timestamp,elapsed_sec,up_bid_p1,up_bid_s1,up_bid_p2,up_bid_s2,up_ask_p1,up_ask_s1,up_ask_p2,up_ask_s2,down_bid_p1,down_bid_s1,down_bid_p2,down_bid_s2,down_ask_p1,down_ask_s1,down_ask_p2,down_ask_s2,up_spread,down_spread,bnb_price,bnb_oracle_ts
1776198001.508,1.508,,,,,,,,,,,,,,,,,,,614.766,1776198000000
1776198001.834,1.834,0.33,300.0,0.31,375.0,0.67,300.0,0.69,375.0,0.33,300.0,0.31,375.0,0.67,300.0,0.69,375.0,0.34,0.34,614.766,1776198000000
1776198002.068,2.068,0.33,300.0,0.31,375.0,0.67,300.0,0.69,375.0,0.33,300.0,0.31,375.0,0.67,300.0,0.69,375.0,0.34,0.34,614.766,1776198001000
1776198002.338,2.338,0.33,300.0,0.31,375.0,0.67,300.0,0.69,375.0,0.33,300.0,0.31,375.0,0.67,300.0,0.69,375.0,0.34,0.34,614.766,1776198001000
1776198003.661,3.661,0.33,300.0,0.31,375.0,0.67,300.0,0.69,375.0,0.33,300.0,0.31,375.0,0.67,300.0,0.69,375.0,0.34,0.34,614.764,1776198002000
1776198004.199,4.199,0.33,300.0,0.31,375.0,0.67,300.0,0.69,375.0,0.33,300.0,0.31,375.0,0.67,300.0,0.69,375.0,0.34,0.34,614.764,1776198003000
1776198005.319,5.319,0.33,300.0,0.31,375.0,0.67,300.0,0.69,375.0,0.33,300.0,0.31,375.0,0.67,300.0,0.69,375.0,0.34,0.34,614.759,1776198004000
1776198005.872,5.872,0.33,300.0,0.31,375.0,0.67,300.0,0.69,375.0,0.33,300.0,0.31,375.0,0.67,300.0,0.69,375.0,0.34,0.34,614.759,1776198005000
1776198006.952,6.952,0.33,300.0,0.31,375.0,0.67,300.0,0.69,375.0,0.33,300.0,0.31,375.0,0.67,300.0,0.69,375.0,0.34,0.34,614.758,1776198006000
1776198008.032,8.032,0.33,300.0,0.31,375.0,0.67,300.0,0.69,375.0,0.33,300.0,0.31,375.0,0.67,300.0,0.69,375.0,0.34,0.34,614.79,1776198007000
1776198009.093,9.093,0.33,300.0,0.31,375.0,0.67,300.0,0.69,375.0,0.33,300.0,0.31,375.0,0.67,300.0,0.69,375.0,0.34,0.34,614.799,1776198008000
1776198010.574,10.574,0.33,300.0,0.31,375.0,0.67,300.0,0.69,375.0,0.33,300.0,0.31,375.0,0.67,300.0,0.69,375.0,0.34,0.34,614.781,1776198009000
1776198011.152,11.152,0.33,300.0,0.31,375.0,0.67,300.0,0.69,375.0,0.33,300.0,0.31,375.0,0.67,300.0,0.69,375.0,0.34,0.34,614.744224,1776198010000
1776198012.448,12.448,0.33,300.0,0.31,375.0,0.67,300.0,0.69,375.0,0.33,300.0,0.31,375.0,0.67,300.0,0.69,375.0,0.34,0.34,614.777,1776198011000
1776198013.057,13.057,0.33,300.0,0.31,375.0,0.67,300.0,0.69,375.0,0.33,300.0,0.31,375.0,0.67,300.0,0.69,375.0,0.34,0.34,614.777,1776198012000
1776198014.128,14.128,0.33,300.0,0.31,375.0,0.67,300.0,0.69,375.0,0.33,300.0,0.31,375.0,0.67,300.0,0.69,375.0,0.34,0.34,614.754,1776198013000
1776198015.272,15.272,0.33,300.0,0.31,375.0,0.67,300.0,0.69,375.0,0.33,300.0,0.31,375.0,0.67,300.0,0.69,375.0,0.34,0.34,614.752,1776198014000
1776198016.241,16.241,0.33,300.0,0.31,375.0,0.67,300.0,0.69,375.0,0.33,300.0,0.31,375.0,0.67,300.0,0.69,375.0,0.34,0.34,614.751,1776198015000
1776198017.35,17.35,0.33,300.0,0.31,375.0,0.67,300.0,0.69,375.0,0.33,300.0,0.31,375.0,0.67,300.0,0.69,375.0,0.34,0.34,614.765,1776198016000
1776198018.287,18.287,0.33,300.0,0.31,375.0,0.67,300.0,0.69,375.0,0.33,300.0,0.31,375.0,0.67,300.0,0.69,375.0,0.34,0.34,614.759,1776198017000
1776198018.906,18.906,0.33,300.0,0.31,375.0,0.67,300.0,0.69,375.0,0.33,300.0,0.31,375.0,0.67,300.0,0.69,375.0,0.34,0.34,614.759,1776198018000
1776198019.988,19.988,0.33,300.0,0.31,375.0,0.67,300.0,0.69,375.0,0.33,300.0,0.31,375.0,0.67,300.0,0.69,375.0,0.34,0.34,614.754,1776198019000
1776198021.083,21.083,0.33,300.0,0.31,375.0,0.67,300.0,0.69,375.0,0.33,300.0,0.31,375.0,0.67,300.0,0.69,375.0,0.34,0.34,614.747,1776198020000
1776198022.186,22.186,0.33,300.0,0.31,375.0,0.67,300.0,0.69,375.0,0.33,300.0,0.31,375.0,0.67,300.0,0.69,375.0,0.34,0.34,614.747,1776198021000
1776198023.397,23.397,0.33,300.0,0.31,375.0,0.67,300.0,0.69,375.0,0.33,300.0,0.31,375.0,0.67,300.0,0.69,375.0,0.34,0.34,614.744,1776198022000
1776198024.53,24.53,0.33,300.0,0.31,375.0,0.67,300.0,0.69,375.0,0.33,300.0,0.31,375.0,0.67,300.0,0.69,375.0,0.34,0.34,614.745,1776198023000
1776198025.08,25.08,0.33,300.0,0.31,375.0,0.67,300.0,0.69,375.0,0.33,300.0,0.31,375.0,0.67,300.0,0.69,375.0,0.34,0.34,614.745,1776198024000
1776198026.207,26.207,0.33,300.0,0.31,375.0,0.67,300.0,0.69,375.0,0.33,300.0,0.31,375.0,0.67,300.0,0.69,375.0,0.34,0.34,614.743,1776198025000
1776198027.355,27.355,0.33,300.0,0.31,375.0,0.67,300.0,0.69,375.0,0.33,300.0,0.31,375.0,0.67,300.0,0.69,375.0,0.34,0.34,614.746,1776198026000
1776198028.344,28.344,0.33,300.0,0.31,375.0,0.67,300.0,0.69,375.0,0.33,300.0,0.31,375.0,0.67,300.0,0.69,375.0,0.34,0.34,614.759,1776198027000
1776198028.922,28.922,0.33,300.0,0.31,375.0,0.67,300.0,0.69,375.0,0.33,300.0,0.31,375.0,0.67,300.0,0.69,375.0,0.34,0.34,614.759,1776198028000
1776198030.09,30.09,0.33,300.0,0.31,375.0,0.67,300.0,0.69,375.0,0.33,300.0,0.31,375.0,0.67,300.0,0.69,375.0,0.34,0.34,614.763,1776198029000
1776198031.18,31.18,0.33,300.0,0.31,375.0,0.67,300.0,0.69,375.0,0.33,300.0,0.31,375.0,0.67,300.0,0.69,375.0,0.34,0.34,614.763,1776198030000
1776198032.593,32.593,0.33,300.0,0.31,375.0,0.67,300.0,0.69,375.0,0.33,300.0,0.31,375.0,0.67,300.0,0.69,375.0,0.34,0.34,614.761,1776198031000
1776198033.151,33.151,0.33,300.0,0.31,375.0,0.67,300.0,0.69,375.0,0.33,300.0,0.31,375.0,0.67,300.0,0.69,375.0,0.34,0.34,614.761,1776198032000
1776198034.279,34.279,0.33,300.0,0.31,375.0,0.67,300.0,0.69,375.0,0.33,300.0,0.31,375.0,0.67,300.0,0.69,375.0,0.34,0.34,614.761,1776198033000
1776198035.201,35.201,0.33,300.0,0.31,375.0,0.67,300.0,0.69,375.0,0.33,300.0,0.31,375.0,0.67,300.0,0.69,375.0,0.34,0.34,614.76,1776198034000
1776198036.299,36.299,0.33,300.0,0.31,375.0,0.67,300.0,0.69,375.0,0.33,300.0,0.31,375.0,0.67,300.0,0.69,375.0,0.34,0.34,614.759,1776198035000
1776198037.352,37.352,0.33,300.0,0.31,375.0,0.67,300.0,0.69,375.0,0.33,300.0,0.31,375.0,0.67,300.0,0.69,375.0,0.34,0.34,614.754,1776198036000
1776198037.993,37.993,0.33,300.0,0.31,375.0,0.67,300.0,0.69,375.0,0.33,300.0,0.31,375.0,0.67,300.0,0.69,375.0,0.34,0.34,614.754,1776198037000
1776198039.022,39.022,0.33,300.0,0.31,375.0,0.67,300.0,0.69,375.0,0.33,300.0,0.31,375.0,0.67,300.0,0.69,375.0,0.34,0.34,614.75,1776198038000
1776198040.061,40.061,0.33,300.0,0.31,375.0,0.67,300.0,0.69,375.0,0.33,300.0,0.31,375.0,0.67,300.0,0.69,375.0,0.34,0.34,614.751,1776198039000
1776198041.082,41.082,0.33,300.0,0.31,375.0,0.67,300.0,0.69,375.0,0.33,300.0,0.31,375.0,0.67,300.0,0.69,375.0,0.34,0.34,614.751,1776198040000
1776198042.097,42.097,0.33,300.0,0.31,375.0,0.67,300.0,0.69,375.0,0.33,300.0,0.31,375.0,0.67,300.0,0.69,375.0,0.34,0.34,614.758,1776198041000
1776198043.181,43.181,0.33,300.0,0.31,375.0,0.67,300.0,0.69,375.0,0.33,300.0,0.31,375.0,0.67,300.0,0.69,375.0,0.34,0.34,614.754,1776198042000
1776198044.345,44.345,0.33,300.0,0.31,375.0,0.67,300.0,0.69,375.0,0.33,300.0,0.31,375.0,0.67,300.0,0.69,375.0,0.34,0.34,614.738,1776198043000
1776198045.273,45.273,0.33,300.0,0.31,375.0,0.67,300.0,0.69,375.0,0.33,300.0,0.31,375.0,0.67,300.0,0.69,375.0,0.34,0.34,614.735,1776198044000
1776198046.457,46.457,0.33,300.0,0.31,375.0,0.67,300.0,0.69,375.0,0.33,300.0,0.31,375.0,0.67,300.0,0.69,375.0,0.34,0.34,614.735,1776198045000
1776198047.904,47.904,0.33,300.0,0.31,375.0,0.67,300.0,0.69,375.0,0.33,300.0,0.31,375.0,0.67,300.0,0.69,375.0,0.34,0.34,614.739,1776198046000
1776198048.466,48.466,0.33,300.0,0.31,375.0,0.67,300.0,0.69,375.0,0.33,300.0,0.31,375.0,0.67,300.0,0.69,375.0,0.34,0.34,614.746,1776198047000
1776198049.114,49.114,0.33,300.0,0.31,375.0,0.67,300.0,0.69,375.0,0.33,300.0,0.31,375.0,0.67,300.0,0.69,375.0,0.34,0.34,614.736,1776198048000
1776198050.454,50.454,0.33,300.0,0.31,375.0,0.67,300.0,0.69,375.0,0.33,300.0,0.31,375.0,0.67,300.0,0.69,375.0,0.34,0.34,614.738,1776198049000
1776198051.013,51.013,0.33,300.0,0.31,375.0,0.67,300.0,0.69,375.0,0.33,300.0,0.31,375.0,0.67,300.0,0.69,375.0,0.34,0.34,614.738,1776198050000
1776198052.325,52.325,0.47,2.96,0.45,5.0,0.57,10.0,0.61,50.0,0.43,10.0,0.39,50.0,0.53,2.96,0.55,5.0,0.1,0.1,614.737,1776198051000
1776198053.548,53.548,0.47,2.96,0.45,5.0,0.57,10.0,0.61,50.0,0.43,10.0,0.39,50.0,0.53,2.96,0.55,5.0,0.1,0.1,614.736,1776198052000
1776198054.211,54.211,0.47,2.96,0.45,5.0,0.57,10.0,0.61,50.0,0.43,10.0,0.39,50.0,0.53,2.96,0.55,5.0,0.1,0.1,614.734,1776198053000
1776198055.397,55.397,0.47,2.96,0.45,5.0,0.57,10.0,0.61,50.0,0.43,10.0,0.39,50.0,0.53,2.96,0.55,5.0,0.1,0.1,614.734,1776198054000
1776198056.123,56.123,0.47,2.96,0.45,5.0,0.57,10.0,0.61,50.0,0.43,10.0,0.39,50.0,0.53,2.96,0.55,5.0,0.1,0.1,614.734,1776198055000
1776198057.291,57.291,0.47,2.96,0.45,5.0,0.57,10.0,0.61,50.0,0.43,10.0,0.39,50.0,0.53,2.96,0.55,5.0,0.1,0.1,614.735,1776198056000
1776198058.571,58.571,0.47,2.96,0.45,5.0,0.57,10.0,0.61,50.0,0.43,10.0,0.39,50.0,0.53,2.96,0.55,5.0,0.1,0.1,614.734,1776198057000
1776198059.189,59.189,0.47,2.96,0.45,5.0,0.57,10.0,0.61,50.0,0.43,10.0,0.39,50.0,0.53,2.96,0.55,5.0,0.1,0.1,614.734,1776198058000
1776198060.461,60.461,0.47,2.96,0.45,5.0,0.57,10.0,0.61,50.0,0.43,10.0,0.39,50.0,0.53,2.96,0.55,5.0,0.1,0.1,614.735,1776198059000
1776198061.221,61.221,0.47,2.96,0.45,5.0,0.57,10.0,0.61,50.0,0.43,10.0,0.39,50.0,0.53,2.96,0.55,5.0,0.1,0.1,614.735,1776198060000
1776198062.468,62.468,0.47,2.96,0.45,5.0,0.57,10.0,0.61,50.0,0.43,10.0,0.39,50.0,0.53,2.96,0.55,5.0,0.1,0.1,614.729,1776198061000
1776198063.643,63.643,0.47,2.96,0.45,5.0,0.57,10.0,0.61,50.0,0.43,10.0,0.39,50.0,0.53,2.96,0.55,5.0,0.1,0.1,614.702,1776198062000
1776198064.53,64.53,0.47,2.96,0.45,5.0,0.57,10.0,0.61,50.0,0.43,10.0,0.39,50.0,0.53,2.96,0.55,5.0,0.1,0.1,614.724,1776198063000
1776198065.201,65.201,0.47,2.96,0.45,5.0,0.57,10.0,0.61,50.0,0.43,10.0,0.39,50.0,0.53,2.96,0.55,5.0,0.1,0.1,614.724,1776198064000
1776198066.798,66.798,0.47,2.96,0.45,5.0,0.57,10.0,0.61,50.0,0.43,10.0,0.39,50.0,0.53,2.96,0.55,5.0,0.1,0.1,614.729,1776198065000
1776198067.449,67.449,0.47,2.96,0.45,5.0,0.57,10.0,0.61,50.0,0.43,10.0,0.39,50.0,0.53,2.96,0.55,5.0,0.1,0.1,614.737,1776198066000
1776198068.277,68.277,0.47,2.96,0.45,5.0,0.57,10.0,0.61,50.0,0.43,10.0,0.39,50.0,0.53,2.96,0.55,5.0,0.1,0.1,614.737,1776198067000
1776198069.774,69.774,0.47,2.96,0.45,5.0,0.57,10.0,0.61,50.0,0.43,10.0,0.39,50.0,0.53,2.96,0.55,5.0,0.1,0.1,614.737,1776198068000
1776198070.343,70.343,0.47,2.96,0.45,5.0,0.57,10.0,0.61,50.0,0.43,10.0,0.39,50.0,0.53,2.96,0.55,5.0,0.1,0.1,614.755,1776198069000
1776198071.075,71.075,0.47,2.96,0.45,5.0,0.57,10.0,0.61,50.0,0.43,10.0,0.39,50.0,0.53,2.96,0.55,5.0,0.1,0.1,614.755,1776198070000
1776198072.558,72.558,0.47,2.96,0.45,5.0,0.57,10.0,0.61,50.0,0.43,10.0,0.39,50.0,0.53,2.96,0.55,5.0,0.1,0.1,614.758,1776198071000
1776198073.193,73.193,0.47,2.96,0.45,5.0,0.57,10.0,0.61,50.0,0.43,10.0,0.39,50.0,0.53,2.96,0.55,5.0,0.1,0.1,614.766,1776198072000
1776198074.797,74.797,0.47,2.96,0.45,5.0,0.57,10.0,0.61,50.0,0.43,10.0,0.39,50.0,0.53,2.96,0.55,5.0,0.1,0.1,614.793,1776198073000
1776198075.491,75.491,0.47,2.96,0.45,5.0,0.57,10.0,0.61,50.0,0.43,10.0,0.39,50.0,0.53,2.96,0.55,5.0,0.1,0.1,614.798,1776198074000
1776198076.209,76.209,0.47,2.96,0.45,5.0,0.57,10.0,0.61,50.0,0.43,10.0,0.39,50.0,0.53,2.96,0.55,5.0,0.1,0.1,614.798,1776198075000
1776198077.79,77.79,0.47,2.96,0.45,5.0,0.57,10.0,0.61,50.0,0.43,10.0,0.39,50.0,0.53,2.96,0.55,5.0,0.1,0.1,614.787,1776198076000
1776198078.64,78.64,0.47,2.96,0.45,5.0,0.57,10.0,0.61,50.0,0.43,10.0,0.39,50.0,0.53,2.96,0.55,5.0,0.1,0.1,614.782,1776198077000
1776198079.362,79.362,0.47,2.96,0.45,5.0,0.57,10.0,0.61,50.0,0.43,10.0,0.39,50.0,0.53,2.96,0.55,5.0,0.1,0.1,614.782,1776198078000
1776198080.044,80.044,0.47,2.96,0.45,5.0,0.57,10.0,0.61,50.0,0.43,10.0,0.39,50.0,0.53,2.96,0.55,5.0,0.1,0.1,614.779,1776198079000
1776198081.422,81.422,0.47,2.96,0.45,5.0,0.57,10.0,0.61,50.0,0.43,10.0,0.39,50.0,0.53,2.96,0.55,5.0,0.1,0.1,614.764,1776198080000
1776198082.737,82.737,0.47,2.96,0.45,5.0,0.57,10.0,0.61,50.0,0.43,10.0,0.39,50.0,0.53,2.96,0.55,5.0,0.1,0.1,614.764,1776198081000
1776198083.467,83.467,0.47,2.96,0.45,5.0,0.57,10.0,0.61,50.0,0.43,10.0,0.39,50.0,0.53,2.96,0.55,5.0,0.1,0.1,614.765,1776198082000
1776198084.181,84.181,0.47,2.96,0.45,5.0,0.57,10.0,0.61,50.0,0.43,10.0,0.39,50.0,0.53,2.96,0.55,5.0,0.1,0.1,614.762,1776198083000
1776198085.671,85.671,0.47,2.96,0.45,5.0,0.57,10.0,0.61,50.0,0.43,10.0,0.39,50.0,0.53,2.96,0.55,5.0,0.1,0.1,614.772,1776198084000
1776198086.45,86.45,0.47,2.96,0.45,5.0,0.57,10.0,0.61,50.0,0.43,10.0,0.39,50.0,0.53,2.96,0.55,5.0,0.1,0.1,614.772,1776198085000
1776198087.255,87.255,0.47,2.96,0.45,5.0,0.57,10.0,0.61,50.0,0.43,10.0,0.39,50.0,0.53,2.96,0.55,5.0,0.1,0.1,614.776,1776198086000
1776198088.769,88.769,0.47,2.96,0.45,5.0,0.57,10.0,0.61,50.0,0.43,10.0,0.39,50.0,0.53,2.96,0.55,5.0,0.1,0.1,614.767,1776198087000
1776198089.454,89.454,0.47,2.96,0.45,5.0,0.57,10.0,0.61,50.0,0.43,10.0,0.39,50.0,0.53,2.96,0.55,5.0,0.1,0.1,614.767,1776198088000
1776198090.112,90.112,0.47,2.96,0.45,5.0,0.57,10.0,0.61,50.0,0.43,10.0,0.39,50.0,0.53,2.96,0.55,5.0,0.1,0.1,614.769,1776198089000
1776198091.463,91.463,0.47,2.96,0.45,5.0,0.57,10.0,0.61,50.0,0.43,10.0,0.39,50.0,0.53,2.96,0.55,5.0,0.1,0.1,614.768,1776198090000
1776198092.102,92.102,0.47,2.96,0.45,5.0,0.57,10.0,0.61,50.0,0.43,10.0,0.39,50.0,0.53,2.96,0.55,5.0,0.1,0.1,614.77,1776198091000
1776198093.516,93.516,0.47,2.96,0.45,5.0,0.57,10.0,0.61,50.0,0.43,10.0,0.39,50.0,0.53,2.96,0.55,5.0,0.1,0.1,614.762,1776198092000
1776198094.244,94.244,0.47,2.96,0.45,5.0,0.57,10.0,0.61,50.0,0.43,10.0,0.39,50.0,0.53,2.96,0.55,5.0,0.1,0.1,614.762,1776198093000
1776198095.526,95.526,0.47,2.96,0.45,5.0,0.57,10.0,0.61,50.0,0.43,10.0,0.39,50.0,0.53,2.96,0.55,5.0,0.1,0.1,614.761,1776198094000
1776198096.147,96.147,0.47,2.96,0.45,5.0,0.57,10.0,0.61,50.0,0.43,10.0,0.39,50.0,0.53,2.96,0.55,5.0,0.1,0.1,614.758,1776198095000
1776198097.728,97.728,0.47,2.96,0.45,5.0,0.57,10.0,0.61,50.0,0.43,10.0,0.39,50.0,0.53,2.96,0.55,5.0,0.1,0.1,614.723,1776198096000
1776198098.42,98.42,0.47,2.96,0.45,5.0,0.57,10.0,0.61,50.0,0.43,10.0,0.39,50.0,0.53,2.96,0.55,5.0,0.1,0.1,614.723,1776198097000
1776198099.267,99.267,0.47,2.96,0.45,5.0,0.57,10.0,0.61,50.0,0.43,10.0,0.39,50.0,0.53,2.96,0.55,5.0,0.1,0.1,614.723,1776198098000
1776198102.009,102.009,0.47,2.96,0.45,5.0,0.57,10.0,0.61,50.0,0.43,10.0,0.39,50.0,0.53,2.96,0.55,5.0,0.1,0.1,614.716,1776198100000
1776198102.996,102.996,0.47,2.96,0.45,5.0,0.57,10.0,0.61,50.0,0.43,10.0,0.39,50.0,0.53,2.96,0.55,5.0,0.1,0.1,614.688044,1776198101000
1776198103.497,103.497,0.31,8.0,0.3,5.0,0.39,5.0,0.4,10.0,0.43,10.0,0.39,50.0,0.53,2.96,0.55,5.0,0.08,0.1,614.688044,1776198101000
1776198103.91,103.91,0.31,8.0,0.3,5.0,0.39,5.0,0.4,10.0,0.61,5.0,0.6,10.0,0.69,8.0,0.7,5.0,0.08,0.08,614.59411,1776198102000
1776198104.861,104.861,0.31,8.0,0.3,5.0,0.39,5.0,0.4,10.0,0.61,5.0,0.6,10.0,0.69,8.0,0.7,5.0,0.08,0.08,614.654,1776198103000
1776198105.783,105.783,0.31,8.0,0.3,5.0,0.39,5.0,0.4,10.0,0.61,5.0,0.6,10.0,0.69,8.0,0.7,5.0,0.08,0.08,614.657,1776198104000
1776198106.638,106.638,0.31,8.0,0.3,5.0,0.39,5.0,0.4,10.0,0.61,5.0,0.6,10.0,0.69,8.0,0.7,5.0,0.08,0.08,614.628,1776198105000
1776198107.454,107.454,0.31,8.0,0.3,5.0,0.39,5.0,0.4,10.0,0.61,5.0,0.6,10.0,0.69,8.0,0.7,5.0,0.08,0.08,614.628,1776198106000
1776198108.263,108.263,0.31,8.0,0.3,5.0,0.39,5.0,0.4,10.0,0.61,5.0,0.6,10.0,0.69,8.0,0.7,5.0,0.08,0.08,614.632,1776198107000
1776198109.663,109.663,0.27,8.38,0.26,5.0,0.34,11.6,0.35,16.4,0.61,5.0,0.6,10.0,0.69,8.0,0.7,5.0,0.07,0.08,614.632,1776198107000
1776198110.46,110.46,0.27,8.38,0.26,5.0,0.34,11.6,0.35,16.4,0.66,11.6,0.65,16.4,0.73,8.38,0.74,5.0,0.07,0.07,614.527,1776198109000
1776198111.225,111.225,0.27,8.38,0.26,5.0,0.34,11.6,0.35,16.4,0.66,11.6,0.65,16.4,0.73,8.38,0.74,5.0,0.07,0.07,614.52,1776198110000
1776198111.61,111.61,0.22,5.0,0.19,5.0,0.3,12.4,0.31,17.2,0.66,11.6,0.65,16.4,0.73,8.38,0.74,5.0,0.08,0.07,614.52,1776198110000
1776198112.663,112.663,0.22,5.0,0.19,5.0,0.3,12.4,0.31,17.2,0.7,12.4,0.69,17.2,0.78,5.0,0.81,5.0,0.08,0.08,614.474,1776198111000
1776198112.984,112.984,0.21,10.0,0.2,5.0,0.28,0.93,0.29,22.6,0.7,12.4,0.69,17.2,0.78,5.0,0.81,5.0,0.07,0.08,614.474,1776198111000
1776198113.341,113.341,0.21,10.0,0.2,5.0,0.28,0.93,0.29,22.6,0.72,0.93,0.71,22.6,0.79,10.0,0.8,5.0,0.07,0.07,614.474,1776198112000
1776198114.078,114.078,0.21,10.0,0.2,5.0,0.28,0.93,0.29,22.6,0.72,0.93,0.71,22.6,0.79,10.0,0.8,5.0,0.07,0.07,614.440674,1776198113000
1776198114.403,114.403,0.21,0.08,0.2,5.0,0.25,13.9,0.26,13.5,0.72,0.93,0.71,22.6,0.79,10.0,0.8,5.0,0.04,0.07,614.440674,1776198113000
1776198115.332,115.332,0.21,0.08,0.2,5.0,0.25,13.9,0.26,13.5,0.75,13.9,0.74,13.5,0.79,0.08,0.8,5.0,0.04,0.04,614.41884,1776198114000
1776198115.685,115.685,0.2,3.74,0.16,5.0,0.24,14.3,0.25,13.9,0.75,13.9,0.74,13.5,0.79,0.08,0.8,5.0,0.04,0.04,614.41884,1776198114000
1776198116.029,116.029,0.2,3.74,0.16,5.0,0.24,14.3,0.25,13.9,0.76,14.3,0.75,13.9,0.8,3.74,0.84,5.0,0.04,0.04,614.41884,1776198115000
1776198117.528,117.528,0.2,3.74,0.16,5.0,0.24,14.3,0.25,13.9,0.76,14.3,0.75,13.9,0.8,3.74,0.84,5.0,0.04,0.04,614.411804,1776198116000
1776198118.299,118.299,0.2,3.74,0.16,5.0,0.24,14.3,0.25,13.9,0.76,14.3,0.75,13.9,0.8,3.74,0.84,5.0,0.04,0.04,614.411804,1776198117000
1776198119.048,119.048,0.15,5.0,0.13,23.0,0.23,14.7,0.24,14.3,0.76,14.3,0.75,13.9,0.8,3.74,0.84,5.0,0.08,0.04,614.411804,1776198117000
1776198119.692,119.692,0.15,5.0,0.13,23.0,0.23,14.7,0.24,14.3,0.77,14.7,0.76,14.3,0.85,5.0,0.87,23.0,0.08,0.08,614.411,1776198118000
1776198120.377,120.377,0.15,5.0,0.13,23.0,0.23,14.7,0.24,14.3,0.77,14.7,0.76,14.3,0.85,5.0,0.87,23.0,0.08,0.08,614.415,1776198119000
1776198121.618,121.618,0.15,5.0,0.13,23.0,0.23,14.7,0.24,14.3,0.77,14.7,0.76,14.3,0.85,5.0,0.87,23.0,0.08,0.08,614.417,1776198120000
1776198122.344,122.344,0.15,5.0,0.13,23.0,0.23,14.7,0.24,14.3,0.77,14.7,0.76,14.3,0.85,5.0,0.87,23.0,0.08,0.08,614.417,1776198121000
1776198123.007,123.007,0.15,5.0,0.13,23.0,0.23,14.7,0.24,14.3,0.77,14.7,0.76,14.3,0.85,5.0,0.87,23.0,0.08,0.08,614.397,1776198122000
1776198124.657,124.657,0.15,5.0,0.13,23.0,0.23,14.7,0.24,14.3,0.77,14.7,0.76,14.3,0.85,5.0,0.87,23.0,0.08,0.08,614.385914,1776198123000
1776198125.459,125.459,0.15,5.0,0.13,23.0,0.23,14.7,0.24,14.3,0.77,14.7,0.76,14.3,0.85,5.0,0.87,23.0,0.08,0.08,614.385914,1776198124000
1776198126.98,126.98,0.15,5.0,0.13,23.0,0.23,14.7,0.24,14.3,0.77,14.7,0.76,14.3,0.85,5.0,0.87,23.0,0.08,0.08,614.384816,1776198125000
1776198127.589,127.589,0.15,5.0,0.13,23.0,0.23,14.7,0.24,14.3,0.77,14.7,0.76,14.3,0.85,5.0,0.87,23.0,0.08,0.08,614.373895,1776198126000
1776198128.418,128.418,0.15,5.0,0.13,23.0,0.23,14.7,0.24,14.3,0.77,14.7,0.76,14.3,0.85,5.0,0.87,23.0,0.08,0.08,614.373896,1776198127000
1776198129.115,129.115,0.15,5.0,0.13,23.0,0.23,14.7,0.24,14.3,0.77,14.7,0.76,14.3,0.85,5.0,0.87,23.0,0.08,0.08,614.368451,1776198128000
1776198130.492,130.492,0.15,5.0,0.13,23.0,0.23,14.7,0.24,14.3,0.77,14.7,0.76,14.3,0.85,5.0,0.87,23.0,0.08,0.08,614.368357,1776198129000
1776198131.2,131.2,0.15,5.0,0.13,23.0,0.23,14.7,0.24,14.3,0.77,14.7,0.76,14.3,0.85,5.0,0.87,23.0,0.08,0.08,614.354,1776198130000
1776198132.592,132.592,0.15,5.0,0.13,23.0,0.23,14.7,0.24,14.3,0.77,14.7,0.76,14.3,0.85,5.0,0.87,23.0,0.08,0.08,614.359,1776198131000
1776198133.363,133.363,0.15,5.0,0.13,23.0,0.23,14.7,0.24,14.3,0.77,14.7,0.76,14.3,0.85,5.0,0.87,23.0,0.08,0.08,614.359,1776198132000
1776198134.44,134.44,0.15,5.0,0.13,23.0,0.23,14.7,0.24,14.3,0.77,14.7,0.76,14.3,0.85,5.0,0.87,23.0,0.08,0.08,614.363,1776198133000
1776198135.053,135.053,0.15,5.0,0.13,23.0,0.23,14.7,0.24,14.3,0.77,14.7,0.76,14.3,0.85,5.0,0.87,23.0,0.08,0.08,614.363,1776198134000
1776198136.51,136.51,0.15,5.0,0.13,23.0,0.23,14.7,0.24,14.3,0.77,14.7,0.76,14.3,0.85,5.0,0.87,23.0,0.08,0.08,614.366,1776198135000
1776198137.215,137.215,0.15,5.0,0.13,23.0,0.23,14.7,0.24,14.3,0.77,14.7,0.76,14.3,0.85,5.0,0.87,23.0,0.08,0.08,614.375,1776198136000
1776198137.553,137.553,0.11,48.31,0.1,33.9,0.18,17.6,0.19,16.89,0.77,14.7,0.76,14.3,0.85,5.0,0.87,23.0,0.07,0.08,614.375,1776198136000
1776198138.589,138.589,0.11,48.31,0.1,33.9,0.18,17.6,0.19,16.89,0.82,17.6,0.81,16.89,0.89,48.31,0.9,33.9,0.07,0.07,614.377,1776198137000
1776198139.309,139.309,0.11,48.31,0.1,33.9,0.18,17.6,0.19,16.89,0.82,17.6,0.81,16.89,0.89,48.31,0.9,33.9,0.07,0.07,614.378,1776198138000
1776198140.664,140.664,0.11,48.31,0.1,33.9,0.18,17.6,0.19,16.89,0.82,17.6,0.81,16.89,0.89,48.31,0.9,33.9,0.07,0.07,614.378,1776198139000
1776198141.321,141.321,0.11,48.31,0.1,33.9,0.18,17.6,0.19,16.89,0.82,17.6,0.81,16.89,0.89,48.31,0.9,33.9,0.07,0.07,614.373,1776198140000
1776198141.818,141.818,0.09,5.0,0.07,39.9,0.13,14.0,0.14,21.6,0.82,17.6,0.81,16.89,0.89,48.31,0.9,33.9,0.04,0.07,614.373,1776198140000
1776198142.553,142.553,0.09,5.0,0.07,39.9,0.13,14.0,0.14,21.6,0.87,14.0,0.86,21.6,0.91,5.0,0.93,39.9,0.04,0.04,614.377,1776198141000
1776198143.189,143.189,0.09,5.0,0.07,39.9,0.13,14.0,0.14,21.6,0.87,14.0,0.86,21.6,0.91,5.0,0.93,39.9,0.04,0.04,614.320645,1776198142000
1776198144.501,144.501,0.09,5.0,0.07,39.9,0.13,14.0,0.14,21.6,0.87,14.0,0.86,21.6,0.91,5.0,0.93,39.9,0.04,0.04,614.284358,1776198143000
1776198145.156,145.156,0.09,5.0,0.07,39.9,0.13,14.0,0.14,21.6,0.87,14.0,0.86,21.6,0.91,5.0,0.93,39.9,0.04,0.04,614.286,1776198144000
1776198146.418,146.418,0.09,5.0,0.07,39.9,0.13,14.0,0.14,21.6,0.87,14.0,0.86,21.6,0.91,5.0,0.93,39.9,0.04,0.04,614.284235,1776198145000
1776198147.181,147.181,0.09,5.0,0.07,39.9,0.13,14.0,0.14,21.6,0.87,14.0,0.86,21.6,0.91,5.0,0.93,39.9,0.04,0.04,614.284292,1776198146000
1776198148.344,148.344,0.09,5.0,0.07,39.9,0.13,14.0,0.14,21.6,0.87,14.0,0.86,21.6,0.91,5.0,0.93,39.9,0.04,0.04,614.29,1776198147000
1776198149.128,149.128,0.06,36.89,0.05,54.7,0.12,24.6,0.13,14.0,0.87,14.0,0.86,21.6,0.91,5.0,0.93,39.9,0.06,0.04,614.29,1776198147000
1776198149.639,149.639,0.06,36.89,0.05,54.7,0.12,24.6,0.13,14.0,0.88,24.6,0.87,14.0,0.94,36.89,0.95,54.7,0.06,0.06,614.293,1776198148000
1776198150.265,150.265,0.06,36.89,0.05,54.7,0.12,24.6,0.13,14.0,0.88,24.6,0.87,14.0,0.94,36.89,0.95,54.7,0.06,0.06,614.299,1776198149000
1776198151.276,151.276,0.06,36.89,0.05,54.7,0.12,24.6,0.13,14.0,0.88,24.6,0.87,14.0,0.94,36.89,0.95,54.7,0.06,0.06,614.291,1776198150000
1776198152.421,152.421,0.06,36.89,0.05,54.7,0.12,24.6,0.13,14.0,0.88,24.6,0.87,14.0,0.94,36.89,0.95,54.7,0.06,0.06,614.299,1776198151000
1776198153.18,153.18,0.06,36.89,0.05,54.7,0.12,24.6,0.13,14.0,0.88,24.6,0.87,14.0,0.94,36.89,0.95,54.7,0.06,0.06,614.299,1776198152000
1776198154.28,154.28,0.06,36.89,0.05,54.7,0.12,24.6,0.13,14.0,0.88,24.6,0.87,14.0,0.94,36.89,0.95,54.7,0.06,0.06,614.299,1776198153000
1776198155.578,155.578,0.06,36.89,0.05,54.7,0.12,24.6,0.13,14.0,0.88,24.6,0.87,14.0,0.94,36.89,0.95,54.7,0.06,0.06,614.299,1776198154000
1776198156.564,156.564,0.06,36.89,0.05,54.7,0.12,24.6,0.13,14.0,0.88,24.6,0.87,14.0,0.94,36.89,0.95,54.7,0.06,0.06,614.125,1776198155000
1776198157.121,157.121,0.06,36.89,0.05,54.7,0.12,24.6,0.13,14.0,0.88,24.6,0.87,14.0,0.94,36.89,0.95,54.7,0.06,0.06,614.125,1776198156000
1776198157.402,157.402,0.04,24.79,0.03,33.33,0.05,54.7,0.06,46.1,0.88,24.6,0.87,14.0,0.94,36.89,0.95,54.7,0.01,0.06,614.125,1776198156000
1776198158.084,158.084,0.04,24.79,0.03,33.33,0.05,54.7,0.06,46.1,0.95,54.7,0.94,46.1,0.96,24.79,0.97,33.33,0.01,0.01,614.131,1776198157000
1776198158.955,158.955,0.04,16.54,0.03,33.33,0.05,54.7,0.06,46.1,0.95,54.7,0.94,46.1,0.96,24.79,0.97,33.33,0.01,0.01,614.131,1776198157000
1776198160.024,160.024,0.04,16.54,0.03,33.33,0.05,54.7,0.06,46.1,0.95,54.7,0.94,46.1,0.96,16.54,0.97,33.33,0.01,0.01,614.1,1776198159000
1776198161.06,161.06,0.04,16.54,0.03,33.33,0.05,54.7,0.06,46.1,0.95,54.7,0.94,46.1,0.96,16.54,0.97,33.33,0.01,0.01,614.096373,1776198160000
1776198162.012,162.012,0.04,16.54,0.03,33.33,0.05,54.7,0.06,46.1,0.95,54.7,0.94,46.1,0.96,16.54,0.97,33.33,0.01,0.01,614.097,1776198161000
1776198162.987,162.987,0.04,16.54,0.03,33.33,0.05,54.7,0.06,46.1,0.95,54.7,0.94,46.1,0.96,16.54,0.97,33.33,0.01,0.01,614.1,1776198162000
1776198163.933,163.933,0.04,11.54,0.03,33.33,0.05,59.7,0.06,46.1,0.95,54.7,0.94,46.1,0.96,16.54,0.97,33.33,0.01,0.01,614.1,1776198162000
1776198164.938,164.938,0.04,1.54,0.03,33.33,0.05,59.7,0.06,46.1,0.95,59.7,0.94,46.1,0.96,1.54,0.97,33.33,0.01,0.01,614.096,1776198164000
1776198165.147,165.147,0.04,1.54,0.03,33.33,0.05,37.54,0.06,66.1,0.95,59.7,0.94,46.1,0.96,1.54,0.97,33.33,0.01,0.01,614.096,1776198164000
1776198165.83,165.83,0.04,1.54,0.03,33.33,0.05,19.56,0.06,56.1,0.95,19.56,0.94,56.1,0.96,1.54,0.97,33.33,0.01,0.01,614.046081,1776198165000
1776198166.867,166.867,0.04,1.54,0.03,33.33,0.05,19.56,0.06,56.1,0.95,19.56,0.94,56.1,0.96,1.54,0.97,33.33,0.01,0.01,613.903366,1776198166000
1776198168.326,168.326,0.04,1.54,0.03,33.33,0.05,19.56,0.06,56.1,0.95,19.56,0.94,56.1,0.96,1.54,0.97,33.33,0.01,0.01,613.877,1776198167000
1776198169.503,169.503,0.04,1.54,0.03,33.33,0.05,19.56,0.06,56.1,0.95,19.56,0.94,56.1,0.96,1.54,0.97,33.33,0.01,0.01,613.877,1776198168000
1776198170.049,170.049,0.04,1.54,0.03,33.33,0.05,19.56,0.06,56.1,0.95,19.56,0.94,56.1,0.96,1.54,0.97,33.33,0.01,0.01,613.876,1776198169000
1776198171.077,171.077,0.04,1.54,0.03,33.33,0.05,19.56,0.06,56.1,0.95,19.56,0.94,56.1,0.96,1.54,0.97,33.33,0.01,0.01,613.875,1776198170000
1776198172.319,172.319,0.04,1.54,0.03,33.33,0.05,19.56,0.06,56.1,0.95,19.56,0.94,56.1,0.96,1.54,0.97,33.33,0.01,0.01,613.825,1776198171000
1776198172.961,172.961,0.04,1.54,0.03,33.33,0.05,19.56,0.06,56.1,0.95,19.56,0.94,56.1,0.96,1.54,0.97,33.33,0.01,0.01,613.866,1776198172000
1776198174.009,174.009,0.04,1.54,0.03,33.33,0.05,19.56,0.06,56.1,0.95,19.56,0.94,56.1,0.96,1.54,0.97,33.33,0.01,0.01,613.873,1776198173000
1776198175.019,175.019,0.04,1.54,0.03,33.33,0.05,19.56,0.06,56.1,0.95,19.56,0.94,56.1,0.96,1.54,0.97,33.33,0.01,0.01,613.869,1776198174000
1776198176.281,176.281,0.04,1.54,0.03,33.33,0.05,19.56,0.06,56.1,0.95,19.56,0.94,56.1,0.96,1.54,0.97,33.33,0.01,0.01,613.87,1776198175000
1776198177.408,177.408,0.04,1.54,0.03,33.33,0.05,19.56,0.06,56.1,0.95,19.56,0.94,56.1,0.96,1.54,0.97,33.33,0.01,0.01,613.825,1776198176000
1776198178.011,178.011,0.04,0.49,0.03,33.33,0.05,29.56,0.06,46.1,0.95,29.56,0.94,46.1,0.96,0.49,0.97,33.33,0.01,0.01,613.825,1776198177000
1776198179.048,179.048,0.04,0.49,0.03,33.33,0.05,29.56,0.06,46.1,0.95,29.56,0.94,46.1,0.96,0.49,0.97,33.33,0.01,0.01,613.814,1776198178000
1776198180.321,180.321,0.04,0.49,0.03,33.33,0.05,29.56,0.06,46.1,0.95,29.56,0.94,46.1,0.96,0.49,0.97,33.33,0.01,0.01,613.817,1776198179000
1776198180.668,180.668,0.01,292.82,,,0.05,24.56,0.06,51.1,0.95,29.56,0.94,46.1,0.96,0.49,0.97,33.33,0.04,0.01,613.817,1776198179000
1776198181.381,181.381,0.01,292.82,,,0.05,24.56,0.06,51.1,0.95,24.56,0.94,51.1,0.99,292.82,,,0.04,0.04,613.825,1776198180000
1776198181.852,181.852,0.01,290.79,,,0.03,89.3,0.04,67.7,0.95,24.56,0.94,51.1,0.99,292.82,,,0.02,0.04,613.825,1776198180000
1776198182.319,182.319,,,,,0.01,709.21,0.02,132.69,0.97,89.3,0.96,67.7,0.99,290.79,,,,0.02,613.825,1776198181000
1776198183.048,183.048,,,,,0.01,709.21,0.02,132.69,0.99,709.21,0.98,132.69,,,,,,,613.812201,1776198182000
1776198184.15,184.15,,,,,0.01,709.21,0.02,132.69,0.99,709.21,0.98,132.69,,,,,,,613.811659,1776198183000
1776198185.531,185.531,,,,,0.01,709.21,0.02,132.69,0.99,709.21,0.98,132.69,,,,,,,613.681,1776198184000
1776198186.17,186.17,,,,,0.01,709.21,0.02,132.69,0.99,709.21,0.98,132.69,,,,,,,613.668,1776198185000
1776198187.31,187.31,,,,,0.01,709.21,0.02,132.69,0.99,709.21,0.98,132.69,,,,,,,613.703,1776198186000
1776198188.412,188.412,,,,,0.01,709.21,0.02,132.69,0.99,709.21,0.98,132.69,,,,,,,613.713,1776198187000
1776198189.098,189.098,,,,,0.01,709.21,0.02,132.69,0.99,709.21,0.98,132.69,,,,,,,613.713,1776198188000
1776198189.487,189.487,,,,,0.01,1022.41,0.02,132.69,0.99,709.21,0.98,132.69,,,,,,,613.713,1776198188000
1776198190.212,190.212,,,,,0.01,1022.41,0.02,132.69,0.99,1022.41,0.98,132.69,,,,,,,613.795182,1776198189000
1776198191.261,191.261,,,,,0.01,1022.41,0.02,132.69,0.99,1022.41,0.98,132.69,,,,,,,613.786,1776198190000
1776198192.483,192.483,,,,,0.01,1022.41,0.02,132.69,0.99,1022.41,0.98,132.69,,,,,,,613.82,1776198191000
1776198192.959,192.959,,,,,0.01,1022.41,0.02,132.69,0.99,1022.41,0.98,132.69,,,,,,,613.837,1776198192000
1776198193.938,193.938,,,,,0.01,356.06,0.02,132.69,0.99,1022.41,0.98,132.69,,,,,,,613.837,1776198192000
1776198195.318,195.318,,,,,0.01,356.06,0.02,132.69,0.99,356.06,0.98,132.69,,,,,,,613.808,1776198194000
1776198196.428,196.428,,,,,0.01,356.06,0.02,132.69,0.99,356.06,0.98,132.69,,,,,,,613.741,1776198195000
1776198196.986,196.986,,,,,0.01,356.06,0.02,132.69,0.99,356.06,0.98,132.69,,,,,,,613.741,1776198196000
1776198198.184,198.184,,,,,0.01,356.06,0.02,132.69,0.99,356.06,0.98,132.69,,,,,,,613.738,1776198197000
1776198199.366,199.366,,,,,0.01,356.06,0.02,132.69,0.99,356.06,0.98,132.69,,,,,,,613.743,1776198198000
1776198201.478,201.478,,,,,0.01,356.06,0.02,132.69,0.99,356.06,0.98,132.69,,,,,,,613.742,1776198200000
1776198202.165,202.165,,,,,0.01,356.06,0.02,132.69,0.99,356.06,0.98,132.69,,,,,,,613.731941,1776198201000
1776198203.365,203.365,,,,,0.01,356.06,0.02,132.69,0.99,356.06,0.98,132.69,,,,,,,613.757,1776198202000
1776198204.619,204.619,,,,,0.01,356.06,0.02,132.69,0.99,356.06,0.98,132.69,,,,,,,613.758,1776198203000
1776198205.399,205.399,,,,,0.01,356.06,0.02,132.69,0.99,356.06,0.98,132.69,,,,,,,613.758,1776198204000
1776198205.962,205.962,,,,,0.01,356.06,0.02,132.69,0.99,356.06,0.98,132.69,,,,,,,613.756,1776198205000
1776198207.426,207.426,,,,,0.01,356.06,0.02,132.69,0.99,356.06,0.98,132.69,,,,,,,613.752,1776198206000
1776198208.046,208.046,,,,,0.01,356.06,0.02,132.69,0.99,356.06,0.98,132.69,,,,,,,613.753,1776198207000
1776198209.291,209.291,,,,,0.01,356.06,0.02,132.69,0.99,356.06,0.98,132.69,,,,,,,613.741,1776198208000
1776198210.648,210.648,,,,,0.01,356.06,0.02,132.69,0.99,356.06,0.98,132.69,,,,,,,613.744,1776198209000
1776198211.182,211.182,,,,,0.01,356.06,0.02,132.69,0.99,356.06,0.98,132.69,,,,,,,613.744,1776198210000
1776198212.552,212.552,,,,,0.01,356.06,0.02,132.69,0.99,356.06,0.98,132.69,,,,,,,613.737,1776198211000
1776198213.16,213.16,,,,,0.01,356.06,0.02,132.69,0.99,356.06,0.98,132.69,,,,,,,613.737,1776198212000
1776198214.332,214.332,,,,,0.01,356.06,0.02,132.69,0.99,356.06,0.98,132.69,,,,,,,613.715,1776198213000
1776198215.048,215.048,,,,,0.01,356.06,0.02,132.69,0.99,356.06,0.98,132.69,,,,,,,613.715,1776198214000
1776198216.68,216.68,,,,,0.01,356.06,0.02,132.69,0.99,356.06,0.98,132.69,,,,,,,613.575,1776198215000
1776198217.237,217.237,,,,,0.01,356.06,0.02,132.69,0.99,356.06,0.98,132.69,,,,,,,613.575,1776198216000
1776198218.36,218.36,,,,,0.01,356.06,0.02,132.69,0.99,356.06,0.98,132.69,,,,,,,613.569,1776198217000
1776198219.313,219.313,,,,,0.01,356.06,0.02,132.69,0.99,356.06,0.98,132.69,,,,,,,613.566,1776198218000
1776198219.973,219.973,,,,,0.01,356.06,0.02,132.69,0.99,356.06,0.98,132.69,,,,,,,613.566,1776198219000
1776198220.897,220.897,,,,,0.01,356.06,0.02,132.69,0.99,356.06,0.98,132.69,,,,,,,613.558,1776198220000
1776198221.951,221.951,,,,,0.01,356.06,0.02,132.69,0.99,356.06,0.98,132.69,,,,,,,613.57,1776198221000
1776198223.078,223.078,,,,,0.01,356.06,0.02,132.69,0.99,356.06,0.98,132.69,,,,,,,613.571,1776198222000
1776198224.024,224.024,,,,,0.01,356.06,0.02,132.69,0.99,356.06,0.98,132.69,,,,,,,613.575,1776198223000
1776198225.049,225.049,,,,,0.01,356.06,0.02,132.69,0.99,356.06,0.98,132.69,,,,,,,613.572,1776198224000
1776198226.152,226.152,,,,,0.01,356.06,0.02,132.69,0.99,356.06,0.98,132.69,,,,,,,613.527,1776198225000
1776198227.176,227.176,,,,,0.01,356.06,0.02,132.69,0.99,356.06,0.98,132.69,,,,,,,613.578,1776198226000
1776198228.284,228.284,,,,,0.01,356.06,0.02,132.69,0.99,356.06,0.98,132.69,,,,,,,613.566,1776198227000
1776198229.255,229.255,,,,,0.01,356.06,0.02,132.69,0.99,356.06,0.98,132.69,,,,,,,613.573,1776198228000
1776198230.341,230.341,,,,,0.01,356.06,0.02,132.69,0.99,356.06,0.98,132.69,,,,,,,613.616,1776198229000
1776198231.366,231.366,,,,,0.01,356.06,0.02,132.69,0.99,356.06,0.98,132.69,,,,,,,613.609,1776198230000
1776198232.382,232.382,,,,,0.01,356.06,0.02,132.69,0.99,356.06,0.98,132.69,,,,,,,613.609,1776198231000
1776198232.986,232.986,,,,,0.01,356.06,0.02,132.69,0.99,356.06,0.98,132.69,,,,,,,613.62,1776198232000
1776198234.203,234.203,,,,,0.01,356.06,0.02,132.69,0.99,356.06,0.98,132.69,,,,,,,613.513,1776198233000
1776198235.265,235.265,,,,,0.01,356.06,0.02,132.69,0.99,356.06,0.98,132.69,,,,,,,613.472577,1776198234000
1776198236.475,236.475,,,,,0.01,356.06,0.02,132.69,0.99,356.06,0.98,132.69,,,,,,,613.471844,1776198235000
1776198237.084,237.084,,,,,0.01,356.06,0.02,132.69,0.99,356.06,0.98,132.69,,,,,,,613.461015,1776198236000
1776198238.165,238.165,,,,,0.01,356.06,0.02,132.69,0.99,356.06,0.98,132.69,,,,,,,613.46378,1776198237000
1776198239.241,239.241,,,,,0.01,356.06,0.02,132.69,0.99,356.06,0.98,132.69,,,,,,,613.412,1776198238000
1776198240.291,240.291,,,,,0.01,356.06,0.02,132.69,0.99,356.06,0.98,132.69,,,,,,,613.422,1776198239000
1776198241.539,241.539,,,,,0.01,356.06,0.02,132.69,0.99,356.06,0.98,132.69,,,,,,,613.434,1776198240000
1776198242.192,242.192,,,,,0.01,356.06,0.02,132.69,0.99,356.06,0.98,132.69,,,,,,,613.434,1776198241000
1776198243.584,243.584,,,,,0.01,356.06,0.02,132.69,0.99,356.06,0.98,132.69,,,,,,,613.297,1776198242000
1776198244.181,244.181,,,,,0.01,356.06,0.02,132.69,0.99,356.06,0.98,132.69,,,,,,,613.292,1776198243000
1776198246.138,246.138,,,,,0.01,356.06,0.02,132.69,0.99,356.06,0.98,132.69,,,,,,,613.286,1776198245000
1776198247.606,247.606,,,,,0.01,356.06,0.02,132.69,0.99,356.06,0.98,132.69,,,,,,,613.321,1776198246000
1776198248.236,248.236,,,,,0.01,356.06,0.02,132.69,0.99,356.06,0.98,132.69,,,,,,,613.321,1776198247000
1776198249.591,249.591,,,,,0.01,356.06,0.02,132.69,0.99,356.06,0.98,132.69,,,,,,,613.317,1776198248000
1776198250.216,250.216,,,,,0.01,356.06,0.02,132.69,0.99,356.06,0.98,132.69,,,,,,,613.385,1776198249000
1776198251.812,251.812,,,,,0.01,356.06,0.02,132.69,0.99,356.06,0.98,132.69,,,,,,,613.386,1776198250000
1776198252.429,252.429,,,,,0.01,356.06,0.02,132.69,0.99,356.06,0.98,132.69,,,,,,,613.387,1776198251000
1776198253.119,253.119,,,,,0.01,356.06,0.02,132.69,0.99,356.06,0.98,132.69,,,,,,,613.387,1776198252000
1776198254.246,254.246,,,,,0.01,356.06,0.02,132.69,0.99,356.06,0.98,132.69,,,,,,,613.42,1776198253000
1776198255.315,255.315,,,,,0.01,356.06,0.02,132.69,0.99,356.06,0.98,132.69,,,,,,,613.416,1776198254000
1776198255.917,255.917,,,,,0.01,356.06,0.02,132.69,0.99,356.06,0.98,132.69,,,,,,,613.416,1776198255000
1776198257.39,257.39,,,,,0.01,356.06,0.02,132.69,0.99,356.06,0.98,132.69,,,,,,,613.496,1776198256000
1776198257.969,257.969,,,,,0.01,356.06,0.02,132.69,0.99,356.06,0.98,132.69,,,,,,,613.496,1776198257000
1776198258.975,258.975,,,,,0.01,356.06,0.02,132.69,0.99,356.06,0.98,132.69,,,,,,,613.564,1776198258000
1776198260.162,260.162,,,,,0.01,356.06,0.02,132.69,0.99,356.06,0.98,132.69,,,,,,,613.549,1776198259000
1776198261.48,261.48,,,,,0.01,356.06,0.02,132.69,0.99,356.06,0.98,132.69,,,,,,,613.551,1776198260000
1776198262.602,262.602,,,,,0.01,356.06,0.02,132.69,0.99,356.06,0.98,132.69,,,,,,,613.562,1776198261000
1776198263.054,263.054,,,,,0.01,356.06,0.02,132.69,0.99,356.06,0.98,132.69,,,,,,,613.562,1776198262000
1776198264.176,264.176,,,,,0.01,356.06,0.02,132.69,0.99,356.06,0.98,132.69,,,,,,,613.597,1776198263000
1776198265.172,265.172,,,,,0.01,356.06,0.02,132.69,0.99,356.06,0.98,132.69,,,,,,,613.632,1776198264000
1776198266.186,266.186,,,,,0.01,356.06,0.02,132.69,0.99,356.06,0.98,132.69,,,,,,,613.613,1776198265000
1776198267.197,267.197,,,,,0.01,356.06,0.02,132.69,0.99,356.06,0.98,132.69,,,,,,,613.579,1776198266000
1776198268.281,268.281,,,,,0.01,356.06,0.02,132.69,0.99,356.06,0.98,132.69,,,,,,,613.579,1776198267000
1776198269.296,269.296,,,,,0.01,356.06,0.02,132.69,0.99,356.06,0.98,132.69,,,,,,,613.582,1776198268000
1776198270.351,270.351,,,,,0.01,356.06,0.02,132.69,0.99,356.06,0.98,132.69,,,,,,,613.578,1776198269000
1776198271.243,271.243,,,,,0.01,356.06,0.02,132.69,0.99,356.06,0.98,132.69,,,,,,,613.57,1776198270000
1776198272.39,272.39,,,,,0.01,356.06,0.02,132.69,0.99,356.06,0.98,132.69,,,,,,,613.563,1776198271000
1776198273.016,273.016,,,,,0.01,356.06,0.02,132.69,0.99,356.06,0.98,132.69,,,,,,,613.563,1776198272000
1776198274.054,274.054,,,,,0.01,356.06,0.02,132.69,0.99,356.06,0.98,132.69,,,,,,,613.561,1776198273000
1776198275.089,275.089,,,,,0.01,356.06,0.02,132.69,0.99,356.06,0.98,132.69,,,,,,,613.57,1776198274000
1776198275.957,275.957,,,,,0.01,356.06,0.02,132.69,0.99,356.06,0.98,132.69,,,,,,,613.57,1776198275000
1776198277.007,277.007,,,,,0.01,356.06,0.02,132.69,0.99,356.06,0.98,132.69,,,,,,,613.571,1776198276000
1776198278.104,278.104,,,,,0.01,356.06,0.02,132.69,0.99,356.06,0.98,132.69,,,,,,,613.571,1776198277000
1776198279.129,279.129,,,,,0.01,356.06,0.02,132.69,0.99,356.06,0.98,132.69,,,,,,,613.573,1776198278000
1776198280.157,280.157,,,,,0.01,356.06,0.02,132.69,0.99,356.06,0.98,132.69,,,,,,,613.573,1776198279000
1776198281.107,281.107,,,,,0.01,356.06,0.02,132.69,0.99,356.06,0.98,132.69,,,,,,,613.576,1776198280000
1776198282.127,282.127,,,,,0.01,356.06,0.02,132.69,0.99,356.06,0.98,132.69,,,,,,,613.593,1776198281000
1776198283.279,283.279,,,,,0.01,356.06,0.02,132.69,0.99,356.06,0.98,132.69,,,,,,,613.593,1776198282000
1776198284.37,284.37,,,,,0.01,356.06,0.02,132.69,0.99,356.06,0.98,132.69,,,,,,,613.658,1776198283000
1776198285.313,285.313,,,,,0.01,356.06,0.02,132.69,0.99,356.06,0.98,132.69,,,,,,,613.67,1776198284000
1776198286.36,286.36,,,,,0.01,356.06,0.02,132.69,0.99,356.06,0.98,132.69,,,,,,,613.661,1776198285000
1776198287.337,287.337,,,,,0.01,356.06,0.02,132.69,0.99,356.06,0.98,132.69,,,,,,,613.661,1776198286000
1776198287.872,287.872,,,,,0.01,356.06,0.02,132.69,0.99,356.06,0.98,132.69,,,,,,,613.668036,1776198287000
1776198289.493,289.493,,,,,0.01,356.06,0.02,132.69,0.99,356.06,0.98,132.69,,,,,,,613.684,1776198288000
1776198290.023,290.023,,,,,0.01,356.06,0.02,132.69,0.99,356.06,0.98,132.69,,,,,,,613.684,1776198289000
1776198291.231,291.231,,,,,0.01,356.06,0.02,132.69,0.99,356.06,0.98,132.69,,,,,,,613.674,1776198290000
1776198292.138,292.138,,,,,0.01,356.06,0.02,132.69,0.99,356.06,0.98,132.69,,,,,,,613.687,1776198291000
1776198293.241,293.241,,,,,0.01,356.06,0.02,132.69,0.99,356.06,0.98,132.69,,,,,,,613.687,1776198292000
1776198294.361,294.361,,,,,0.01,356.06,0.02,132.69,0.99,356.06,0.98,132.69,,,,,,,613.717,1776198293000
1776198295.364,295.364,,,,,0.01,356.06,0.02,132.69,0.99,356.06,0.98,132.69,,,,,,,613.719,1776198294000
1776198295.934,295.934,,,,,0.01,356.06,0.02,132.69,0.99,356.06,0.98,132.69,,,,,,,613.738677,1776198295000
1776198297.048,297.048,,,,,0.01,356.06,0.02,132.69,0.99,356.06,0.98,132.69,,,,,,,613.763,1776198296000
1776198298.044,298.044,,,,,0.01,356.06,0.02,132.69,0.99,356.06,0.98,132.69,,,,,,,613.805,1776198297000
1776198299.067,299.067,,,,,0.01,356.06,0.02,132.69,0.99,356.06,0.98,132.69,,,,,,,613.809,1776198298000
1776198300.043,300.043,,,,,0.01,356.06,0.02,132.69,0.99,356.06,0.98,132.69,,,,,,,613.809,1776198299000
1776198301.052,301.052,,,,,0.01,356.06,0.02,132.69,0.99,356.06,0.98,132.69,,,,,,,613.777,1776198300000
1776198302.061,302.061,,,,,0.01,356.06,0.02,132.69,0.99,356.06,0.98,132.69,,,,,,,613.771,1776198301000

# RESULT,winner=Down,slug=bnb-updown-5m-1776198000,ticks=315
