timestamp,elapsed_sec,up_bid_p1,up_bid_s1,up_bid_p2,up_bid_s2,up_bid_p3,up_bid_s3,up_bid_p4,up_bid_s4,up_bid_p5,up_bid_s5,up_ask_p1,up_ask_s1,up_ask_p2,up_ask_s2,up_ask_p3,up_ask_s3,up_ask_p4,up_ask_s4,up_ask_p5,up_ask_s5,down_bid_p1,down_bid_s1,down_bid_p2,down_bid_s2,down_bid_p3,down_bid_s3,down_bid_p4,down_bid_s4,down_bid_p5,down_bid_s5,down_ask_p1,down_ask_s1,down_ask_p2,down_ask_s2,down_ask_p3,down_ask_s3,down_ask_p4,down_ask_s4,down_ask_p5,down_ask_s5,up_spread,down_spread,bnb_price,bnb_oracle_ts
1776164401.427,1.427,0.41,13.0,0.4,8.0,0.39,8.0,0.38,8.0,0.37,189.0,0.59,13.0,0.6,8.0,0.61,8.0,0.62,8.0,0.63,189.0,0.41,13.0,0.4,8.0,0.39,8.0,0.38,8.0,0.37,189.0,0.59,13.0,0.6,8.0,0.61,8.0,0.62,8.0,0.63,189.0,0.18,0.18,618.086,1776164400000
1776164402.122,2.122,0.41,13.0,0.4,8.0,0.39,8.0,0.38,8.0,0.37,189.0,0.59,13.0,0.6,8.0,0.61,8.0,0.62,8.0,0.63,189.0,0.41,13.0,0.4,8.0,0.39,8.0,0.38,8.0,0.37,189.0,0.59,13.0,0.6,8.0,0.61,8.0,0.62,8.0,0.63,189.0,0.18,0.18,618.086,1776164401000
1776164404.204,4.204,0.41,13.0,0.4,8.0,0.39,8.0,0.38,8.0,0.37,189.0,0.59,13.0,0.6,8.0,0.61,8.0,0.62,8.0,0.63,189.0,0.41,13.0,0.4,8.0,0.39,8.0,0.38,8.0,0.37,189.0,0.59,13.0,0.6,8.0,0.61,8.0,0.62,8.0,0.63,189.0,0.18,0.18,617.95844,1776164403000
1776164405.091,5.091,0.41,13.0,0.4,8.0,0.39,8.0,0.38,8.0,0.37,189.0,0.59,13.0,0.6,8.0,0.61,8.0,0.62,8.0,0.63,189.0,0.41,13.0,0.4,8.0,0.39,8.0,0.38,8.0,0.37,189.0,0.59,13.0,0.6,8.0,0.61,8.0,0.62,8.0,0.63,189.0,0.18,0.18,617.87358,1776164404000
1776164406.196,6.196,0.28,5.87,0.27,450.0,0.26,19.0,0.25,600.0,0.21,800.0,0.35,5.0,0.48,9.0,0.51,50.0,0.61,50.0,0.71,50.0,0.41,13.0,0.4,8.0,0.39,8.0,0.38,8.0,0.37,189.0,0.59,13.0,0.6,8.0,0.61,8.0,0.62,8.0,0.63,189.0,0.07,0.18,617.87358,1776164404000
1776164407.165,7.165,0.28,5.87,0.27,450.0,0.26,19.0,0.25,600.0,0.21,800.0,0.35,5.0,0.48,9.0,0.51,50.0,0.61,50.0,0.71,50.0,0.65,5.0,0.52,9.0,0.49,50.0,0.39,50.0,0.29,50.0,0.72,5.87,0.73,450.0,0.74,19.0,0.75,600.0,0.79,800.0,0.07,0.07,617.896971,1776164406000
1776164408.332,8.332,0.28,5.87,0.27,450.0,0.26,19.0,0.25,600.0,0.21,800.0,0.35,5.0,0.48,9.0,0.51,50.0,0.61,50.0,0.71,50.0,0.65,5.0,0.52,9.0,0.49,50.0,0.39,50.0,0.29,50.0,0.72,5.87,0.73,450.0,0.74,19.0,0.75,600.0,0.79,800.0,0.07,0.07,617.899097,1776164407000
1776164409.293,9.293,0.28,5.87,0.27,450.0,0.26,19.0,0.25,600.0,0.21,800.0,0.35,5.0,0.48,9.0,0.51,50.0,0.61,50.0,0.71,50.0,0.65,5.0,0.52,9.0,0.49,50.0,0.39,50.0,0.29,50.0,0.72,5.87,0.73,450.0,0.74,19.0,0.75,600.0,0.79,800.0,0.07,0.07,617.903479,1776164408000
1776164410.322,10.322,0.28,5.87,0.27,450.0,0.26,19.0,0.25,600.0,0.21,800.0,0.35,5.0,0.48,9.0,0.51,50.0,0.61,50.0,0.71,50.0,0.65,5.0,0.52,9.0,0.49,50.0,0.39,50.0,0.29,50.0,0.72,5.87,0.73,450.0,0.74,19.0,0.75,600.0,0.79,800.0,0.07,0.07,617.89925,1776164409000
1776164411.27,11.27,0.28,5.87,0.27,450.0,0.26,19.0,0.25,600.0,0.21,800.0,0.35,5.0,0.48,9.0,0.51,50.0,0.61,50.0,0.71,50.0,0.65,5.0,0.52,9.0,0.49,50.0,0.39,50.0,0.29,50.0,0.72,5.87,0.73,450.0,0.74,19.0,0.75,600.0,0.79,800.0,0.07,0.07,617.921,1776164410000
1776164412.33,12.33,0.28,5.87,0.27,450.0,0.26,19.0,0.25,600.0,0.21,800.0,0.35,5.0,0.48,9.0,0.51,50.0,0.61,50.0,0.71,50.0,0.65,5.0,0.52,9.0,0.49,50.0,0.39,50.0,0.29,50.0,0.72,5.87,0.73,450.0,0.74,19.0,0.75,600.0,0.79,800.0,0.07,0.07,617.937,1776164411000
1776164413.351,13.351,0.28,5.87,0.27,450.0,0.26,19.0,0.25,600.0,0.21,800.0,0.35,5.0,0.48,9.0,0.51,50.0,0.61,50.0,0.71,50.0,0.65,5.0,0.52,9.0,0.49,50.0,0.39,50.0,0.29,50.0,0.72,5.87,0.73,450.0,0.74,19.0,0.75,600.0,0.79,800.0,0.07,0.07,617.919,1776164412000
1776164414.303,14.303,0.28,5.87,0.27,450.0,0.26,19.0,0.25,600.0,0.21,800.0,0.35,5.0,0.48,9.0,0.51,50.0,0.61,50.0,0.71,50.0,0.65,5.0,0.52,9.0,0.49,50.0,0.39,50.0,0.29,50.0,0.72,5.87,0.73,450.0,0.74,19.0,0.75,600.0,0.79,800.0,0.07,0.07,617.92,1776164413000
1776164415.447,15.447,0.28,5.87,0.27,450.0,0.26,19.0,0.25,600.0,0.21,800.0,0.35,5.0,0.48,9.0,0.51,50.0,0.61,50.0,0.71,50.0,0.65,5.0,0.52,9.0,0.49,50.0,0.39,50.0,0.29,50.0,0.72,5.87,0.73,450.0,0.74,19.0,0.75,600.0,0.79,800.0,0.07,0.07,617.919,1776164414000
1776164416.047,16.047,0.28,5.87,0.27,450.0,0.26,19.0,0.25,600.0,0.21,800.0,0.35,5.0,0.48,9.0,0.51,50.0,0.61,50.0,0.71,50.0,0.65,5.0,0.52,9.0,0.49,50.0,0.39,50.0,0.29,50.0,0.72,5.87,0.73,450.0,0.74,19.0,0.75,600.0,0.79,800.0,0.07,0.07,617.919,1776164415000
1776164417.708,17.708,0.28,8.98,0.22,10.0,0.21,50.0,0.2,5.0,0.19,5.0,0.29,11.21,0.31,5.0,0.43,10.0,0.49,9.0,0.51,50.0,0.65,5.0,0.52,9.0,0.49,50.0,0.39,50.0,0.29,50.0,0.72,5.87,0.73,450.0,0.74,19.0,0.75,600.0,0.79,800.0,0.01,0.07,617.919,1776164415000
1776164418.749,18.749,0.28,8.98,0.22,10.0,0.21,50.0,0.2,5.0,0.19,5.0,0.29,11.21,0.31,5.0,0.43,10.0,0.49,9.0,0.51,50.0,0.71,11.21,0.69,5.0,0.57,10.0,0.51,9.0,0.49,50.0,0.72,8.98,0.78,10.0,0.79,50.0,0.8,5.0,0.81,5.0,0.01,0.01,617.939,1776164417000
1776164419.017,19.017,0.21,60.0,0.2,5.0,0.19,5.0,0.12,5.0,0.11,155.0,0.24,5.02,0.29,11.21,0.31,5.0,0.36,5.0,0.37,5.0,0.71,11.21,0.69,5.0,0.57,10.0,0.51,9.0,0.49,50.0,0.72,8.98,0.78,10.0,0.79,50.0,0.8,5.0,0.81,5.0,0.03,0.01,617.939,1776164417000
1776164419.395,19.395,0.21,60.0,0.2,5.0,0.19,5.0,0.12,5.0,0.11,155.0,0.24,5.02,0.29,11.21,0.31,5.0,0.36,5.0,0.37,5.0,0.76,5.02,0.71,11.21,0.69,5.0,0.64,5.0,0.63,5.0,0.79,60.0,0.8,5.0,0.81,5.0,0.88,5.0,0.89,155.0,0.03,0.03,617.937,1776164418000
1776164420.468,20.468,0.21,60.0,0.2,5.0,0.19,5.0,0.12,5.0,0.11,155.0,0.24,5.02,0.29,11.21,0.31,5.0,0.36,5.0,0.37,5.0,0.76,5.02,0.71,11.21,0.69,5.0,0.64,5.0,0.63,5.0,0.79,60.0,0.8,5.0,0.81,5.0,0.88,5.0,0.89,155.0,0.03,0.03,617.90789,1776164419000
1776164421.117,21.117,0.21,60.0,0.2,5.0,0.19,5.0,0.12,5.0,0.11,155.0,0.24,5.02,0.29,11.21,0.31,5.0,0.36,5.0,0.37,5.0,0.76,5.02,0.71,11.21,0.69,5.0,0.64,5.0,0.63,5.0,0.79,60.0,0.8,5.0,0.81,5.0,0.88,5.0,0.89,155.0,0.03,0.03,617.897003,1776164420000
1776164422.413,22.413,0.21,60.0,0.2,5.0,0.19,5.0,0.12,5.0,0.11,155.0,0.24,5.02,0.29,11.21,0.31,5.0,0.36,5.0,0.37,5.0,0.76,5.02,0.71,11.21,0.69,5.0,0.64,5.0,0.63,5.0,0.79,60.0,0.8,5.0,0.81,5.0,0.88,5.0,0.89,155.0,0.03,0.03,617.899257,1776164421000
1776164423.294,23.294,0.21,60.0,0.2,5.0,0.19,5.0,0.12,5.0,0.11,155.0,0.24,5.02,0.29,11.21,0.31,5.0,0.36,5.0,0.37,5.0,0.76,5.02,0.71,11.21,0.69,5.0,0.64,5.0,0.63,5.0,0.79,60.0,0.8,5.0,0.81,5.0,0.88,5.0,0.89,155.0,0.03,0.03,617.88755,1776164422000
1776164424.051,24.051,0.21,60.0,0.2,5.0,0.19,5.0,0.12,5.0,0.11,155.0,0.24,5.02,0.29,11.21,0.31,5.0,0.36,5.0,0.37,5.0,0.76,5.02,0.71,11.21,0.69,5.0,0.64,5.0,0.63,5.0,0.79,60.0,0.8,5.0,0.81,5.0,0.88,5.0,0.89,155.0,0.03,0.03,617.88998,1776164423000
1776164425.158,25.158,0.21,60.0,0.2,5.0,0.19,5.0,0.12,5.0,0.11,155.0,0.24,5.02,0.29,11.21,0.31,5.0,0.36,5.0,0.37,5.0,0.76,5.02,0.71,11.21,0.69,5.0,0.64,5.0,0.63,5.0,0.79,60.0,0.8,5.0,0.81,5.0,0.88,5.0,0.89,155.0,0.03,0.03,617.8938,1776164424000
1776164426.213,26.213,0.21,60.0,0.2,5.0,0.19,5.0,0.12,5.0,0.11,155.0,0.24,5.02,0.29,11.21,0.31,5.0,0.36,5.0,0.37,5.0,0.76,5.02,0.71,11.21,0.69,5.0,0.64,5.0,0.63,5.0,0.79,60.0,0.8,5.0,0.81,5.0,0.88,5.0,0.89,155.0,0.03,0.03,617.89403,1776164425000
1776164427.381,27.381,0.21,60.0,0.2,5.0,0.19,5.0,0.12,5.0,0.11,155.0,0.24,5.02,0.29,11.21,0.31,5.0,0.36,5.0,0.37,5.0,0.76,5.02,0.71,11.21,0.69,5.0,0.64,5.0,0.63,5.0,0.79,60.0,0.8,5.0,0.81,5.0,0.88,5.0,0.89,155.0,0.03,0.03,617.89885,1776164426000
1776164428.504,28.504,0.21,60.0,0.2,5.0,0.19,5.0,0.12,5.0,0.11,155.0,0.24,5.02,0.29,11.21,0.31,5.0,0.36,5.0,0.37,5.0,0.76,5.02,0.71,11.21,0.69,5.0,0.64,5.0,0.63,5.0,0.79,60.0,0.8,5.0,0.81,5.0,0.88,5.0,0.89,155.0,0.03,0.03,617.88771,1776164427000
1776164429.01,29.01,0.21,60.0,0.2,5.0,0.19,5.0,0.12,5.0,0.11,155.0,0.24,5.02,0.29,11.21,0.31,5.0,0.36,5.0,0.37,5.0,0.76,5.02,0.71,11.21,0.69,5.0,0.64,5.0,0.63,5.0,0.79,60.0,0.8,5.0,0.81,5.0,0.88,5.0,0.89,155.0,0.03,0.03,617.88874,1776164428000
1776164430.217,30.217,0.21,60.0,0.2,5.0,0.19,5.0,0.12,5.0,0.11,155.0,0.24,5.02,0.29,11.21,0.31,5.0,0.36,5.0,0.37,5.0,0.76,5.02,0.71,11.21,0.69,5.0,0.64,5.0,0.63,5.0,0.79,60.0,0.8,5.0,0.81,5.0,0.88,5.0,0.89,155.0,0.03,0.03,617.9055,1776164429000
1776164431.307,31.307,0.21,60.0,0.2,5.0,0.19,5.0,0.12,5.0,0.11,155.0,0.24,5.02,0.29,11.21,0.31,5.0,0.36,5.0,0.37,5.0,0.76,5.02,0.71,11.21,0.69,5.0,0.64,5.0,0.63,5.0,0.79,60.0,0.8,5.0,0.81,5.0,0.88,5.0,0.89,155.0,0.03,0.03,617.895547,1776164430000
1776164432.451,32.451,0.21,60.0,0.2,5.0,0.19,5.0,0.12,5.0,0.11,155.0,0.24,5.02,0.29,11.21,0.31,5.0,0.36,5.0,0.37,5.0,0.76,5.02,0.71,11.21,0.69,5.0,0.64,5.0,0.63,5.0,0.79,60.0,0.8,5.0,0.81,5.0,0.88,5.0,0.89,155.0,0.03,0.03,617.896123,1776164431000
1776164433.362,33.362,0.21,60.0,0.2,5.0,0.19,5.0,0.12,5.0,0.11,155.0,0.24,5.02,0.29,11.21,0.31,5.0,0.36,5.0,0.37,5.0,0.76,5.02,0.71,11.21,0.69,5.0,0.64,5.0,0.63,5.0,0.79,60.0,0.8,5.0,0.81,5.0,0.88,5.0,0.89,155.0,0.03,0.03,617.889782,1776164432000
1776164433.983,33.983,0.21,60.0,0.2,5.0,0.19,5.0,0.12,5.0,0.11,155.0,0.24,5.02,0.29,11.21,0.31,5.0,0.36,5.0,0.37,5.0,0.76,5.02,0.71,11.21,0.69,5.0,0.64,5.0,0.63,5.0,0.79,60.0,0.8,5.0,0.81,5.0,0.88,5.0,0.89,155.0,0.03,0.03,617.891194,1776164433000
1776164435.05,35.05,0.21,60.0,0.2,5.0,0.19,5.0,0.12,5.0,0.11,155.0,0.24,5.02,0.29,11.21,0.31,5.0,0.36,5.0,0.37,5.0,0.76,5.02,0.71,11.21,0.69,5.0,0.64,5.0,0.63,5.0,0.79,60.0,0.8,5.0,0.81,5.0,0.88,5.0,0.89,155.0,0.03,0.03,617.891194,1776164434000
1776164436.179,36.179,0.21,60.0,0.2,5.0,0.19,5.0,0.12,5.0,0.11,155.0,0.24,5.02,0.29,11.21,0.31,5.0,0.36,5.0,0.37,5.0,0.76,5.02,0.71,11.21,0.69,5.0,0.64,5.0,0.63,5.0,0.79,60.0,0.8,5.0,0.81,5.0,0.88,5.0,0.89,155.0,0.03,0.03,617.875431,1776164435000
1776164437.311,37.311,0.21,60.0,0.2,5.0,0.19,5.0,0.12,5.0,0.11,155.0,0.24,5.02,0.29,11.21,0.31,5.0,0.36,5.0,0.37,5.0,0.76,5.02,0.71,11.21,0.69,5.0,0.64,5.0,0.63,5.0,0.79,60.0,0.8,5.0,0.81,5.0,0.88,5.0,0.89,155.0,0.03,0.03,617.880631,1776164436000
1776164438.465,38.465,0.21,60.0,0.2,5.0,0.19,5.0,0.12,5.0,0.11,155.0,0.24,5.02,0.29,11.21,0.31,5.0,0.36,5.0,0.37,5.0,0.76,5.02,0.71,11.21,0.69,5.0,0.64,5.0,0.63,5.0,0.79,60.0,0.8,5.0,0.81,5.0,0.88,5.0,0.89,155.0,0.03,0.03,617.874143,1776164437000
1776164439.185,39.185,0.21,60.0,0.2,5.0,0.19,5.0,0.12,5.0,0.11,155.0,0.24,5.02,0.29,11.21,0.31,5.0,0.36,5.0,0.37,5.0,0.76,5.02,0.71,11.21,0.69,5.0,0.64,5.0,0.63,5.0,0.79,60.0,0.8,5.0,0.81,5.0,0.88,5.0,0.89,155.0,0.03,0.03,617.876612,1776164438000
1776164440.218,40.218,0.21,60.0,0.2,5.0,0.19,5.0,0.12,5.0,0.11,155.0,0.24,5.02,0.29,11.21,0.31,5.0,0.36,5.0,0.37,5.0,0.76,5.02,0.71,11.21,0.69,5.0,0.64,5.0,0.63,5.0,0.79,60.0,0.8,5.0,0.81,5.0,0.88,5.0,0.89,155.0,0.03,0.03,617.875146,1776164439000
1776164441.286,41.286,0.21,60.0,0.2,5.0,0.19,5.0,0.12,5.0,0.11,155.0,0.24,5.02,0.29,11.21,0.31,5.0,0.36,5.0,0.37,5.0,0.76,5.02,0.71,11.21,0.69,5.0,0.64,5.0,0.63,5.0,0.79,60.0,0.8,5.0,0.81,5.0,0.88,5.0,0.89,155.0,0.03,0.03,617.872428,1776164440000
1776164442.555,42.555,0.21,60.0,0.2,5.0,0.19,5.0,0.12,5.0,0.11,155.0,0.24,5.02,0.29,11.21,0.31,5.0,0.36,5.0,0.37,5.0,0.76,5.02,0.71,11.21,0.69,5.0,0.64,5.0,0.63,5.0,0.79,60.0,0.8,5.0,0.81,5.0,0.88,5.0,0.89,155.0,0.03,0.03,617.87135,1776164441000
1776164443.127,43.127,0.21,60.0,0.2,5.0,0.19,5.0,0.12,5.0,0.11,155.0,0.24,5.02,0.29,11.21,0.31,5.0,0.36,5.0,0.37,5.0,0.76,5.02,0.71,11.21,0.69,5.0,0.64,5.0,0.63,5.0,0.79,60.0,0.8,5.0,0.81,5.0,0.88,5.0,0.89,155.0,0.03,0.03,617.85772,1776164442000
1776164444.368,44.368,0.21,60.0,0.2,5.0,0.19,5.0,0.12,5.0,0.11,155.0,0.24,5.02,0.29,11.21,0.31,5.0,0.36,5.0,0.37,5.0,0.76,5.02,0.71,11.21,0.69,5.0,0.64,5.0,0.63,5.0,0.79,60.0,0.8,5.0,0.81,5.0,0.88,5.0,0.89,155.0,0.03,0.03,617.850863,1776164443000
1776164445.365,45.365,0.21,60.0,0.2,5.0,0.19,5.0,0.12,5.0,0.11,155.0,0.24,5.02,0.29,11.21,0.31,5.0,0.36,5.0,0.37,5.0,0.76,5.02,0.71,11.21,0.69,5.0,0.64,5.0,0.63,5.0,0.79,60.0,0.8,5.0,0.81,5.0,0.88,5.0,0.89,155.0,0.03,0.03,617.837492,1776164444000
1776164445.999,45.999,0.21,60.0,0.2,5.0,0.19,5.0,0.12,5.0,0.11,155.0,0.24,5.02,0.29,11.21,0.31,5.0,0.36,5.0,0.37,5.0,0.76,5.02,0.71,11.21,0.69,5.0,0.64,5.0,0.63,5.0,0.79,60.0,0.8,5.0,0.81,5.0,0.88,5.0,0.89,155.0,0.03,0.03,617.858389,1776164445000
1776164447.129,47.129,0.21,60.0,0.2,5.0,0.19,5.0,0.12,5.0,0.11,155.0,0.24,5.02,0.29,11.21,0.31,5.0,0.36,5.0,0.37,5.0,0.76,5.02,0.71,11.21,0.69,5.0,0.64,5.0,0.63,5.0,0.79,60.0,0.8,5.0,0.81,5.0,0.88,5.0,0.89,155.0,0.03,0.03,617.838611,1776164446000
1776164448.048,48.048,0.21,60.0,0.2,5.0,0.19,5.0,0.12,5.0,0.11,155.0,0.24,5.02,0.29,11.21,0.31,5.0,0.36,5.0,0.37,5.0,0.76,5.02,0.71,11.21,0.69,5.0,0.64,5.0,0.63,5.0,0.79,60.0,0.8,5.0,0.81,5.0,0.88,5.0,0.89,155.0,0.03,0.03,617.823162,1776164447000
1776164449.161,49.161,0.21,60.0,0.2,5.0,0.19,5.0,0.12,5.0,0.11,155.0,0.24,5.02,0.29,11.21,0.31,5.0,0.36,5.0,0.37,5.0,0.76,5.02,0.71,11.21,0.69,5.0,0.64,5.0,0.63,5.0,0.79,60.0,0.8,5.0,0.81,5.0,0.88,5.0,0.89,155.0,0.03,0.03,617.823052,1776164448000
1776164450.261,50.261,0.21,60.0,0.2,5.0,0.19,5.0,0.12,5.0,0.11,155.0,0.24,5.02,0.29,11.21,0.31,5.0,0.36,5.0,0.37,5.0,0.76,5.02,0.71,11.21,0.69,5.0,0.64,5.0,0.63,5.0,0.79,60.0,0.8,5.0,0.81,5.0,0.88,5.0,0.89,155.0,0.03,0.03,617.808954,1776164449000
1776164450.715,50.715,0.22,1.0,0.21,55.0,0.2,41.2,0.19,16.89,0.18,17.6,0.24,6.23,0.26,16.0,0.32,5.0,0.33,10.0,0.34,5.0,0.76,6.23,0.74,16.0,0.72,5.0,0.7,5.0,0.67,5.0,0.79,50.0,0.8,25.0,0.81,21.89,0.82,17.6,0.83,23.39,0.02,0.03,617.808954,1776164449000
1776164451.478,51.478,0.22,1.0,0.21,55.0,0.2,41.2,0.19,16.89,0.18,17.6,0.24,6.23,0.26,16.0,0.32,5.0,0.33,10.0,0.34,5.0,0.76,6.23,0.74,16.0,0.68,5.0,0.67,10.0,0.66,5.0,0.78,1.0,0.79,55.0,0.8,41.2,0.81,16.89,0.82,17.6,0.02,0.02,617.874702,1776164450000
1776164452.062,52.062,0.22,1.0,0.21,55.0,0.2,41.2,0.19,16.89,0.18,17.6,0.24,6.23,0.26,16.0,0.32,5.0,0.33,10.0,0.34,5.0,0.76,6.23,0.74,16.0,0.68,5.0,0.67,10.0,0.66,5.0,0.78,1.0,0.79,55.0,0.8,41.2,0.81,16.89,0.82,17.6,0.02,0.02,617.883,1776164451000
1776164453.014,53.014,0.22,1.0,0.21,55.0,0.2,41.2,0.19,16.89,0.18,17.6,0.24,6.23,0.26,16.0,0.32,5.0,0.33,10.0,0.34,5.0,0.76,6.23,0.74,16.0,0.68,5.0,0.67,10.0,0.66,5.0,0.78,1.0,0.79,55.0,0.8,41.2,0.81,16.89,0.82,17.6,0.02,0.02,617.914343,1776164452000
1776164454.119,54.119,0.22,1.0,0.21,55.0,0.2,41.2,0.19,16.89,0.18,17.6,0.24,6.23,0.26,16.0,0.32,5.0,0.33,10.0,0.34,5.0,0.76,6.23,0.74,16.0,0.68,5.0,0.67,10.0,0.66,5.0,0.78,1.0,0.79,55.0,0.8,41.2,0.81,16.89,0.82,17.6,0.02,0.02,617.907829,1776164453000
1776164455.293,55.293,0.22,1.0,0.21,55.0,0.2,41.2,0.19,16.89,0.18,17.6,0.24,6.23,0.26,16.0,0.32,5.0,0.33,10.0,0.34,5.0,0.76,6.23,0.74,16.0,0.68,5.0,0.67,10.0,0.66,5.0,0.78,1.0,0.79,55.0,0.8,41.2,0.81,16.89,0.82,17.6,0.02,0.02,617.960918,1776164454000
1776164456.373,56.373,0.22,1.0,0.21,55.0,0.2,41.2,0.19,16.89,0.18,17.6,0.24,6.23,0.26,16.0,0.32,5.0,0.33,10.0,0.34,5.0,0.76,6.23,0.74,16.0,0.68,5.0,0.67,10.0,0.66,5.0,0.78,1.0,0.79,55.0,0.8,41.2,0.81,16.89,0.82,17.6,0.02,0.02,617.973758,1776164455000
1776164457.424,57.424,0.22,1.0,0.21,55.0,0.2,41.2,0.19,16.89,0.18,17.6,0.24,6.23,0.26,16.0,0.32,5.0,0.33,10.0,0.34,5.0,0.76,6.23,0.74,16.0,0.68,5.0,0.67,10.0,0.66,5.0,0.78,1.0,0.79,55.0,0.8,41.2,0.81,16.89,0.82,17.6,0.02,0.02,617.975297,1776164456000
1776164457.994,57.994,0.24,6.21,0.23,24.7,0.22,47.2,0.21,65.7,0.2,16.2,0.26,16.0,0.35,5.0,0.36,5.0,0.4,5.0,0.41,5.0,0.74,16.0,0.65,5.0,0.64,5.0,0.6,5.0,0.59,5.0,0.76,6.21,0.77,24.7,0.78,47.2,0.79,65.7,0.8,16.2,0.02,0.02,617.972832,1776164457000
1776164458.981,58.981,0.24,20.51,0.23,34.7,0.22,15.2,0.21,65.7,0.2,16.2,0.26,6.21,0.35,5.0,0.36,5.0,0.39,5.0,0.4,5.0,0.74,16.0,0.65,5.0,0.64,5.0,0.6,5.0,0.59,5.0,0.76,6.21,0.77,24.7,0.78,47.2,0.79,65.7,0.8,16.2,0.02,0.02,617.972832,1776164457000
1776164459.311,59.311,0.24,20.51,0.23,34.7,0.22,15.2,0.21,65.7,0.2,16.2,0.26,6.21,0.35,5.0,0.36,5.0,0.39,5.0,0.4,5.0,0.74,6.21,0.65,5.0,0.64,5.0,0.61,5.0,0.6,5.0,0.76,20.51,0.77,34.7,0.78,15.2,0.79,65.7,0.8,16.2,0.02,0.02,617.97822,1776164458000
1776164459.807,59.807,0.25,23.9,0.24,20.51,0.23,14.7,0.22,15.2,0.21,65.7,0.39,5.0,0.4,5.0,0.43,5.0,0.48,10.0,0.5,10.0,0.74,6.21,0.65,5.0,0.64,5.0,0.61,5.0,0.6,5.0,0.76,20.51,0.77,34.7,0.78,15.2,0.79,65.7,0.8,16.2,0.14,0.02,617.97822,1776164458000
1776164460.138,60.138,0.25,23.9,0.24,20.51,0.23,14.7,0.22,15.2,0.21,65.7,0.39,5.0,0.4,5.0,0.43,5.0,0.48,10.0,0.5,10.0,0.61,5.0,0.6,5.0,0.57,5.0,0.52,10.0,0.5,10.0,0.75,23.9,0.76,20.51,0.77,14.7,0.78,15.2,0.79,65.7,0.14,0.14,617.989082,1776164459000
1776164461.328,61.328,0.25,23.9,0.24,20.51,0.23,14.7,0.22,15.2,0.21,65.7,0.39,5.0,0.4,5.0,0.43,5.0,0.48,10.0,0.5,10.0,0.61,5.0,0.6,5.0,0.57,5.0,0.52,10.0,0.5,10.0,0.75,23.9,0.76,20.51,0.77,14.7,0.78,15.2,0.79,65.7,0.14,0.14,617.990591,1776164460000
1776164462.31,62.31,0.25,23.9,0.24,20.51,0.23,14.7,0.22,15.2,0.21,65.7,0.39,5.0,0.4,5.0,0.43,5.0,0.48,10.0,0.5,10.0,0.61,5.0,0.6,5.0,0.57,5.0,0.52,10.0,0.5,10.0,0.75,23.9,0.76,20.51,0.77,14.7,0.78,15.2,0.79,65.7,0.14,0.14,618.00764,1776164461000
1776164463.536,63.536,0.25,23.9,0.24,20.51,0.23,14.7,0.22,15.2,0.21,65.7,0.39,5.0,0.4,5.0,0.43,5.0,0.48,10.0,0.5,10.0,0.61,5.0,0.6,5.0,0.57,5.0,0.52,10.0,0.5,10.0,0.75,23.9,0.76,20.51,0.77,14.7,0.78,15.2,0.79,65.7,0.14,0.14,618.043,1776164462000
1776164464.341,64.341,0.25,23.9,0.24,20.51,0.23,14.7,0.22,15.2,0.21,65.7,0.39,5.0,0.4,5.0,0.43,5.0,0.48,10.0,0.5,10.0,0.61,5.0,0.6,5.0,0.57,5.0,0.52,10.0,0.5,10.0,0.75,23.9,0.76,20.51,0.77,14.7,0.78,15.2,0.79,65.7,0.14,0.14,618.043,1776164463000
1776164465.669,65.669,0.25,23.9,0.24,20.51,0.23,14.7,0.22,15.2,0.21,65.7,0.39,5.0,0.4,5.0,0.43,5.0,0.48,10.0,0.5,10.0,0.61,5.0,0.6,5.0,0.57,5.0,0.52,10.0,0.5,10.0,0.75,23.9,0.76,20.51,0.77,14.7,0.78,15.2,0.79,65.7,0.14,0.14,618.054,1776164464000
1776164466.296,66.296,0.25,23.9,0.24,20.51,0.23,14.7,0.22,15.2,0.21,65.7,0.39,5.0,0.4,5.0,0.43,5.0,0.48,10.0,0.5,10.0,0.61,5.0,0.6,5.0,0.57,5.0,0.52,10.0,0.5,10.0,0.75,23.9,0.76,20.51,0.77,14.7,0.78,15.2,0.79,65.7,0.14,0.14,618.054921,1776164465000
1776164467.863,67.863,0.25,23.9,0.24,20.51,0.23,14.7,0.22,15.2,0.21,65.7,0.39,5.0,0.4,5.0,0.43,5.0,0.48,10.0,0.5,10.0,0.61,5.0,0.6,5.0,0.57,5.0,0.52,10.0,0.5,10.0,0.75,23.9,0.76,20.51,0.77,14.7,0.78,15.2,0.79,65.7,0.14,0.14,618.063361,1776164466000
1776164468.468,68.468,0.25,23.9,0.24,20.51,0.23,14.7,0.22,15.2,0.21,65.7,0.39,5.0,0.4,5.0,0.43,5.0,0.48,10.0,0.5,10.0,0.61,5.0,0.6,5.0,0.57,5.0,0.52,10.0,0.5,10.0,0.75,23.9,0.76,20.51,0.77,14.7,0.78,15.2,0.79,65.7,0.14,0.14,618.060542,1776164467000
1776164469.078,69.078,0.25,23.9,0.24,20.51,0.23,14.7,0.22,15.2,0.21,65.7,0.39,5.0,0.4,5.0,0.43,5.0,0.48,10.0,0.5,10.0,0.61,5.0,0.6,5.0,0.57,5.0,0.52,10.0,0.5,10.0,0.75,23.9,0.76,20.51,0.77,14.7,0.78,15.2,0.79,65.7,0.14,0.14,618.060747,1776164468000
1776164470.675,70.675,0.25,23.9,0.24,20.51,0.23,14.7,0.22,15.2,0.21,65.7,0.39,5.0,0.4,5.0,0.43,5.0,0.48,10.0,0.5,10.0,0.61,5.0,0.6,5.0,0.57,5.0,0.52,10.0,0.5,10.0,0.75,23.9,0.76,20.51,0.77,14.7,0.78,15.2,0.79,65.7,0.14,0.14,618.061238,1776164469000
1776164471.027,71.027,0.25,23.9,0.24,20.51,0.23,14.7,0.22,15.2,0.21,65.7,0.39,5.0,0.4,5.0,0.43,5.0,0.48,10.0,0.5,10.0,0.61,5.0,0.6,5.0,0.57,5.0,0.52,10.0,0.5,10.0,0.75,23.9,0.76,20.51,0.77,14.7,0.78,15.2,0.79,65.7,0.14,0.14,618.061335,1776164470000
1776164472.375,72.375,0.25,23.9,0.24,20.51,0.23,14.7,0.22,15.2,0.21,65.7,0.39,5.0,0.4,5.0,0.43,5.0,0.48,10.0,0.5,10.0,0.61,5.0,0.6,5.0,0.57,5.0,0.52,10.0,0.5,10.0,0.75,23.9,0.76,20.51,0.77,14.7,0.78,15.2,0.79,65.7,0.14,0.14,618.061312,1776164471000
1776164473.639,73.639,0.25,23.9,0.24,20.51,0.23,14.7,0.22,15.2,0.21,65.7,0.39,5.0,0.4,5.0,0.43,5.0,0.48,10.0,0.5,10.0,0.61,5.0,0.6,5.0,0.57,5.0,0.52,10.0,0.5,10.0,0.75,23.9,0.76,20.51,0.77,14.7,0.78,15.2,0.79,65.7,0.14,0.14,618.05954,1776164472000
1776164474.424,74.424,0.25,23.9,0.24,20.51,0.23,14.7,0.22,15.2,0.21,65.7,0.39,5.0,0.4,5.0,0.43,5.0,0.48,10.0,0.5,10.0,0.61,5.0,0.6,5.0,0.57,5.0,0.52,10.0,0.5,10.0,0.75,23.9,0.76,20.51,0.77,14.7,0.78,15.2,0.79,65.7,0.14,0.14,618.06119,1776164473000
1776164475.089,75.089,0.25,23.9,0.24,20.51,0.23,14.7,0.22,15.2,0.21,65.7,0.39,5.0,0.4,5.0,0.43,5.0,0.48,10.0,0.5,10.0,0.61,5.0,0.6,5.0,0.57,5.0,0.52,10.0,0.5,10.0,0.75,23.9,0.76,20.51,0.77,14.7,0.78,15.2,0.79,65.7,0.14,0.14,618.064,1776164474000
1776164476.344,76.344,0.25,23.9,0.24,20.51,0.23,14.7,0.22,15.2,0.21,65.7,0.39,5.0,0.4,5.0,0.43,5.0,0.48,10.0,0.5,10.0,0.61,5.0,0.6,5.0,0.57,5.0,0.52,10.0,0.5,10.0,0.75,23.9,0.76,20.51,0.77,14.7,0.78,15.2,0.79,65.7,0.14,0.14,618.02658,1776164475000
1776164477.278,77.278,0.25,23.9,0.24,20.51,0.23,14.7,0.22,15.2,0.21,65.7,0.39,5.0,0.4,5.0,0.43,5.0,0.48,10.0,0.5,10.0,0.61,5.0,0.6,5.0,0.57,5.0,0.52,10.0,0.5,10.0,0.75,23.9,0.76,20.51,0.77,14.7,0.78,15.2,0.79,65.7,0.14,0.14,618.01651,1776164476000
1776164478.614,78.614,0.25,23.9,0.24,20.51,0.23,14.7,0.22,15.2,0.21,65.7,0.39,5.0,0.4,5.0,0.43,5.0,0.48,10.0,0.5,10.0,0.61,5.0,0.6,5.0,0.57,5.0,0.52,10.0,0.5,10.0,0.75,23.9,0.76,20.51,0.77,14.7,0.78,15.2,0.79,65.7,0.14,0.14,617.979224,1776164477000
1776164479.738,79.738,0.25,23.9,0.24,20.51,0.23,14.7,0.22,15.2,0.21,65.7,0.39,5.0,0.4,5.0,0.43,5.0,0.48,10.0,0.5,10.0,0.61,5.0,0.6,5.0,0.57,5.0,0.52,10.0,0.5,10.0,0.75,23.9,0.76,20.51,0.77,14.7,0.78,15.2,0.79,65.7,0.14,0.14,617.965508,1776164478000
1776164480.158,80.158,0.25,23.9,0.24,20.51,0.23,14.7,0.22,15.2,0.21,65.7,0.39,5.0,0.4,5.0,0.43,5.0,0.48,10.0,0.5,10.0,0.61,5.0,0.6,5.0,0.57,5.0,0.52,10.0,0.5,10.0,0.75,23.9,0.76,20.51,0.77,14.7,0.78,15.2,0.79,65.7,0.14,0.14,617.983458,1776164479000
1776164481.132,81.132,0.25,23.9,0.24,20.51,0.23,14.7,0.22,15.2,0.21,65.7,0.39,5.0,0.4,5.0,0.43,5.0,0.48,10.0,0.5,10.0,0.61,5.0,0.6,5.0,0.57,5.0,0.52,10.0,0.5,10.0,0.75,23.9,0.76,20.51,0.77,14.7,0.78,15.2,0.79,65.7,0.14,0.14,617.998,1776164480000
1776164481.994,81.994,0.25,23.9,0.24,20.51,0.23,14.7,0.22,15.2,0.21,65.7,0.39,5.0,0.4,5.0,0.43,5.0,0.48,10.0,0.5,10.0,0.61,5.0,0.6,5.0,0.57,5.0,0.52,10.0,0.5,10.0,0.75,23.9,0.76,20.51,0.77,14.7,0.78,15.2,0.79,65.7,0.14,0.14,618.004,1776164481000
1776164482.486,82.486,0.42,18.0,0.32,11.9,0.31,62.2,0.3,12.4,0.29,12.6,0.43,30.1,0.44,11.21,0.45,9.0,0.49,10.4,0.5,10.4,0.61,5.0,0.6,5.0,0.57,5.0,0.52,10.0,0.5,10.0,0.75,23.9,0.76,20.51,0.77,14.7,0.78,15.2,0.79,65.7,0.01,0.14,618.004,1776164481000
1776164482.953,82.953,0.42,18.0,0.32,11.9,0.31,62.2,0.3,12.4,0.29,12.6,0.43,30.1,0.44,11.21,0.45,9.0,0.49,10.4,0.5,10.4,0.57,30.1,0.56,11.21,0.55,9.0,0.51,10.4,0.5,10.4,0.58,18.0,0.68,11.9,0.69,62.2,0.7,12.4,0.71,12.6,0.01,0.01,618.004,1776164482000
1776164483.154,83.154,0.42,6.7,0.31,62.2,0.3,12.4,0.29,12.6,0.28,12.9,0.43,30.1,0.44,5.0,0.47,9.0,0.48,10.4,0.49,20.4,0.57,30.1,0.56,5.0,0.53,9.0,0.52,10.4,0.51,20.4,0.58,12.91,0.69,62.2,0.7,12.4,0.71,12.6,0.72,12.9,0.01,0.01,618.004,1776164482000
1776164483.858,83.858,0.42,6.7,0.31,62.2,0.3,12.4,0.29,12.6,0.28,12.9,0.43,30.1,0.44,5.0,0.47,9.0,0.48,10.4,0.49,20.4,0.57,30.1,0.56,5.0,0.53,9.0,0.52,10.4,0.51,20.4,0.58,6.7,0.69,62.2,0.7,12.4,0.71,12.6,0.72,12.9,0.01,0.01,618.004,1776164483000
1776164484.878,84.878,0.42,6.7,0.31,62.2,0.3,12.4,0.29,12.6,0.28,12.9,0.43,30.1,0.44,5.0,0.47,9.0,0.48,10.4,0.49,20.4,0.57,30.1,0.56,5.0,0.53,9.0,0.52,10.4,0.51,20.4,0.58,6.7,0.69,62.2,0.7,12.4,0.71,12.6,0.72,12.9,0.01,0.01,617.982587,1776164484000
1776164485.898,85.898,0.42,6.7,0.31,62.2,0.3,12.4,0.29,12.6,0.28,12.9,0.43,30.1,0.44,5.0,0.47,9.0,0.48,10.4,0.49,20.4,0.57,30.1,0.56,5.0,0.53,9.0,0.52,10.4,0.51,20.4,0.58,6.7,0.69,62.2,0.7,12.4,0.71,12.6,0.72,12.9,0.01,0.01,617.979721,1776164485000
1776164487.237,87.237,0.42,6.7,0.31,62.2,0.3,12.4,0.29,12.6,0.28,12.9,0.43,30.1,0.44,5.0,0.47,9.0,0.48,10.4,0.49,20.4,0.57,30.1,0.56,5.0,0.53,9.0,0.52,10.4,0.51,20.4,0.58,6.7,0.69,62.2,0.7,12.4,0.71,12.6,0.72,12.9,0.01,0.01,617.977,1776164486000
1776164487.455,87.455,0.42,1.42,0.31,62.2,0.3,12.4,0.29,12.6,0.28,12.9,0.43,38.1,0.44,5.0,0.46,10.5,0.47,10.4,0.48,10.4,0.57,30.1,0.56,5.0,0.53,9.0,0.52,10.4,0.51,20.4,0.58,6.7,0.69,62.2,0.7,12.4,0.71,12.6,0.72,12.9,0.01,0.01,617.977,1776164486000
1776164488.208,88.208,0.42,1.42,0.31,62.2,0.3,12.4,0.29,12.6,0.28,12.9,0.43,38.1,0.44,5.0,0.46,10.5,0.47,10.4,0.48,10.4,0.57,38.1,0.56,5.0,0.54,10.5,0.53,10.4,0.52,10.4,0.58,1.42,0.69,62.2,0.7,12.4,0.71,12.6,0.72,12.9,0.01,0.01,617.977,1776164487000
1776164489.187,89.187,0.42,1.42,0.31,62.2,0.3,12.4,0.29,12.6,0.28,12.9,0.43,38.1,0.44,5.0,0.46,10.5,0.47,10.4,0.48,10.4,0.57,38.1,0.56,5.0,0.54,10.5,0.53,10.4,0.52,10.4,0.58,1.42,0.69,62.2,0.7,12.4,0.71,12.6,0.72,12.9,0.01,0.01,617.977,1776164488000
1776164490.125,90.125,0.42,1.42,0.31,62.2,0.3,12.4,0.29,12.6,0.28,12.9,0.43,38.1,0.44,5.0,0.46,10.5,0.47,10.4,0.48,10.4,0.57,38.1,0.56,5.0,0.54,10.5,0.53,10.4,0.52,10.4,0.58,1.42,0.69,62.2,0.7,12.4,0.71,12.6,0.72,12.9,0.01,0.01,617.979,1776164489000
1776164491.061,91.061,0.42,1.42,0.31,62.2,0.3,12.4,0.29,12.6,0.28,12.9,0.43,38.1,0.44,5.0,0.46,10.5,0.47,10.4,0.48,10.4,0.57,38.1,0.56,5.0,0.54,10.5,0.53,10.4,0.52,10.4,0.58,1.42,0.69,62.2,0.7,12.4,0.71,12.6,0.72,12.9,0.01,0.01,617.977,1776164490000
1776164491.735,91.735,0.24,6.21,0.21,23.0,0.2,16.2,0.19,16.89,0.18,17.6,0.41,8.58,0.43,85.7,0.44,20.6,0.45,10.5,0.46,10.5,0.57,38.1,0.56,5.0,0.54,10.5,0.53,10.4,0.52,10.4,0.58,1.42,0.69,62.2,0.7,12.4,0.71,12.6,0.72,12.9,0.17,0.01,617.977,1776164490000
1776164492.159,92.159,0.24,6.21,0.21,23.0,0.2,16.2,0.19,16.89,0.18,17.6,0.41,8.58,0.43,85.7,0.44,20.6,0.45,10.5,0.46,10.5,0.59,8.58,0.57,85.7,0.56,20.6,0.55,10.5,0.54,10.5,0.76,6.21,0.79,23.0,0.8,16.2,0.81,16.89,0.82,17.6,0.17,0.17,617.977,1776164491000
1776164492.439,92.439,0.24,6.21,0.17,29.0,0.16,19.3,0.15,20.39,0.14,21.6,0.25,32.98,0.27,5.0,0.28,5.0,0.29,15.0,0.3,5.0,0.59,8.58,0.57,85.7,0.56,20.6,0.55,10.5,0.54,10.5,0.76,6.21,0.79,23.0,0.8,16.2,0.81,16.89,0.82,17.6,0.01,0.17,617.977,1776164491000
1776164493.576,93.576,0.24,1.14,0.17,29.0,0.16,19.3,0.15,20.39,0.14,21.6,0.25,32.98,0.27,5.0,0.28,5.0,0.29,15.0,0.3,5.0,0.75,32.98,0.73,5.0,0.72,5.0,0.71,15.0,0.7,5.0,0.76,1.14,0.83,29.0,0.84,19.3,0.85,20.39,0.86,21.6,0.01,0.01,617.90673,1776164492000
1776164494.126,94.126,0.24,1.14,0.17,29.0,0.16,19.3,0.15,20.39,0.14,21.6,0.25,32.98,0.27,5.0,0.28,5.0,0.29,15.0,0.3,5.0,0.75,32.98,0.73,5.0,0.72,5.0,0.71,15.0,0.7,5.0,0.76,1.14,0.83,29.0,0.84,19.3,0.85,20.39,0.86,21.6,0.01,0.01,617.855636,1776164493000
1776164495.711,95.711,0.24,1.14,0.17,29.0,0.16,19.3,0.15,20.39,0.14,21.6,0.25,32.98,0.27,5.0,0.28,5.0,0.29,15.0,0.3,5.0,0.75,32.98,0.73,5.0,0.72,5.0,0.71,15.0,0.7,5.0,0.76,1.14,0.83,29.0,0.84,19.3,0.85,20.39,0.86,21.6,0.01,0.01,617.848,1776164494000
1776164496.357,96.357,0.24,1.14,0.17,29.0,0.16,19.3,0.15,20.39,0.14,21.6,0.25,32.98,0.27,5.0,0.28,5.0,0.29,15.0,0.3,5.0,0.75,32.98,0.73,5.0,0.72,5.0,0.71,15.0,0.7,5.0,0.76,1.14,0.83,29.0,0.84,19.3,0.85,20.39,0.86,21.6,0.01,0.01,617.818,1776164495000
1776164497.148,97.148,0.24,1.14,0.17,29.0,0.16,19.3,0.15,20.39,0.14,21.6,0.25,32.98,0.27,5.0,0.28,5.0,0.29,15.0,0.3,5.0,0.75,32.98,0.73,5.0,0.72,5.0,0.71,15.0,0.7,5.0,0.76,1.14,0.83,29.0,0.84,19.3,0.85,20.39,0.86,21.6,0.01,0.01,617.818,1776164496000
1776164498.392,98.392,0.24,1.14,0.17,29.0,0.16,19.3,0.15,20.39,0.14,21.6,0.25,32.98,0.27,5.0,0.28,5.0,0.29,15.0,0.3,5.0,0.75,32.98,0.73,5.0,0.72,5.0,0.71,15.0,0.7,5.0,0.76,1.14,0.83,29.0,0.84,19.3,0.85,20.39,0.86,21.6,0.01,0.01,617.821,1776164497000
1776164499.05,99.05,0.24,1.14,0.17,29.0,0.16,19.3,0.15,20.39,0.14,21.6,0.25,32.98,0.27,5.0,0.28,5.0,0.29,15.0,0.3,5.0,0.75,32.98,0.73,5.0,0.72,5.0,0.71,15.0,0.7,5.0,0.76,1.14,0.83,29.0,0.84,19.3,0.85,20.39,0.86,21.6,0.01,0.01,617.823,1776164498000
1776164500.246,100.246,0.24,1.14,0.17,29.0,0.16,19.3,0.15,20.39,0.14,21.6,0.25,32.98,0.27,5.0,0.28,5.0,0.29,15.0,0.3,5.0,0.75,32.98,0.73,5.0,0.72,5.0,0.71,15.0,0.7,5.0,0.76,1.14,0.83,29.0,0.84,19.3,0.85,20.39,0.86,21.6,0.01,0.01,617.822,1776164499000
1776164500.915,100.915,0.24,1.14,0.17,29.0,0.16,19.3,0.15,20.39,0.14,21.6,0.25,32.98,0.27,5.0,0.28,5.0,0.29,15.0,0.3,5.0,0.75,32.98,0.73,5.0,0.72,5.0,0.71,15.0,0.7,5.0,0.76,1.14,0.83,29.0,0.84,19.3,0.85,20.39,0.86,21.6,0.01,0.01,617.822,1776164500000
1776164502.003,102.003,0.24,1.14,0.17,29.0,0.16,19.3,0.15,20.39,0.14,21.6,0.25,32.98,0.27,5.0,0.28,5.0,0.29,15.0,0.3,5.0,0.75,32.98,0.73,5.0,0.72,5.0,0.71,15.0,0.7,5.0,0.76,1.14,0.83,29.0,0.84,19.3,0.85,20.39,0.86,21.6,0.01,0.01,617.82,1776164501000
1776164503.174,103.174,0.24,1.14,0.17,29.0,0.16,19.3,0.15,20.39,0.14,21.6,0.25,32.98,0.27,5.0,0.28,5.0,0.29,15.0,0.3,5.0,0.75,32.98,0.73,5.0,0.72,5.0,0.71,15.0,0.7,5.0,0.76,1.14,0.83,29.0,0.84,19.3,0.85,20.39,0.86,21.6,0.01,0.01,617.822,1776164502000
1776164504.269,104.269,0.24,1.14,0.17,29.0,0.16,19.3,0.15,20.39,0.14,21.6,0.25,32.98,0.27,5.0,0.28,5.0,0.29,15.0,0.3,5.0,0.75,32.98,0.73,5.0,0.72,5.0,0.71,15.0,0.7,5.0,0.76,1.14,0.83,29.0,0.84,19.3,0.85,20.39,0.86,21.6,0.01,0.01,617.822,1776164503000
1776164505.326,105.326,0.24,1.14,0.17,29.0,0.16,19.3,0.15,20.39,0.14,21.6,0.25,32.98,0.27,5.0,0.28,5.0,0.29,15.0,0.3,5.0,0.75,32.98,0.73,5.0,0.72,5.0,0.71,15.0,0.7,5.0,0.76,1.14,0.83,29.0,0.84,19.3,0.85,20.39,0.86,21.6,0.01,0.01,617.82,1776164504000
1776164506.381,106.381,0.24,1.14,0.17,29.0,0.16,19.3,0.15,20.39,0.14,21.6,0.25,32.98,0.27,5.0,0.28,5.0,0.29,15.0,0.3,5.0,0.75,32.98,0.73,5.0,0.72,5.0,0.71,15.0,0.7,5.0,0.76,1.14,0.83,29.0,0.84,19.3,0.85,20.39,0.86,21.6,0.01,0.01,617.821,1776164505000
1776164506.962,106.962,0.24,1.14,0.17,29.0,0.16,19.3,0.15,20.39,0.14,21.6,0.25,32.98,0.27,5.0,0.28,5.0,0.29,15.0,0.3,5.0,0.75,32.98,0.73,5.0,0.72,5.0,0.71,15.0,0.7,5.0,0.76,1.14,0.83,29.0,0.84,19.3,0.85,20.39,0.86,21.6,0.01,0.01,617.821,1776164506000
1776164508.388,108.388,0.24,1.14,0.17,29.0,0.16,19.3,0.15,20.39,0.14,21.6,0.25,32.98,0.27,5.0,0.28,5.0,0.29,15.0,0.3,5.0,0.75,32.98,0.73,5.0,0.72,5.0,0.71,15.0,0.7,5.0,0.76,1.14,0.83,29.0,0.84,19.3,0.85,20.39,0.86,21.6,0.01,0.01,617.826595,1776164507000
1776164508.846,108.846,0.24,1.14,0.17,29.0,0.16,19.3,0.15,20.39,0.14,21.6,0.25,32.98,0.27,5.0,0.28,5.0,0.29,15.0,0.3,5.0,0.75,32.98,0.73,5.0,0.72,5.0,0.71,15.0,0.7,5.0,0.76,1.14,0.83,29.0,0.84,19.3,0.85,20.39,0.86,21.6,0.01,0.01,617.827,1776164508000
1776164509.977,109.977,0.24,1.14,0.17,29.0,0.16,19.3,0.15,20.39,0.14,21.6,0.25,32.98,0.27,5.0,0.28,5.0,0.29,15.0,0.3,5.0,0.75,32.98,0.73,5.0,0.72,5.0,0.71,15.0,0.7,5.0,0.76,1.14,0.83,29.0,0.84,19.3,0.85,20.39,0.86,21.6,0.01,0.01,617.775459,1776164509000
1776164510.991,110.991,0.24,1.14,0.17,29.0,0.16,19.3,0.15,20.39,0.14,21.6,0.25,32.98,0.27,5.0,0.28,5.0,0.29,15.0,0.3,5.0,0.75,32.98,0.73,5.0,0.72,5.0,0.71,15.0,0.7,5.0,0.76,1.14,0.83,29.0,0.84,19.3,0.85,20.39,0.86,21.6,0.01,0.01,617.838,1776164510000
1776164512.128,112.128,0.24,1.14,0.17,29.0,0.16,19.3,0.15,20.39,0.14,21.6,0.25,32.98,0.27,5.0,0.28,5.0,0.29,15.0,0.3,5.0,0.75,32.98,0.73,5.0,0.72,5.0,0.71,15.0,0.7,5.0,0.76,1.14,0.83,29.0,0.84,19.3,0.85,20.39,0.86,21.6,0.01,0.01,617.839,1776164511000
1776164513.143,113.143,0.24,1.14,0.17,29.0,0.16,19.3,0.15,20.39,0.14,21.6,0.25,32.98,0.27,5.0,0.28,5.0,0.29,15.0,0.3,5.0,0.75,32.98,0.73,5.0,0.72,5.0,0.71,15.0,0.7,5.0,0.76,1.14,0.83,29.0,0.84,19.3,0.85,20.39,0.86,21.6,0.01,0.01,617.835,1776164512000
1776164514.126,114.126,0.24,1.14,0.17,29.0,0.16,19.3,0.15,20.39,0.14,21.6,0.25,32.98,0.27,5.0,0.28,5.0,0.29,15.0,0.3,5.0,0.75,32.98,0.73,5.0,0.72,5.0,0.71,15.0,0.7,5.0,0.76,1.14,0.83,29.0,0.84,19.3,0.85,20.39,0.86,21.6,0.01,0.01,617.835,1776164513000
1776164515.111,115.111,0.24,1.14,0.17,29.0,0.16,19.3,0.15,20.39,0.14,21.6,0.25,32.98,0.27,5.0,0.28,5.0,0.29,15.0,0.3,5.0,0.75,32.98,0.73,5.0,0.72,5.0,0.71,15.0,0.7,5.0,0.76,1.14,0.83,29.0,0.84,19.3,0.85,20.39,0.86,21.6,0.01,0.01,617.832,1776164514000
1776164516.116,116.116,0.24,1.14,0.17,29.0,0.16,19.3,0.15,20.39,0.14,21.6,0.25,32.98,0.27,5.0,0.28,5.0,0.29,15.0,0.3,5.0,0.75,32.98,0.73,5.0,0.72,5.0,0.71,15.0,0.7,5.0,0.76,1.14,0.83,29.0,0.84,19.3,0.85,20.39,0.86,21.6,0.01,0.01,617.833,1776164515000
1776164517.217,117.217,0.24,1.14,0.17,29.0,0.16,19.3,0.15,20.39,0.14,21.6,0.25,32.98,0.27,5.0,0.28,5.0,0.29,15.0,0.3,5.0,0.75,32.98,0.73,5.0,0.72,5.0,0.71,15.0,0.7,5.0,0.76,1.14,0.83,29.0,0.84,19.3,0.85,20.39,0.86,21.6,0.01,0.01,617.837,1776164516000
1776164518.484,118.484,0.24,1.14,0.17,29.0,0.16,19.3,0.15,20.39,0.14,21.6,0.25,32.98,0.27,5.0,0.28,5.0,0.29,15.0,0.3,5.0,0.75,32.98,0.73,5.0,0.72,5.0,0.71,15.0,0.7,5.0,0.76,1.14,0.83,29.0,0.84,19.3,0.85,20.39,0.86,21.6,0.01,0.01,617.836587,1776164517000
1776164518.867,118.867,0.24,1.14,0.17,29.0,0.16,19.3,0.15,20.39,0.14,21.6,0.25,32.98,0.27,5.0,0.28,5.0,0.29,15.0,0.3,5.0,0.75,32.98,0.73,5.0,0.72,5.0,0.71,15.0,0.7,5.0,0.76,1.14,0.83,29.0,0.84,19.3,0.85,20.39,0.86,21.6,0.01,0.01,617.836587,1776164518000
1776164519.996,119.996,0.24,1.14,0.17,29.0,0.16,19.3,0.15,20.39,0.14,21.6,0.25,32.98,0.27,5.0,0.28,5.0,0.29,15.0,0.3,5.0,0.75,32.98,0.73,5.0,0.72,5.0,0.71,15.0,0.7,5.0,0.76,1.14,0.83,29.0,0.84,19.3,0.85,20.39,0.86,21.6,0.01,0.01,617.835,1776164519000
1776164521.597,121.597,0.24,1.14,0.17,29.0,0.16,19.3,0.15,20.39,0.14,21.6,0.25,32.98,0.27,5.0,0.28,5.0,0.29,15.0,0.3,5.0,0.75,32.98,0.73,5.0,0.72,5.0,0.71,15.0,0.7,5.0,0.76,1.14,0.83,29.0,0.84,19.3,0.85,20.39,0.86,21.6,0.01,0.01,617.824375,1776164520000
1776164522.116,122.116,0.15,20.39,0.14,21.6,0.13,61.0,0.12,24.6,0.11,76.6,0.25,52.0,0.26,13.5,0.27,13.2,0.28,22.9,0.29,12.6,0.75,52.0,0.74,13.5,0.73,13.2,0.72,22.9,0.71,12.6,0.85,20.39,0.86,21.6,0.87,61.0,0.88,24.6,0.89,76.6,0.1,0.1,617.846,1776164521000
1776164523.135,123.135,0.15,20.39,0.14,21.6,0.13,61.0,0.12,24.6,0.11,76.6,0.25,52.0,0.26,13.5,0.27,13.2,0.28,22.9,0.29,12.6,0.75,52.0,0.74,13.5,0.73,13.2,0.72,22.9,0.71,12.6,0.85,20.39,0.86,21.6,0.87,61.0,0.88,24.6,0.89,76.6,0.1,0.1,617.838,1776164522000
1776164524.184,124.184,0.15,20.39,0.14,21.6,0.13,61.0,0.12,24.6,0.11,76.6,0.25,52.0,0.26,13.5,0.27,13.2,0.28,22.9,0.29,12.6,0.75,52.0,0.74,13.5,0.73,13.2,0.72,22.9,0.71,12.6,0.85,20.39,0.86,21.6,0.87,61.0,0.88,24.6,0.89,76.6,0.1,0.1,617.84,1776164523000
1776164525.166,125.166,0.15,20.39,0.14,21.6,0.13,61.0,0.12,24.6,0.11,76.6,0.25,52.0,0.26,13.5,0.27,13.2,0.28,22.9,0.29,12.6,0.75,52.0,0.74,13.5,0.73,13.2,0.72,22.9,0.71,12.6,0.85,20.39,0.86,21.6,0.87,61.0,0.88,24.6,0.89,76.6,0.1,0.1,617.842,1776164524000
1776164526.103,126.103,0.15,20.39,0.14,21.6,0.13,61.0,0.12,24.6,0.11,76.6,0.25,52.0,0.26,13.5,0.27,13.2,0.28,22.9,0.29,12.6,0.75,52.0,0.74,13.5,0.73,13.2,0.72,22.9,0.71,12.6,0.85,20.39,0.86,21.6,0.87,61.0,0.88,24.6,0.89,76.6,0.1,0.1,617.842,1776164525000
1776164527.11,127.11,0.15,20.39,0.14,21.6,0.13,61.0,0.12,24.6,0.11,76.6,0.25,52.0,0.26,13.5,0.27,13.2,0.28,22.9,0.29,12.6,0.75,52.0,0.74,13.5,0.73,13.2,0.72,22.9,0.71,12.6,0.85,20.39,0.86,21.6,0.87,61.0,0.88,24.6,0.89,76.6,0.1,0.1,617.845,1776164526000
1776164528.14,128.14,0.15,20.39,0.14,21.6,0.13,61.0,0.12,24.6,0.11,76.6,0.25,52.0,0.26,13.5,0.27,13.2,0.28,22.9,0.29,12.6,0.75,52.0,0.74,13.5,0.73,13.2,0.72,22.9,0.71,12.6,0.85,20.39,0.86,21.6,0.87,61.0,0.88,24.6,0.89,76.6,0.1,0.1,617.85,1776164527000
1776164529.096,129.096,0.15,20.39,0.14,21.6,0.13,61.0,0.12,24.6,0.11,76.6,0.25,52.0,0.26,13.5,0.27,13.2,0.28,22.9,0.29,12.6,0.75,52.0,0.74,13.5,0.73,13.2,0.72,22.9,0.71,12.6,0.85,20.39,0.86,21.6,0.87,61.0,0.88,24.6,0.89,76.6,0.1,0.1,617.85,1776164528000
1776164530.068,130.068,0.15,20.39,0.14,21.6,0.13,61.0,0.12,24.6,0.11,76.6,0.25,52.0,0.26,13.5,0.27,13.2,0.28,22.9,0.29,12.6,0.75,52.0,0.74,13.5,0.73,13.2,0.72,22.9,0.71,12.6,0.85,20.39,0.86,21.6,0.87,61.0,0.88,24.6,0.89,76.6,0.1,0.1,617.852,1776164529000
1776164531.27,131.27,0.15,20.39,0.14,21.6,0.13,61.0,0.12,24.6,0.11,76.6,0.25,52.0,0.26,13.5,0.27,13.2,0.28,22.9,0.29,12.6,0.75,52.0,0.74,13.5,0.73,13.2,0.72,22.9,0.71,12.6,0.85,20.39,0.86,21.6,0.87,61.0,0.88,24.6,0.89,76.6,0.1,0.1,617.851,1776164530000
1776164532.047,132.047,0.15,20.39,0.14,21.6,0.13,61.0,0.12,24.6,0.11,76.6,0.25,52.0,0.26,13.5,0.27,13.2,0.28,22.9,0.29,12.6,0.75,52.0,0.74,13.5,0.73,13.2,0.72,22.9,0.71,12.6,0.85,20.39,0.86,21.6,0.87,61.0,0.88,24.6,0.89,76.6,0.1,0.1,617.849,1776164531000
1776164533.146,133.146,0.15,20.39,0.14,21.6,0.13,61.0,0.12,24.6,0.11,76.6,0.25,52.0,0.26,13.5,0.27,13.2,0.28,22.9,0.29,12.6,0.75,52.0,0.74,13.5,0.73,13.2,0.72,22.9,0.71,12.6,0.85,20.39,0.86,21.6,0.87,61.0,0.88,24.6,0.89,76.6,0.1,0.1,617.845,1776164532000
1776164534.48,134.48,0.15,20.39,0.14,21.6,0.13,61.0,0.12,24.6,0.11,76.6,0.25,52.0,0.26,13.5,0.27,13.2,0.28,22.9,0.29,12.6,0.75,52.0,0.74,13.5,0.73,13.2,0.72,22.9,0.71,12.6,0.85,20.39,0.86,21.6,0.87,61.0,0.88,24.6,0.89,76.6,0.1,0.1,617.849,1776164533000
1776164535.089,135.089,0.15,20.39,0.14,21.6,0.13,61.0,0.12,24.6,0.11,76.6,0.25,52.0,0.26,13.5,0.27,13.2,0.28,22.9,0.29,12.6,0.75,52.0,0.74,13.5,0.73,13.2,0.72,22.9,0.71,12.6,0.85,20.39,0.86,21.6,0.87,61.0,0.88,24.6,0.89,76.6,0.1,0.1,617.847,1776164534000
1776164536.087,136.087,0.15,20.39,0.14,21.6,0.13,61.0,0.12,24.6,0.11,76.6,0.25,52.0,0.26,13.5,0.27,13.2,0.28,22.9,0.29,12.6,0.75,52.0,0.74,13.5,0.73,13.2,0.72,22.9,0.71,12.6,0.85,20.39,0.86,21.6,0.87,61.0,0.88,24.6,0.89,76.6,0.1,0.1,617.848,1776164535000
1776164537.384,137.384,0.15,20.39,0.14,21.6,0.13,61.0,0.12,24.6,0.11,76.6,0.25,52.0,0.26,13.5,0.27,13.2,0.28,22.9,0.29,12.6,0.75,52.0,0.74,13.5,0.73,13.2,0.72,22.9,0.71,12.6,0.85,20.39,0.86,21.6,0.87,61.0,0.88,24.6,0.89,76.6,0.1,0.1,617.849,1776164536000
1776164538.377,138.377,0.15,20.39,0.14,21.6,0.13,61.0,0.12,24.6,0.11,76.6,0.25,52.0,0.26,13.5,0.27,13.2,0.28,22.9,0.29,12.6,0.75,52.0,0.74,13.5,0.73,13.2,0.72,22.9,0.71,12.6,0.85,20.39,0.86,21.6,0.87,61.0,0.88,24.6,0.89,76.6,0.1,0.1,617.849,1776164537000
1776164539.568,139.568,0.15,20.39,0.14,21.6,0.13,61.0,0.12,24.6,0.11,76.6,0.25,52.0,0.26,13.5,0.27,13.2,0.28,22.9,0.29,12.6,0.75,52.0,0.74,13.5,0.73,13.2,0.72,22.9,0.71,12.6,0.85,20.39,0.86,21.6,0.87,61.0,0.88,24.6,0.89,76.6,0.1,0.1,617.848,1776164538000
1776164540.208,140.208,0.15,20.39,0.14,21.6,0.13,61.0,0.12,24.6,0.11,76.6,0.25,52.0,0.26,13.5,0.27,13.2,0.28,22.9,0.29,12.6,0.75,52.0,0.74,13.5,0.73,13.2,0.72,22.9,0.71,12.6,0.85,20.39,0.86,21.6,0.87,61.0,0.88,24.6,0.89,76.6,0.1,0.1,617.842,1776164539000
1776164541.387,141.387,0.15,20.39,0.14,21.6,0.13,61.0,0.12,24.6,0.11,76.6,0.25,52.0,0.26,13.5,0.27,13.2,0.28,22.9,0.29,12.6,0.75,52.0,0.74,13.5,0.73,13.2,0.72,22.9,0.71,12.6,0.85,20.39,0.86,21.6,0.87,61.0,0.88,24.6,0.89,76.6,0.1,0.1,617.842,1776164540000
1776164541.969,141.969,0.15,20.39,0.14,21.6,0.13,61.0,0.12,24.6,0.11,76.6,0.25,52.0,0.26,13.5,0.27,13.2,0.28,22.9,0.29,12.6,0.75,52.0,0.74,13.5,0.73,13.2,0.72,22.9,0.71,12.6,0.85,20.39,0.86,21.6,0.87,61.0,0.88,24.6,0.89,76.6,0.1,0.1,617.836635,1776164541000
1776164543.252,143.252,0.15,20.39,0.14,21.6,0.13,61.0,0.12,24.6,0.11,76.6,0.25,52.0,0.26,13.5,0.27,13.2,0.28,22.9,0.29,12.6,0.75,52.0,0.74,13.5,0.73,13.2,0.72,22.9,0.71,12.6,0.85,20.39,0.86,21.6,0.87,61.0,0.88,24.6,0.89,76.6,0.1,0.1,617.829093,1776164542000
1776164544.357,144.357,0.15,20.39,0.14,21.6,0.13,61.0,0.12,24.6,0.11,76.6,0.25,52.0,0.26,13.5,0.27,13.2,0.28,22.9,0.29,12.6,0.75,52.0,0.74,13.5,0.73,13.2,0.72,22.9,0.71,12.6,0.85,20.39,0.86,21.6,0.87,61.0,0.88,24.6,0.89,76.6,0.1,0.1,617.78071,1776164543000
1776164545.591,145.591,0.15,20.39,0.14,21.6,0.13,61.0,0.12,24.6,0.11,76.6,0.25,52.0,0.26,13.5,0.27,13.2,0.28,22.9,0.29,12.6,0.75,52.0,0.74,13.5,0.73,13.2,0.72,22.9,0.71,12.6,0.85,20.39,0.86,21.6,0.87,61.0,0.88,24.6,0.89,76.6,0.1,0.1,617.78511,1776164544000
1776164546.143,146.143,0.15,20.39,0.14,21.6,0.13,61.0,0.12,24.6,0.11,76.6,0.25,52.0,0.26,13.5,0.27,13.2,0.28,22.9,0.29,12.6,0.75,52.0,0.74,13.5,0.73,13.2,0.72,22.9,0.71,12.6,0.85,20.39,0.86,21.6,0.87,61.0,0.88,24.6,0.89,76.6,0.1,0.1,617.78229,1776164545000
1776164547.38,147.38,0.15,20.39,0.14,21.6,0.13,61.0,0.12,24.6,0.11,76.6,0.25,52.0,0.26,13.5,0.27,13.2,0.28,22.9,0.29,12.6,0.75,52.0,0.74,13.5,0.73,13.2,0.72,22.9,0.71,12.6,0.85,20.39,0.86,21.6,0.87,61.0,0.88,24.6,0.89,76.6,0.1,0.1,617.78231,1776164546000
1776164547.957,147.957,0.15,20.39,0.14,21.6,0.13,61.0,0.12,24.6,0.11,76.6,0.25,52.0,0.26,13.5,0.27,13.2,0.28,22.9,0.29,12.6,0.75,52.0,0.74,13.5,0.73,13.2,0.72,22.9,0.71,12.6,0.85,20.39,0.86,21.6,0.87,61.0,0.88,24.6,0.89,76.6,0.1,0.1,617.745328,1776164547000
1776164549.029,149.029,0.08,19.96,0.07,39.9,0.06,46.1,0.05,54.7,0.04,77.7,0.1,5.0,0.12,5.0,0.14,21.6,0.15,30.39,0.16,19.3,0.75,52.0,0.74,13.5,0.73,13.2,0.72,22.9,0.71,12.6,0.85,20.39,0.86,21.6,0.87,61.0,0.88,24.6,0.89,76.6,0.02,0.1,617.745328,1776164547000
1776164549.528,149.528,0.08,19.96,0.07,39.9,0.06,46.1,0.05,54.7,0.04,77.7,0.1,1.0,0.12,5.0,0.14,21.6,0.15,30.39,0.16,19.3,0.9,5.0,0.88,5.0,0.86,21.6,0.85,30.39,0.84,19.3,0.92,19.96,0.93,39.9,0.94,46.1,0.95,54.7,0.96,77.7,0.02,0.02,617.71963,1776164548000
1776164549.901,149.901,0.08,19.96,0.07,39.9,0.06,46.1,0.05,54.7,0.04,77.7,0.1,1.0,0.12,5.0,0.14,21.6,0.15,30.39,0.16,19.3,0.9,1.0,0.88,5.0,0.86,21.6,0.85,30.39,0.84,19.3,0.92,19.96,0.93,39.9,0.94,46.1,0.95,54.7,0.96,77.7,0.02,0.02,617.71961,1776164549000
1776164550.951,150.951,0.08,19.96,0.07,39.9,0.06,46.1,0.05,54.7,0.04,77.7,0.1,1.0,0.12,5.0,0.14,21.6,0.15,30.39,0.16,19.3,0.9,1.0,0.88,5.0,0.86,21.6,0.85,30.39,0.84,19.3,0.92,19.96,0.93,39.9,0.94,46.1,0.95,54.7,0.96,77.7,0.02,0.02,617.72151,1776164550000
1776164551.984,151.984,0.08,19.96,0.07,39.9,0.06,46.1,0.05,54.7,0.04,77.7,0.1,1.0,0.12,5.0,0.14,21.6,0.15,30.39,0.16,19.3,0.9,1.0,0.88,5.0,0.86,21.6,0.85,30.39,0.84,19.3,0.92,19.96,0.93,39.9,0.94,46.1,0.95,54.7,0.96,77.7,0.02,0.02,617.71718,1776164551000
1776164552.437,152.437,0.07,38.82,0.06,46.1,0.05,54.7,0.04,77.7,0.03,89.3,0.12,5.0,0.13,5.0,0.14,21.6,0.15,30.39,0.16,19.3,0.9,1.0,0.88,5.0,0.86,21.6,0.85,30.39,0.84,19.3,0.92,19.96,0.93,39.9,0.94,46.1,0.95,54.7,0.96,77.7,0.05,0.02,617.71718,1776164551000
1776164553.007,153.007,0.07,38.82,0.06,46.1,0.05,54.7,0.04,77.7,0.03,89.3,0.12,5.0,0.13,5.0,0.14,21.6,0.15,30.39,0.16,19.3,0.88,5.0,0.87,5.0,0.86,21.6,0.85,30.39,0.84,19.3,0.93,38.82,0.94,46.1,0.95,54.7,0.96,77.7,0.97,89.3,0.05,0.05,617.71149,1776164552000
1776164553.866,153.866,0.07,38.82,0.06,46.1,0.05,54.7,0.04,77.7,0.03,89.3,0.12,5.0,0.13,5.0,0.14,21.6,0.15,30.39,0.16,19.3,0.88,5.0,0.87,5.0,0.86,21.6,0.85,30.39,0.84,19.3,0.93,38.82,0.94,46.1,0.95,54.7,0.96,77.7,0.97,89.3,0.05,0.05,617.7106,1776164553000
1776164555.293,155.293,0.07,38.82,0.06,46.1,0.05,54.7,0.04,77.7,0.03,89.3,0.12,5.0,0.13,5.0,0.14,21.6,0.15,30.39,0.16,19.3,0.88,5.0,0.87,5.0,0.86,21.6,0.85,30.39,0.84,19.3,0.93,38.82,0.94,46.1,0.95,54.7,0.96,77.7,0.97,89.3,0.05,0.05,617.71615,1776164554000
1776164556.151,156.151,0.07,38.82,0.06,46.1,0.05,54.7,0.04,77.7,0.03,89.3,0.12,5.0,0.13,5.0,0.14,21.6,0.15,30.39,0.16,19.3,0.88,5.0,0.87,5.0,0.86,21.6,0.85,30.39,0.84,19.3,0.93,38.82,0.94,46.1,0.95,54.7,0.96,77.7,0.97,89.3,0.05,0.05,617.71908,1776164555000
1776164557.138,157.138,0.07,38.82,0.06,46.1,0.05,54.7,0.04,77.7,0.03,89.3,0.12,5.0,0.13,5.0,0.14,21.6,0.15,30.39,0.16,19.3,0.88,5.0,0.87,5.0,0.86,21.6,0.85,30.39,0.84,19.3,0.93,38.82,0.94,46.1,0.95,54.7,0.96,77.7,0.97,89.3,0.05,0.05,617.724374,1776164556000
1776164558.218,158.218,0.07,38.82,0.06,46.1,0.05,54.7,0.04,77.7,0.03,89.3,0.12,5.0,0.13,5.0,0.14,21.6,0.15,30.39,0.16,19.3,0.88,5.0,0.87,5.0,0.86,21.6,0.85,30.39,0.84,19.3,0.93,38.82,0.94,46.1,0.95,54.7,0.96,77.7,0.97,89.3,0.05,0.05,617.70622,1776164557000
1776164559.177,159.177,0.07,38.82,0.06,46.1,0.05,54.7,0.04,77.7,0.03,89.3,0.12,5.0,0.13,5.0,0.14,21.6,0.15,30.39,0.16,19.3,0.88,5.0,0.87,5.0,0.86,21.6,0.85,30.39,0.84,19.3,0.93,38.82,0.94,46.1,0.95,54.7,0.96,77.7,0.97,89.3,0.05,0.05,617.69923,1776164558000
1776164560.125,160.125,0.07,38.82,0.06,46.1,0.05,54.7,0.04,77.7,0.03,89.3,0.12,5.0,0.13,5.0,0.14,21.6,0.15,30.39,0.16,19.3,0.88,5.0,0.87,5.0,0.86,21.6,0.85,30.39,0.84,19.3,0.93,38.82,0.94,46.1,0.95,54.7,0.96,77.7,0.97,89.3,0.05,0.05,617.69885,1776164559000
1776164561.118,161.118,0.07,38.82,0.06,46.1,0.05,54.7,0.04,77.7,0.03,89.3,0.12,5.0,0.13,5.0,0.14,21.6,0.15,30.39,0.16,19.3,0.88,5.0,0.87,5.0,0.86,21.6,0.85,30.39,0.84,19.3,0.93,38.82,0.94,46.1,0.95,54.7,0.96,77.7,0.97,89.3,0.05,0.05,617.74938,1776164560000
1776164562.793,162.793,0.07,38.82,0.06,46.1,0.05,54.7,0.04,77.7,0.03,89.3,0.12,5.0,0.13,5.0,0.14,21.6,0.15,30.39,0.16,19.3,0.88,5.0,0.87,5.0,0.86,21.6,0.85,30.39,0.84,19.3,0.93,38.82,0.94,46.1,0.95,54.7,0.96,77.7,0.97,89.3,0.05,0.05,617.75075,1776164561000
1776164563.302,163.302,0.07,38.82,0.06,46.1,0.05,54.7,0.04,77.7,0.03,89.3,0.12,5.0,0.13,5.0,0.14,21.6,0.15,30.39,0.16,19.3,0.88,5.0,0.87,5.0,0.86,21.6,0.85,30.39,0.84,19.3,0.93,38.82,0.94,46.1,0.95,54.7,0.96,77.7,0.97,89.3,0.05,0.05,617.75637,1776164562000
1776164563.888,163.888,0.07,38.82,0.06,46.1,0.05,54.7,0.04,77.7,0.03,89.3,0.12,5.0,0.13,5.0,0.14,21.6,0.15,30.39,0.16,19.3,0.88,5.0,0.87,5.0,0.86,21.6,0.85,30.39,0.84,19.3,0.93,38.82,0.94,46.1,0.95,54.7,0.96,77.7,0.97,89.3,0.05,0.05,617.74341,1776164563000
1776164564.996,164.996,0.07,38.82,0.06,46.1,0.05,54.7,0.04,77.7,0.03,89.3,0.12,5.0,0.13,5.0,0.14,21.6,0.15,30.39,0.16,19.3,0.88,5.0,0.87,5.0,0.86,21.6,0.85,30.39,0.84,19.3,0.93,38.82,0.94,46.1,0.95,54.7,0.96,77.7,0.97,89.3,0.05,0.05,617.7223,1776164564000
1776164566.19,166.19,0.07,38.82,0.06,46.1,0.05,54.7,0.04,77.7,0.03,89.3,0.12,5.0,0.13,5.0,0.14,21.6,0.15,30.39,0.16,19.3,0.88,5.0,0.87,5.0,0.86,21.6,0.85,30.39,0.84,19.3,0.93,38.82,0.94,46.1,0.95,54.7,0.96,77.7,0.97,89.3,0.05,0.05,617.72226,1776164565000
1776164567.584,167.584,0.07,38.82,0.06,46.1,0.05,54.7,0.04,77.7,0.03,89.3,0.12,5.0,0.13,5.0,0.14,21.6,0.15,30.39,0.16,19.3,0.88,5.0,0.87,5.0,0.86,21.6,0.85,30.39,0.84,19.3,0.93,38.82,0.94,46.1,0.95,54.7,0.96,77.7,0.97,89.3,0.05,0.05,617.720078,1776164566000
1776164568.244,168.244,0.04,10.0,0.03,89.3,0.02,150.69,0.01,5743.6,,,0.07,26.15,0.08,40.29,0.09,31.7,0.1,33.9,0.11,31.6,0.93,26.15,0.92,40.29,0.91,31.7,0.9,33.9,0.89,31.6,0.96,10.0,0.97,89.3,0.98,150.69,0.99,5743.6,,,0.03,0.03,617.708502,1776164567000
1776164569.211,169.211,0.04,10.0,0.03,89.3,0.02,150.69,0.01,5743.6,,,0.07,26.15,0.08,40.29,0.09,31.7,0.1,33.9,0.11,31.6,0.93,26.15,0.92,40.29,0.91,31.7,0.9,33.9,0.89,31.6,0.96,10.0,0.97,89.3,0.98,150.69,0.99,5743.6,,,0.03,0.03,617.68336,1776164568000
1776164570.513,170.513,0.04,10.0,0.03,89.3,0.02,150.69,0.01,5743.6,,,0.07,26.15,0.08,40.29,0.09,31.7,0.1,33.9,0.11,31.6,0.93,26.15,0.92,40.29,0.91,31.7,0.9,33.9,0.89,31.6,0.96,10.0,0.97,89.3,0.98,150.69,0.99,5743.6,,,0.03,0.03,617.67102,1776164569000
1776164571.115,171.115,0.04,10.0,0.03,89.3,0.02,150.69,0.01,5743.6,,,0.07,26.15,0.08,40.29,0.09,31.7,0.1,33.9,0.11,31.6,0.93,26.15,0.92,40.29,0.91,31.7,0.9,33.9,0.89,31.6,0.96,10.0,0.97,89.3,0.98,150.69,0.99,5743.6,,,0.03,0.03,617.67144,1776164570000
1776164572.437,172.437,0.04,10.0,0.03,89.3,0.02,150.69,0.01,5743.6,,,0.07,26.15,0.08,40.29,0.09,31.7,0.1,33.9,0.11,31.6,0.93,26.15,0.92,40.29,0.91,31.7,0.9,33.9,0.89,31.6,0.96,10.0,0.97,89.3,0.98,150.69,0.99,5743.6,,,0.03,0.03,617.66185,1776164571000
1776164572.963,172.963,0.04,10.0,0.03,89.3,0.02,150.69,0.01,5743.6,,,0.07,26.15,0.08,40.29,0.09,31.7,0.1,33.9,0.11,31.6,0.93,26.15,0.92,40.29,0.91,31.7,0.9,33.9,0.89,31.6,0.96,10.0,0.97,89.3,0.98,150.69,0.99,5743.6,,,0.03,0.03,617.663255,1776164572000
1776164574.038,174.038,0.04,10.0,0.03,89.3,0.02,150.69,0.01,5743.6,,,0.07,26.15,0.08,40.29,0.09,31.7,0.1,33.9,0.11,31.6,0.93,26.15,0.92,40.29,0.91,31.7,0.9,33.9,0.89,31.6,0.96,10.0,0.97,89.3,0.98,150.69,0.99,5743.6,,,0.03,0.03,617.638283,1776164573000
1776164575.157,175.157,0.04,10.0,0.03,89.3,0.02,150.69,0.01,5743.6,,,0.07,26.15,0.08,40.29,0.09,31.7,0.1,33.9,0.11,31.6,0.93,26.15,0.92,40.29,0.91,31.7,0.9,33.9,0.89,31.6,0.96,10.0,0.97,89.3,0.98,150.69,0.99,5743.6,,,0.03,0.03,617.639851,1776164574000
1776164576.245,176.245,0.04,10.0,0.03,89.3,0.02,150.69,0.01,5743.6,,,0.07,26.15,0.08,40.29,0.09,31.7,0.1,33.9,0.11,31.6,0.93,26.15,0.92,40.29,0.91,31.7,0.9,33.9,0.89,31.6,0.96,10.0,0.97,89.3,0.98,150.69,0.99,5743.6,,,0.03,0.03,617.68933,1776164575000
1776164577.309,177.309,0.04,10.0,0.03,89.3,0.02,150.69,0.01,5743.6,,,0.07,26.15,0.08,40.29,0.09,31.7,0.1,33.9,0.11,31.6,0.93,26.15,0.92,40.29,0.91,31.7,0.9,33.9,0.89,31.6,0.96,10.0,0.97,89.3,0.98,150.69,0.99,5743.6,,,0.03,0.03,617.68792,1776164576000
1776164578.473,178.473,0.04,10.0,0.03,89.3,0.02,150.69,0.01,5743.6,,,0.07,26.15,0.08,40.29,0.09,31.7,0.1,33.9,0.11,31.6,0.93,26.15,0.92,40.29,0.91,31.7,0.9,33.9,0.89,31.6,0.96,10.0,0.97,89.3,0.98,150.69,0.99,5743.6,,,0.03,0.03,617.6899,1776164577000
1776164578.962,178.962,0.04,10.0,0.03,89.3,0.02,150.69,0.01,5743.6,,,0.07,26.15,0.08,40.29,0.09,31.7,0.1,33.9,0.11,31.6,0.93,26.15,0.92,40.29,0.91,31.7,0.9,33.9,0.89,31.6,0.96,10.0,0.97,89.3,0.98,150.69,0.99,5743.6,,,0.03,0.03,617.69039,1776164578000
1776164580.025,180.025,0.04,10.0,0.03,89.3,0.02,150.69,0.01,5743.6,,,0.07,26.15,0.08,40.29,0.09,31.7,0.1,33.9,0.11,31.6,0.93,26.15,0.92,40.29,0.91,31.7,0.9,33.9,0.89,31.6,0.96,10.0,0.97,89.3,0.98,150.69,0.99,5743.6,,,0.03,0.03,617.661876,1776164579000
1776164580.944,180.944,0.04,10.0,0.03,89.3,0.02,150.69,0.01,5743.6,,,0.07,26.15,0.08,40.29,0.09,31.7,0.1,33.9,0.11,31.6,0.93,26.15,0.92,40.29,0.91,31.7,0.9,33.9,0.89,31.6,0.96,10.0,0.97,89.3,0.98,150.69,0.99,5743.6,,,0.03,0.03,617.640054,1776164580000
1776164582.106,182.106,0.04,10.0,0.03,89.3,0.02,150.69,0.01,5743.6,,,0.07,26.15,0.08,40.29,0.09,31.7,0.1,33.9,0.11,31.6,0.93,26.15,0.92,40.29,0.91,31.7,0.9,33.9,0.89,31.6,0.96,10.0,0.97,89.3,0.98,150.69,0.99,5743.6,,,0.03,0.03,617.70807,1776164581000
1776164582.94,182.94,0.04,10.0,0.03,89.3,0.02,150.69,0.01,5743.6,,,0.07,26.15,0.08,40.29,0.09,31.7,0.1,33.9,0.11,31.6,0.93,26.15,0.92,40.29,0.91,31.7,0.9,33.9,0.89,31.6,0.96,10.0,0.97,89.3,0.98,150.69,0.99,5743.6,,,0.03,0.03,617.69736,1776164582000
1776164583.149,183.149,0.04,7.91,0.02,18.0,0.01,5743.6,,,,,0.05,54.7,0.06,46.1,0.07,31.15,0.08,45.29,0.09,36.7,0.93,26.15,0.92,40.29,0.91,31.7,0.9,33.9,0.89,31.6,0.96,10.0,0.97,89.3,0.98,150.69,0.99,5743.6,,,0.01,0.03,617.69736,1776164582000
1776164583.942,183.942,0.04,7.91,0.02,18.0,0.01,5743.6,,,,,0.05,54.7,0.06,46.1,0.07,31.15,0.08,45.29,0.09,36.7,0.95,54.7,0.94,46.1,0.93,31.15,0.92,45.29,0.91,36.7,0.96,7.91,0.98,18.0,0.99,5743.6,,,,,0.01,0.01,617.62501,1776164583000
1776164584.959,184.959,0.04,7.91,0.02,18.0,0.01,5743.6,,,,,0.05,54.7,0.06,46.1,0.07,31.15,0.08,45.29,0.09,36.7,0.95,54.7,0.94,46.1,0.93,31.15,0.92,45.29,0.91,36.7,0.96,7.91,0.98,18.0,0.99,5743.6,,,,,0.01,0.01,617.61914,1776164584000
1776164586.016,186.016,0.04,7.91,0.02,18.0,0.01,5743.6,,,,,0.05,54.7,0.06,46.1,0.07,31.15,0.08,45.29,0.09,36.7,0.95,54.7,0.94,46.1,0.93,31.15,0.92,45.29,0.91,36.7,0.96,7.91,0.98,18.0,0.99,5743.6,,,,,0.01,0.01,617.60226,1776164585000
1776164587.068,187.068,0.04,7.91,0.02,18.0,0.01,5743.6,,,,,0.05,54.7,0.06,46.1,0.07,31.15,0.08,45.29,0.09,36.7,0.95,54.7,0.94,46.1,0.93,31.15,0.92,45.29,0.91,36.7,0.96,7.91,0.98,18.0,0.99,5743.6,,,,,0.01,0.01,617.602706,1776164586000
1776164588.143,188.143,0.04,7.91,0.02,18.0,0.01,5743.6,,,,,0.05,54.7,0.06,46.1,0.07,31.15,0.08,45.29,0.09,36.7,0.95,54.7,0.94,46.1,0.93,31.15,0.92,45.29,0.91,36.7,0.96,7.91,0.98,18.0,0.99,5743.6,,,,,0.01,0.01,617.63527,1776164587000
1776164589.248,189.248,0.04,7.91,0.02,18.0,0.01,5743.6,,,,,0.05,54.7,0.06,46.1,0.07,31.15,0.08,45.29,0.09,36.7,0.95,54.7,0.94,46.1,0.93,31.15,0.92,45.29,0.91,36.7,0.96,7.91,0.98,18.0,0.99,5743.6,,,,,0.01,0.01,617.62461,1776164588000
1776164590.166,190.166,0.04,7.91,0.02,18.0,0.01,5743.6,,,,,0.05,54.7,0.06,46.1,0.07,31.15,0.08,45.29,0.09,36.7,0.95,54.7,0.94,46.1,0.93,31.15,0.92,45.29,0.91,36.7,0.96,7.91,0.98,18.0,0.99,5743.6,,,,,0.01,0.01,617.62288,1776164589000
1776164591.604,191.604,0.04,7.91,0.02,18.0,0.01,5743.6,,,,,0.05,54.7,0.06,46.1,0.07,31.15,0.08,45.29,0.09,36.7,0.95,54.7,0.94,46.1,0.93,31.15,0.92,45.29,0.91,36.7,0.96,7.91,0.98,18.0,0.99,5743.6,,,,,0.01,0.01,617.617797,1776164590000
1776164592.577,192.577,0.04,7.91,0.02,18.0,0.01,5743.6,,,,,0.05,54.7,0.06,46.1,0.07,31.15,0.08,45.29,0.09,36.7,0.95,54.7,0.94,46.1,0.93,31.15,0.92,45.29,0.91,36.7,0.96,7.91,0.98,18.0,0.99,5743.6,,,,,0.01,0.01,617.607215,1776164591000
1776164593.207,193.207,0.04,7.91,0.02,18.0,0.01,5743.6,,,,,0.05,54.7,0.06,46.1,0.07,31.15,0.08,45.29,0.09,36.7,0.95,54.7,0.94,46.1,0.93,31.15,0.92,45.29,0.91,36.7,0.96,7.91,0.98,18.0,0.99,5743.6,,,,,0.01,0.01,617.607503,1776164592000
1776164594.835,194.835,0.04,7.91,0.02,18.0,0.01,5743.6,,,,,0.05,54.7,0.06,46.1,0.07,31.15,0.08,45.29,0.09,36.7,0.95,54.7,0.94,46.1,0.93,31.15,0.92,45.29,0.91,36.7,0.96,7.91,0.98,18.0,0.99,5743.6,,,,,0.01,0.01,617.595618,1776164593000
1776164595.439,195.439,0.04,7.91,0.02,18.0,0.01,5743.6,,,,,0.05,54.7,0.06,46.1,0.07,31.15,0.08,45.29,0.09,36.7,0.95,54.7,0.94,46.1,0.93,31.15,0.92,45.29,0.91,36.7,0.96,7.91,0.98,18.0,0.99,5743.6,,,,,0.01,0.01,617.581602,1776164594000
1776164596.334,196.334,0.04,7.91,0.02,18.0,0.01,5743.6,,,,,0.05,54.7,0.06,46.1,0.07,31.15,0.08,45.29,0.09,36.7,0.95,54.7,0.94,46.1,0.93,31.15,0.92,45.29,0.91,36.7,0.96,7.91,0.98,18.0,0.99,5743.6,,,,,0.01,0.01,617.59536,1776164595000
1776164596.998,196.998,0.04,7.91,0.02,18.0,0.01,5743.6,,,,,0.05,54.7,0.06,46.1,0.07,31.15,0.08,45.29,0.09,36.7,0.95,54.7,0.94,46.1,0.93,31.15,0.92,45.29,0.91,36.7,0.96,7.91,0.98,18.0,0.99,5743.6,,,,,0.01,0.01,617.601544,1776164596000
1776164598.635,198.635,0.04,7.91,0.02,10.0,0.01,5743.6,,,,,0.05,34.7,0.06,46.1,0.07,31.15,0.08,35.29,0.09,46.7,0.95,34.7,0.94,46.1,0.93,31.15,0.92,35.29,0.91,46.7,0.96,7.91,0.98,10.0,0.99,5743.6,,,,,0.01,0.01,617.587579,1776164597000
1776164599.198,199.198,0.04,7.91,0.02,10.0,0.01,5743.6,,,,,0.05,34.7,0.06,46.1,0.07,31.15,0.08,35.29,0.09,46.7,0.95,34.7,0.94,46.1,0.93,31.15,0.92,35.29,0.91,46.7,0.96,7.91,0.98,10.0,0.99,5743.6,,,,,0.01,0.01,617.637149,1776164598000
1776164600.749,200.749,0.04,7.91,0.02,10.0,0.01,5743.6,,,,,0.05,34.7,0.06,46.1,0.07,31.15,0.08,35.29,0.09,46.7,0.95,34.7,0.94,46.1,0.93,31.15,0.92,35.29,0.91,46.7,0.96,7.91,0.98,10.0,0.99,5743.6,,,,,0.01,0.01,617.638514,1776164599000
1776164601.492,201.492,0.04,7.91,0.02,10.0,0.01,5743.6,,,,,0.05,34.7,0.06,46.1,0.07,31.15,0.08,35.29,0.09,46.7,0.95,34.7,0.94,46.1,0.93,31.15,0.92,35.29,0.91,46.7,0.96,7.91,0.98,10.0,0.99,5743.6,,,,,0.01,0.01,617.653088,1776164600000
1776164602.233,202.233,0.04,7.91,0.02,10.0,0.01,5743.6,,,,,0.05,34.7,0.06,46.1,0.07,31.15,0.08,35.29,0.09,46.7,0.95,34.7,0.94,46.1,0.93,31.15,0.92,35.29,0.91,46.7,0.96,7.91,0.98,10.0,0.99,5743.6,,,,,0.01,0.01,617.653088,1776164601000
1776164603.679,203.679,0.04,7.91,0.02,10.0,0.01,5743.6,,,,,0.05,34.7,0.06,46.1,0.07,31.15,0.08,35.29,0.09,46.7,0.95,34.7,0.94,46.1,0.93,31.15,0.92,35.29,0.91,46.7,0.96,7.91,0.98,10.0,0.99,5743.6,,,,,0.01,0.01,617.708499,1776164602000
1776164604.476,204.476,0.04,7.91,0.02,10.0,0.01,5743.6,,,,,0.05,34.7,0.06,46.1,0.07,31.15,0.08,35.29,0.09,46.7,0.95,34.7,0.94,46.1,0.93,31.15,0.92,35.29,0.91,46.7,0.96,7.91,0.98,10.0,0.99,5743.6,,,,,0.01,0.01,617.709392,1776164603000
1776164605.179,205.179,0.04,7.91,0.02,10.0,0.01,5743.6,,,,,0.05,34.7,0.06,46.1,0.07,31.15,0.08,35.29,0.09,46.7,0.95,34.7,0.94,46.1,0.93,31.15,0.92,35.29,0.91,46.7,0.96,7.91,0.98,10.0,0.99,5743.6,,,,,0.01,0.01,617.74189,1776164604000
1776164605.636,205.636,0.04,77.48,0.03,89.3,0.02,142.69,0.01,5743.6,,,0.08,35.29,0.09,36.7,0.1,28.9,0.11,31.6,0.12,24.6,0.95,34.7,0.94,46.1,0.93,31.15,0.92,35.29,0.91,46.7,0.96,7.91,0.98,10.0,0.99,5743.6,,,,,0.04,0.01,617.74189,1776164604000
1776164606.636,206.636,0.04,77.48,0.03,89.3,0.02,142.69,0.01,5743.6,,,0.08,35.29,0.09,36.7,0.1,28.9,0.11,31.6,0.12,24.6,0.92,35.29,0.91,36.7,0.9,28.9,0.89,31.6,0.88,24.6,0.96,77.48,0.97,89.3,0.98,142.69,0.99,5743.6,,,0.04,0.04,617.75053,1776164605000
1776164607.302,207.302,0.04,77.48,0.03,89.3,0.02,142.69,0.01,5743.6,,,0.08,35.29,0.09,36.7,0.1,28.9,0.11,31.6,0.12,24.6,0.92,35.29,0.91,36.7,0.9,28.9,0.89,31.6,0.88,24.6,0.96,77.48,0.97,89.3,0.98,142.69,0.99,5743.6,,,0.04,0.04,617.720018,1776164606000
1776164608.128,208.128,0.04,77.48,0.03,89.3,0.02,142.69,0.01,5743.6,,,0.08,35.29,0.09,36.7,0.1,28.9,0.11,31.6,0.12,24.6,0.92,35.29,0.91,36.7,0.9,28.9,0.89,31.6,0.88,24.6,0.96,77.48,0.97,89.3,0.98,142.69,0.99,5743.6,,,0.04,0.04,617.740412,1776164607000
1776164609.521,209.521,0.04,77.48,0.03,89.3,0.02,142.69,0.01,5743.6,,,0.08,35.29,0.09,36.7,0.1,28.9,0.11,31.6,0.12,24.6,0.92,35.29,0.91,36.7,0.9,28.9,0.89,31.6,0.88,24.6,0.96,77.48,0.97,89.3,0.98,142.69,0.99,5743.6,,,0.04,0.04,617.74621,1776164608000
1776164610.375,210.375,0.04,77.48,0.03,89.3,0.02,142.69,0.01,5743.6,,,0.08,35.29,0.09,36.7,0.1,28.9,0.11,31.6,0.12,24.6,0.92,35.29,0.91,36.7,0.9,28.9,0.89,31.6,0.88,24.6,0.96,77.48,0.97,89.3,0.98,142.69,0.99,5743.6,,,0.04,0.04,617.744516,1776164609000
1776164610.89,210.89,0.04,77.48,0.03,89.3,0.02,142.69,0.01,5743.6,,,0.08,35.29,0.09,36.7,0.1,28.9,0.11,31.6,0.12,24.6,0.92,35.29,0.91,36.7,0.9,28.9,0.89,31.6,0.88,24.6,0.96,77.48,0.97,89.3,0.98,142.69,0.99,5743.6,,,0.04,0.04,617.763061,1776164610000
1776164612.01,212.01,0.04,77.48,0.03,89.3,0.02,142.69,0.01,5743.6,,,0.08,35.29,0.09,36.7,0.1,28.9,0.11,31.6,0.12,24.6,0.92,35.29,0.91,36.7,0.9,28.9,0.89,31.6,0.88,24.6,0.96,77.48,0.97,89.3,0.98,142.69,0.99,5743.6,,,0.04,0.04,617.7692,1776164611000
1776164613.111,213.111,0.04,77.48,0.03,89.3,0.02,142.69,0.01,5743.6,,,0.08,35.29,0.09,36.7,0.1,28.9,0.11,31.6,0.12,24.6,0.92,35.29,0.91,36.7,0.9,28.9,0.89,31.6,0.88,24.6,0.96,77.48,0.97,89.3,0.98,142.69,0.99,5743.6,,,0.04,0.04,617.764581,1776164612000
1776164614.225,214.225,0.04,77.48,0.03,89.3,0.02,142.69,0.01,5743.6,,,0.08,35.29,0.09,36.7,0.1,28.9,0.11,31.6,0.12,24.6,0.92,35.29,0.91,36.7,0.9,28.9,0.89,31.6,0.88,24.6,0.96,77.48,0.97,89.3,0.98,142.69,0.99,5743.6,,,0.04,0.04,617.76867,1776164613000
1776164615.215,215.215,0.04,77.48,0.03,89.3,0.02,142.69,0.01,5743.6,,,0.08,35.29,0.09,36.7,0.1,28.9,0.11,31.6,0.12,24.6,0.92,35.29,0.91,36.7,0.9,28.9,0.89,31.6,0.88,24.6,0.96,77.48,0.97,89.3,0.98,142.69,0.99,5743.6,,,0.04,0.04,617.76681,1776164614000
1776164616.328,216.328,0.04,77.48,0.03,89.3,0.02,142.69,0.01,5743.6,,,0.08,35.29,0.09,36.7,0.1,28.9,0.11,31.6,0.12,24.6,0.92,35.29,0.91,36.7,0.9,28.9,0.89,31.6,0.88,24.6,0.96,77.48,0.97,89.3,0.98,142.69,0.99,5743.6,,,0.04,0.04,617.76741,1776164615000
1776164617.316,217.316,0.04,77.48,0.03,89.3,0.02,142.69,0.01,5743.6,,,0.08,35.29,0.09,36.7,0.1,28.9,0.11,31.6,0.12,24.6,0.92,35.29,0.91,36.7,0.9,28.9,0.89,31.6,0.88,24.6,0.96,77.48,0.97,89.3,0.98,142.69,0.99,5743.6,,,0.04,0.04,617.798864,1776164616000
1776164617.924,217.924,0.04,77.48,0.03,89.3,0.02,142.69,0.01,5743.6,,,0.08,35.29,0.09,36.7,0.1,28.9,0.11,31.6,0.12,24.6,0.92,35.29,0.91,36.7,0.9,28.9,0.89,31.6,0.88,24.6,0.96,77.48,0.97,89.3,0.98,142.69,0.99,5743.6,,,0.04,0.04,617.79413,1776164617000
1776164619.04,219.04,0.04,77.48,0.03,89.3,0.02,142.69,0.01,5743.6,,,0.08,35.29,0.09,36.7,0.1,28.9,0.11,31.6,0.12,24.6,0.92,35.29,0.91,36.7,0.9,28.9,0.89,31.6,0.88,24.6,0.96,77.48,0.97,89.3,0.98,142.69,0.99,5743.6,,,0.04,0.04,617.751347,1776164618000
1776164620.057,220.057,0.04,77.48,0.03,89.3,0.02,142.69,0.01,5743.6,,,0.08,35.29,0.09,36.7,0.1,28.9,0.11,31.6,0.12,24.6,0.92,35.29,0.91,36.7,0.9,28.9,0.89,31.6,0.88,24.6,0.96,77.48,0.97,89.3,0.98,142.69,0.99,5743.6,,,0.04,0.04,617.77728,1776164619000
1776164621.032,221.032,0.04,77.48,0.03,89.3,0.02,142.69,0.01,5743.6,,,0.08,35.29,0.09,36.7,0.1,28.9,0.11,31.6,0.12,24.6,0.92,35.29,0.91,36.7,0.9,28.9,0.89,31.6,0.88,24.6,0.96,77.48,0.97,89.3,0.98,142.69,0.99,5743.6,,,0.04,0.04,617.77985,1776164620000
1776164622.066,222.066,0.04,77.48,0.03,89.3,0.02,142.69,0.01,5743.6,,,0.08,35.29,0.09,36.7,0.1,28.9,0.11,31.6,0.12,24.6,0.92,35.29,0.91,36.7,0.9,28.9,0.89,31.6,0.88,24.6,0.96,77.48,0.97,89.3,0.98,142.69,0.99,5743.6,,,0.04,0.04,617.78268,1776164621000
1776164623.115,223.115,0.04,77.48,0.03,89.3,0.02,142.69,0.01,5743.6,,,0.08,35.29,0.09,36.7,0.1,28.9,0.11,31.6,0.12,24.6,0.92,35.29,0.91,36.7,0.9,28.9,0.89,31.6,0.88,24.6,0.96,77.48,0.97,89.3,0.98,142.69,0.99,5743.6,,,0.04,0.04,617.78292,1776164622000
1776164623.991,223.991,0.04,77.48,0.03,89.3,0.02,142.69,0.01,5743.6,,,0.08,35.29,0.09,36.7,0.1,28.9,0.11,31.6,0.12,24.6,0.92,35.29,0.91,36.7,0.9,28.9,0.89,31.6,0.88,24.6,0.96,77.48,0.97,89.3,0.98,142.69,0.99,5743.6,,,0.04,0.04,617.78348,1776164623000
1776164624.999,224.999,0.04,77.48,0.03,89.3,0.02,142.69,0.01,5743.6,,,0.08,35.29,0.09,36.7,0.1,28.9,0.11,31.6,0.12,24.6,0.92,35.29,0.91,36.7,0.9,28.9,0.89,31.6,0.88,24.6,0.96,77.48,0.97,89.3,0.98,142.69,0.99,5743.6,,,0.04,0.04,617.761041,1776164624000
1776164625.952,225.952,0.04,77.48,0.03,89.3,0.02,142.69,0.01,5743.6,,,0.08,35.29,0.09,36.7,0.1,28.9,0.11,31.6,0.12,24.6,0.92,35.29,0.91,36.7,0.9,28.9,0.89,31.6,0.88,24.6,0.96,77.48,0.97,89.3,0.98,142.69,0.99,5743.6,,,0.04,0.04,617.761751,1776164625000
1776164626.938,226.938,0.04,77.48,0.03,89.3,0.02,142.69,0.01,5743.6,,,0.08,35.29,0.09,36.7,0.1,28.9,0.11,31.6,0.12,24.6,0.92,35.29,0.91,36.7,0.9,28.9,0.89,31.6,0.88,24.6,0.96,77.48,0.97,89.3,0.98,142.69,0.99,5743.6,,,0.04,0.04,617.733342,1776164626000
1776164627.854,227.854,0.04,77.48,0.03,89.3,0.02,142.69,0.01,5743.6,,,0.08,35.29,0.09,36.7,0.1,28.9,0.11,31.6,0.12,24.6,0.92,35.29,0.91,36.7,0.9,28.9,0.89,31.6,0.88,24.6,0.96,77.48,0.97,89.3,0.98,142.69,0.99,5743.6,,,0.04,0.04,617.720775,1776164627000
1776164628.883,228.883,0.04,77.48,0.03,89.3,0.02,142.69,0.01,5743.6,,,0.08,35.29,0.09,36.7,0.1,28.9,0.11,31.6,0.12,24.6,0.92,35.29,0.91,36.7,0.9,28.9,0.89,31.6,0.88,24.6,0.96,77.48,0.97,89.3,0.98,142.69,0.99,5743.6,,,0.04,0.04,617.751348,1776164628000
1776164629.917,229.917,0.04,77.48,0.03,89.3,0.02,142.69,0.01,5743.6,,,0.08,35.29,0.09,36.7,0.1,28.9,0.11,31.6,0.12,24.6,0.92,35.29,0.91,36.7,0.9,28.9,0.89,31.6,0.88,24.6,0.96,77.48,0.97,89.3,0.98,142.69,0.99,5743.6,,,0.04,0.04,617.74392,1776164629000
1776164630.758,230.758,0.04,77.48,0.03,89.3,0.02,142.69,0.01,5743.6,,,0.08,35.29,0.09,36.7,0.1,28.9,0.11,31.6,0.12,24.6,0.92,35.29,0.91,36.7,0.9,28.9,0.89,31.6,0.88,24.6,0.96,77.48,0.97,89.3,0.98,142.69,0.99,5743.6,,,0.04,0.04,617.736148,1776164630000
1776164631.194,231.194,0.02,142.69,0.01,5743.6,,,,,,,0.06,46.1,0.07,39.9,0.08,35.29,0.09,31.7,0.1,47.53,0.92,35.29,0.91,36.7,0.9,28.9,0.89,31.6,0.88,24.6,0.96,77.48,0.97,89.3,0.98,142.69,0.99,5743.6,,,0.04,0.04,617.736148,1776164630000
1776164632.173,232.173,0.02,142.69,0.01,5743.6,,,,,,,0.06,46.1,0.07,39.9,0.08,35.29,0.09,31.7,0.1,47.53,0.94,46.1,0.93,39.9,0.92,35.29,0.91,31.7,0.9,47.53,0.98,142.69,0.99,5743.6,,,,,,,0.04,0.04,617.74392,1776164631000
1776164633.157,233.157,0.02,142.69,0.01,5743.6,,,,,,,0.06,46.1,0.07,39.9,0.08,35.29,0.09,31.7,0.1,47.53,0.94,46.1,0.93,39.9,0.92,35.29,0.91,31.7,0.9,47.53,0.98,142.69,0.99,5743.6,,,,,,,0.04,0.04,617.742121,1776164632000
1776164634.147,234.147,0.02,142.69,0.01,5743.6,,,,,,,0.06,46.1,0.07,39.9,0.08,35.29,0.09,31.7,0.1,47.53,0.94,46.1,0.93,39.9,0.92,35.29,0.91,31.7,0.9,47.53,0.98,142.69,0.99,5743.6,,,,,,,0.04,0.04,617.77092,1776164633000
1776164635.098,235.098,0.02,142.69,0.01,5743.6,,,,,,,0.06,46.1,0.07,39.9,0.08,35.29,0.09,31.7,0.1,47.53,0.94,46.1,0.93,39.9,0.92,35.29,0.91,31.7,0.9,47.53,0.98,142.69,0.99,5743.6,,,,,,,0.04,0.04,617.76878,1776164634000
1776164636.739,236.739,0.02,142.69,0.01,5743.6,,,,,,,0.06,46.1,0.07,39.9,0.08,35.29,0.09,31.7,0.1,47.53,0.94,46.1,0.93,39.9,0.92,35.29,0.91,31.7,0.9,47.53,0.98,142.69,0.99,5743.6,,,,,,,0.04,0.04,617.785794,1776164635000
1776164637.261,237.261,0.02,142.69,0.01,5743.6,,,,,,,0.06,46.1,0.07,39.9,0.08,35.29,0.09,31.7,0.1,47.53,0.94,46.1,0.93,39.9,0.92,35.29,0.91,31.7,0.9,47.53,0.98,142.69,0.99,5743.6,,,,,,,0.04,0.04,617.804109,1776164636000
1776164638.534,238.534,0.02,142.69,0.01,5743.6,,,,,,,0.06,46.1,0.07,39.9,0.08,35.29,0.09,31.7,0.1,47.53,0.94,46.1,0.93,39.9,0.92,35.29,0.91,31.7,0.9,47.53,0.98,142.69,0.99,5743.6,,,,,,,0.04,0.04,617.80527,1776164637000
1776164639.025,239.025,0.02,142.69,0.01,5743.6,,,,,,,0.06,46.1,0.07,39.9,0.08,35.29,0.09,31.7,0.1,47.53,0.94,46.1,0.93,39.9,0.92,35.29,0.91,31.7,0.9,47.53,0.98,142.69,0.99,5743.6,,,,,,,0.04,0.04,617.803239,1776164638000
1776164640.149,240.149,0.02,142.69,0.01,5743.6,,,,,,,0.06,46.1,0.07,39.9,0.08,35.29,0.09,31.7,0.1,47.53,0.94,46.1,0.93,39.9,0.92,35.29,0.91,31.7,0.9,47.53,0.98,142.69,0.99,5743.6,,,,,,,0.04,0.04,617.80307,1776164639000
1776164641.305,241.305,0.02,142.69,0.01,5743.6,,,,,,,0.06,46.1,0.07,39.9,0.08,35.29,0.09,31.7,0.1,47.53,0.94,46.1,0.93,39.9,0.92,35.29,0.91,31.7,0.9,47.53,0.98,142.69,0.99,5743.6,,,,,,,0.04,0.04,617.776061,1776164640000
1776164642.469,242.469,0.02,142.69,0.01,5743.6,,,,,,,0.06,46.1,0.07,39.9,0.08,35.29,0.09,31.7,0.1,47.53,0.94,46.1,0.93,39.9,0.92,35.29,0.91,31.7,0.9,47.53,0.98,142.69,0.99,5743.6,,,,,,,0.04,0.04,617.77273,1776164641000
1776164642.922,242.922,0.02,141.66,0.01,5743.6,,,,,,,0.04,73.7,0.05,54.7,0.06,46.1,0.07,39.9,0.08,35.29,0.94,46.1,0.93,39.9,0.92,35.29,0.91,31.7,0.9,47.53,0.98,142.69,0.99,5743.6,,,,,,,0.02,0.04,617.77273,1776164641000
1776164644.115,244.115,0.02,141.66,0.01,5743.6,,,,,,,0.04,73.7,0.05,54.7,0.06,46.1,0.07,39.9,0.08,35.29,0.96,73.7,0.95,54.7,0.94,46.1,0.93,39.9,0.92,35.29,0.98,141.66,0.99,5743.6,,,,,,,0.02,0.02,617.772744,1776164643000
1776164645.339,245.339,0.02,141.66,0.01,5743.6,,,,,,,0.04,73.7,0.05,54.7,0.06,46.1,0.07,39.9,0.08,35.29,0.96,73.7,0.95,54.7,0.94,46.1,0.93,39.9,0.92,35.29,0.98,141.66,0.99,5743.6,,,,,,,0.02,0.02,617.769858,1776164644000
1776164646.366,246.366,0.02,141.66,0.01,5743.6,,,,,,,0.04,73.7,0.05,54.7,0.06,46.1,0.07,39.9,0.08,35.29,0.96,73.7,0.95,54.7,0.94,46.1,0.93,39.9,0.92,35.29,0.98,141.66,0.99,5743.6,,,,,,,0.02,0.02,617.759028,1776164645000
1776164646.999,246.999,0.02,141.66,0.01,5743.6,,,,,,,0.04,73.7,0.05,54.7,0.06,46.1,0.07,39.9,0.08,35.29,0.96,73.7,0.95,54.7,0.94,46.1,0.93,39.9,0.92,35.29,0.98,141.66,0.99,5743.6,,,,,,,0.02,0.02,617.736306,1776164646000
1776164647.312,247.312,0.01,5743.6,,,,,,,,,0.03,89.3,0.04,73.7,0.05,54.7,0.06,46.1,0.07,39.9,0.96,73.7,0.95,54.7,0.94,46.1,0.93,39.9,0.92,35.29,0.98,141.66,0.99,5743.6,,,,,,,0.02,0.02,617.736306,1776164646000
1776164648.182,248.182,0.01,5743.6,,,,,,,,,0.03,89.3,0.04,73.7,0.05,54.7,0.06,46.1,0.07,39.9,0.97,89.3,0.96,73.7,0.95,54.7,0.94,46.1,0.93,39.9,0.99,5743.6,,,,,,,,,0.02,0.02,617.758774,1776164647000
1776164649.259,249.259,0.01,5743.6,,,,,,,,,0.03,89.3,0.04,73.7,0.05,54.7,0.06,46.1,0.07,39.9,0.97,89.3,0.96,73.7,0.95,54.7,0.94,46.1,0.93,39.9,0.99,5743.6,,,,,,,,,0.02,0.02,617.73856,1776164648000
1776164650.515,250.515,0.01,5743.6,,,,,,,,,0.03,89.3,0.04,73.7,0.05,54.7,0.06,46.1,0.07,39.9,0.97,89.3,0.96,73.7,0.95,54.7,0.94,46.1,0.93,39.9,0.99,5743.6,,,,,,,,,0.02,0.02,617.755869,1776164649000
1776164651.716,251.716,0.01,5743.6,,,,,,,,,0.03,89.3,0.04,73.7,0.05,54.7,0.06,46.1,0.07,39.9,0.97,89.3,0.96,73.7,0.95,54.7,0.94,46.1,0.93,39.9,0.99,5743.6,,,,,,,,,0.02,0.02,617.755831,1776164650000
1776164652.477,252.477,0.01,5743.6,,,,,,,,,0.03,89.3,0.04,73.7,0.05,54.7,0.06,46.1,0.07,39.9,0.97,89.3,0.96,73.7,0.95,54.7,0.94,46.1,0.93,39.9,0.99,5743.6,,,,,,,,,0.02,0.02,617.77449,1776164651000
1776164653.882,253.882,0.01,5743.6,,,,,,,,,0.03,89.3,0.04,73.7,0.05,54.7,0.06,46.1,0.07,39.9,0.97,89.3,0.96,73.7,0.95,54.7,0.94,46.1,0.93,39.9,0.99,5743.6,,,,,,,,,0.02,0.02,617.776288,1776164652000
1776164654.569,254.569,0.01,5743.6,,,,,,,,,0.03,89.3,0.04,73.7,0.05,54.7,0.06,46.1,0.07,39.9,0.97,89.3,0.96,73.7,0.95,54.7,0.94,46.1,0.93,39.9,0.99,5743.6,,,,,,,,,0.02,0.02,617.745902,1776164653000
1776164655.421,255.421,0.01,5743.6,,,,,,,,,0.03,89.3,0.04,73.7,0.05,54.7,0.06,46.1,0.07,39.9,0.97,89.3,0.96,73.7,0.95,54.7,0.94,46.1,0.93,39.9,0.99,5743.6,,,,,,,,,0.02,0.02,617.753037,1776164654000
1776164656.103,256.103,0.01,5743.6,,,,,,,,,0.03,89.3,0.04,73.7,0.05,54.7,0.06,46.1,0.07,39.9,0.97,89.3,0.96,73.7,0.95,54.7,0.94,46.1,0.93,39.9,0.99,5743.6,,,,,,,,,0.02,0.02,617.7798,1776164655000
1776164657.518,257.518,0.01,5743.6,,,,,,,,,0.03,89.3,0.04,73.7,0.05,54.7,0.06,46.1,0.07,39.9,0.97,89.3,0.96,73.7,0.95,54.7,0.94,46.1,0.93,39.9,0.99,5743.6,,,,,,,,,0.02,0.02,617.772154,1776164656000
1776164658.136,258.136,0.01,5743.6,,,,,,,,,0.03,89.3,0.04,73.7,0.05,54.7,0.06,46.1,0.07,39.9,0.97,89.3,0.96,73.7,0.95,54.7,0.94,46.1,0.93,39.9,0.99,5743.6,,,,,,,,,0.02,0.02,617.76503,1776164657000
1776164659.522,259.522,0.01,5743.6,,,,,,,,,0.03,89.3,0.04,73.7,0.05,54.7,0.06,46.1,0.07,39.9,0.97,89.3,0.96,73.7,0.95,54.7,0.94,46.1,0.93,39.9,0.99,5743.6,,,,,,,,,0.02,0.02,617.76621,1776164658000
1776164660.209,260.209,0.01,5743.6,,,,,,,,,0.03,89.3,0.04,73.7,0.05,54.7,0.06,46.1,0.07,39.9,0.97,89.3,0.96,73.7,0.95,54.7,0.94,46.1,0.93,39.9,0.99,5743.6,,,,,,,,,0.02,0.02,617.73904,1776164659000
1776164661.537,261.537,0.01,5743.6,,,,,,,,,0.03,89.3,0.04,73.7,0.05,54.7,0.06,46.1,0.07,39.9,0.97,89.3,0.96,73.7,0.95,54.7,0.94,46.1,0.93,39.9,0.99,5743.6,,,,,,,,,0.02,0.02,617.753709,1776164660000
1776164662.287,262.287,0.01,5743.6,,,,,,,,,0.03,89.3,0.04,73.7,0.05,54.7,0.06,46.1,0.07,39.9,0.97,89.3,0.96,73.7,0.95,54.7,0.94,46.1,0.93,39.9,0.99,5743.6,,,,,,,,,0.02,0.02,617.782652,1776164661000
1776164662.691,262.691,0.01,477.96,,,,,,,,,0.02,132.69,0.03,89.3,0.04,73.7,0.05,54.7,0.06,46.1,0.97,89.3,0.96,73.7,0.95,54.7,0.94,46.1,0.93,39.9,0.99,5743.6,,,,,,,,,0.01,0.02,617.782652,1776164661000
1776164663.584,263.584,0.01,477.96,,,,,,,,,0.02,132.69,0.03,89.3,0.04,73.7,0.05,54.7,0.06,46.1,0.98,132.69,0.97,89.3,0.96,73.7,0.95,54.7,0.94,46.1,0.99,477.96,,,,,,,,,0.01,0.01,617.78523,1776164662000
1776164664.345,264.345,0.01,477.96,,,,,,,,,0.02,132.69,0.03,89.3,0.04,73.7,0.05,54.7,0.06,46.1,0.98,132.69,0.97,89.3,0.96,73.7,0.95,54.7,0.94,46.1,0.99,477.96,,,,,,,,,0.01,0.01,617.78523,1776164663000
1776164665.06,265.06,0.01,477.96,,,,,,,,,0.02,132.69,0.03,89.3,0.04,73.7,0.05,54.7,0.06,46.1,0.98,132.69,0.97,89.3,0.96,73.7,0.95,54.7,0.94,46.1,0.99,477.96,,,,,,,,,0.01,0.01,617.80383,1776164664000
1776164666.528,266.528,0.01,477.96,,,,,,,,,0.02,132.69,0.03,89.3,0.04,73.7,0.05,54.7,0.06,46.1,0.98,132.69,0.97,89.3,0.96,73.7,0.95,54.7,0.94,46.1,0.99,477.96,,,,,,,,,0.01,0.01,617.80322,1776164665000
1776164667.363,267.363,0.01,477.96,,,,,,,,,0.02,132.69,0.03,89.3,0.04,73.7,0.05,54.7,0.06,46.1,0.98,132.69,0.97,89.3,0.96,73.7,0.95,54.7,0.94,46.1,0.99,477.96,,,,,,,,,0.01,0.01,617.80322,1776164666000
1776164668.749,268.749,0.01,477.96,,,,,,,,,0.02,132.69,0.03,89.3,0.04,73.7,0.05,54.7,0.06,46.1,0.98,132.69,0.97,89.3,0.96,73.7,0.95,54.7,0.94,46.1,0.99,477.96,,,,,,,,,0.01,0.01,617.80371,1776164667000
1776164669.444,269.444,0.01,477.96,,,,,,,,,0.02,132.69,0.03,89.3,0.04,73.7,0.05,54.7,0.06,46.1,0.98,132.69,0.97,89.3,0.96,73.7,0.95,54.7,0.94,46.1,0.99,477.96,,,,,,,,,0.01,0.01,617.8036,1776164668000
1776164670.335,270.335,0.01,477.96,,,,,,,,,0.02,132.69,0.03,89.3,0.04,73.7,0.05,54.7,0.06,46.1,0.98,132.69,0.97,89.3,0.96,73.7,0.95,54.7,0.94,46.1,0.99,477.96,,,,,,,,,0.01,0.01,617.80371,1776164669000
1776164670.888,270.888,0.01,477.96,,,,,,,,,0.02,132.69,0.03,89.3,0.04,73.7,0.05,54.7,0.06,46.1,0.98,132.69,0.97,89.3,0.96,73.7,0.95,54.7,0.94,46.1,0.99,477.96,,,,,,,,,0.01,0.01,617.80384,1776164670000
1776164672.073,272.073,0.01,477.96,,,,,,,,,0.02,132.69,0.03,89.3,0.04,73.7,0.05,54.7,0.06,46.1,0.98,132.69,0.97,89.3,0.96,73.7,0.95,54.7,0.94,46.1,0.99,477.96,,,,,,,,,0.01,0.01,617.79761,1776164671000
1776164673.156,273.156,0.01,477.96,,,,,,,,,0.02,132.69,0.03,89.3,0.04,73.7,0.05,54.7,0.06,46.1,0.98,132.69,0.97,89.3,0.96,73.7,0.95,54.7,0.94,46.1,0.99,477.96,,,,,,,,,0.01,0.01,617.76616,1776164672000
1776164674.321,274.321,0.01,477.96,,,,,,,,,0.02,132.69,0.03,89.3,0.04,73.7,0.05,54.7,0.06,46.1,0.98,132.69,0.97,89.3,0.96,73.7,0.95,54.7,0.94,46.1,0.99,477.96,,,,,,,,,0.01,0.01,617.76417,1776164673000
1776164674.853,274.853,0.01,477.96,,,,,,,,,0.02,132.69,0.03,89.3,0.04,73.7,0.05,54.7,0.06,46.1,0.98,132.69,0.97,89.3,0.96,73.7,0.95,54.7,0.94,46.1,0.99,477.96,,,,,,,,,0.01,0.01,617.761591,1776164674000
1776164676.035,276.035,0.01,477.96,,,,,,,,,0.02,132.69,0.03,89.3,0.04,73.7,0.05,54.7,0.06,46.1,0.98,132.69,0.97,89.3,0.96,73.7,0.95,54.7,0.94,46.1,0.99,477.96,,,,,,,,,0.01,0.01,617.752401,1776164675000
1776164677.099,277.099,0.01,477.96,,,,,,,,,0.02,132.69,0.03,89.3,0.04,73.7,0.05,54.7,0.06,46.1,0.98,132.69,0.97,89.3,0.96,73.7,0.95,54.7,0.94,46.1,0.99,477.96,,,,,,,,,0.01,0.01,617.753829,1776164676000
1776164678.259,278.259,0.01,477.96,,,,,,,,,0.02,132.69,0.03,89.3,0.04,73.7,0.05,54.7,0.06,46.1,0.98,132.69,0.97,89.3,0.96,73.7,0.95,54.7,0.94,46.1,0.99,477.96,,,,,,,,,0.01,0.01,617.76467,1776164677000
1776164679.425,279.425,0.01,477.96,,,,,,,,,0.02,132.69,0.03,89.3,0.04,73.7,0.05,54.7,0.06,46.1,0.98,132.69,0.97,89.3,0.96,73.7,0.95,54.7,0.94,46.1,0.99,477.96,,,,,,,,,0.01,0.01,617.761353,1776164678000
1776164680.02,280.02,0.01,477.96,,,,,,,,,0.02,132.69,0.03,89.3,0.04,73.7,0.05,54.7,0.06,46.1,0.98,132.69,0.97,89.3,0.96,73.7,0.95,54.7,0.94,46.1,0.99,477.96,,,,,,,,,0.01,0.01,617.79259,1776164679000
1776164681.197,281.197,0.01,477.96,,,,,,,,,0.02,132.69,0.03,89.3,0.04,73.7,0.05,54.7,0.06,46.1,0.98,132.69,0.97,89.3,0.96,73.7,0.95,54.7,0.94,46.1,0.99,477.96,,,,,,,,,0.01,0.01,617.79753,1776164680000
1776164682.261,282.261,0.01,477.96,,,,,,,,,0.02,132.69,0.03,89.3,0.04,73.7,0.05,54.7,0.06,46.1,0.98,132.69,0.97,89.3,0.96,73.7,0.95,54.7,0.94,46.1,0.99,477.96,,,,,,,,,0.01,0.01,617.810431,1776164681000
1776164683.454,283.454,0.01,477.96,,,,,,,,,0.02,132.69,0.03,89.3,0.04,73.7,0.05,54.7,0.06,46.1,0.98,132.69,0.97,89.3,0.96,73.7,0.95,54.7,0.94,46.1,0.99,477.96,,,,,,,,,0.01,0.01,617.891,1776164682000
1776164684.063,284.063,0.05,15.0,0.01,366.0,,,,,,,0.1,18.63,0.11,5.0,0.3,10.0,0.31,50.0,0.41,50.0,0.9,18.63,0.89,5.0,0.7,10.0,0.69,50.0,0.59,50.0,0.95,15.0,0.99,366.0,,,,,,,0.05,0.05,617.891,1776164683000
1776164685.464,285.464,0.05,15.0,0.01,366.0,,,,,,,0.1,18.63,0.11,5.0,0.3,10.0,0.31,50.0,0.41,50.0,0.9,18.63,0.89,5.0,0.7,10.0,0.69,50.0,0.59,50.0,0.95,15.0,0.99,366.0,,,,,,,0.05,0.05,617.907,1776164684000
1776164686.104,286.104,0.05,15.0,0.01,366.0,,,,,,,0.1,18.63,0.11,5.0,0.3,10.0,0.31,50.0,0.41,50.0,0.9,18.63,0.89,5.0,0.7,10.0,0.69,50.0,0.59,50.0,0.95,15.0,0.99,366.0,,,,,,,0.05,0.05,617.92566,1776164685000
1776164687.723,287.723,0.05,15.0,0.01,366.0,,,,,,,0.1,18.63,0.11,5.0,0.3,10.0,0.31,50.0,0.41,50.0,0.9,18.63,0.89,5.0,0.7,10.0,0.69,50.0,0.59,50.0,0.95,15.0,0.99,366.0,,,,,,,0.05,0.05,617.92455,1776164686000
1776164688.537,288.537,0.05,15.0,0.01,366.0,,,,,,,0.1,18.63,0.11,5.0,0.3,10.0,0.31,50.0,0.41,50.0,0.9,18.63,0.89,5.0,0.7,10.0,0.69,50.0,0.59,50.0,0.95,15.0,0.99,366.0,,,,,,,0.05,0.05,617.92495,1776164687000
1776164689.248,289.248,0.05,15.0,0.01,366.0,,,,,,,0.1,18.63,0.11,5.0,0.3,10.0,0.31,50.0,0.41,50.0,0.9,18.63,0.89,5.0,0.7,10.0,0.69,50.0,0.59,50.0,0.95,15.0,0.99,366.0,,,,,,,0.05,0.05,617.922803,1776164688000
1776164690.826,290.826,0.05,15.0,0.01,366.0,,,,,,,0.1,18.63,0.11,5.0,0.3,10.0,0.31,50.0,0.41,50.0,0.9,18.63,0.89,5.0,0.7,10.0,0.69,50.0,0.59,50.0,0.95,15.0,0.99,366.0,,,,,,,0.05,0.05,617.89988,1776164689000
1776164691.504,291.504,0.05,15.0,0.01,366.0,,,,,,,0.1,18.63,0.11,5.0,0.3,10.0,0.31,50.0,0.41,50.0,0.9,18.63,0.89,5.0,0.7,10.0,0.69,50.0,0.59,50.0,0.95,15.0,0.99,366.0,,,,,,,0.05,0.05,617.859375,1776164690000
1776164692.192,292.192,0.05,15.0,0.01,366.0,,,,,,,0.1,18.63,0.11,5.0,0.3,10.0,0.31,50.0,0.41,50.0,0.9,18.63,0.89,5.0,0.7,10.0,0.69,50.0,0.59,50.0,0.95,15.0,0.99,366.0,,,,,,,0.05,0.05,617.90227,1776164691000
1776164692.561,292.561,0.05,9.0,0.01,211.0,,,,,,,0.1,18.63,0.11,5.0,0.21,50.0,0.28,10.0,0.31,50.0,0.9,18.63,0.89,5.0,0.7,10.0,0.69,50.0,0.59,50.0,0.95,15.0,0.99,366.0,,,,,,,0.05,0.05,617.90227,1776164691000
1776164692.828,292.828,0.05,1.0,0.01,211.0,,,,,,,0.1,18.63,0.11,5.0,0.21,50.0,0.31,60.0,0.41,50.0,0.9,18.63,0.89,5.0,0.79,50.0,0.72,10.0,0.69,50.0,0.95,9.0,0.99,211.0,,,,,,,0.05,0.05,617.90227,1776164691000
1776164693.74,293.74,0.01,191.75,,,,,,,,,0.1,18.63,0.11,5.0,0.21,50.0,0.31,50.0,0.38,10.0,0.9,18.63,0.89,5.0,0.79,50.0,0.69,60.0,0.59,50.0,0.95,1.0,0.99,211.0,,,,,,,0.09,0.05,617.90227,1776164691000
1776164694.385,294.385,0.01,191.75,,,,,,,,,0.1,18.63,0.11,5.0,0.21,50.0,0.31,50.0,0.38,10.0,0.9,18.63,0.89,5.0,0.79,50.0,0.69,50.0,0.62,10.0,0.99,191.75,,,,,,,,,0.09,0.09,617.90524,1776164693000
1776164695.082,295.082,0.01,186.69,,,,,,,,,0.1,18.63,0.11,5.0,0.21,50.0,0.31,50.0,0.38,10.0,0.9,18.63,0.89,5.0,0.79,50.0,0.69,50.0,0.62,10.0,0.99,186.69,,,,,,,,,0.09,0.09,617.95163,1776164694000
1776164696.415,296.415,0.01,186.69,,,,,,,,,0.1,18.63,0.11,5.0,0.21,50.0,0.31,50.0,0.38,10.0,0.9,18.63,0.89,5.0,0.79,50.0,0.69,50.0,0.62,10.0,0.99,186.69,,,,,,,,,0.09,0.09,617.95183,1776164695000
1776164697.179,297.179,0.01,186.69,,,,,,,,,0.1,18.63,0.11,5.0,0.21,50.0,0.31,50.0,0.38,10.0,0.9,18.63,0.89,5.0,0.79,50.0,0.69,50.0,0.62,10.0,0.99,186.69,,,,,,,,,0.09,0.09,617.954,1776164696000
1776164697.732,297.732,0.01,61.28,,,,,,,,,0.1,18.63,0.11,5.0,0.31,50.0,0.41,50.0,0.51,50.0,0.9,18.63,0.89,5.0,0.79,50.0,0.69,50.0,0.59,50.0,0.99,56.28,,,,,,,,,0.09,0.09,617.954,1776164696000
1776164698.244,298.244,0.01,56.28,,,,,,,,,0.1,18.63,0.11,5.0,0.31,50.0,0.39,6.0,0.41,50.0,0.9,18.63,0.89,5.0,0.69,50.0,0.59,50.0,0.49,50.0,0.99,61.28,,,,,,,,,0.09,0.09,617.954,1776164696000
1776164698.472,298.472,0.01,53.26,,,,,,,,,0.1,18.63,0.11,5.0,0.31,50.0,0.39,6.0,0.41,50.0,0.9,18.63,0.89,5.0,0.69,50.0,0.61,6.0,0.59,50.0,0.99,55.26,,,,,,,,,0.09,0.09,617.954,1776164696000
1776164698.689,298.689,0.01,43.26,,,,,,,,,0.1,18.63,0.11,5.0,0.31,50.0,0.39,6.0,0.41,50.0,0.9,18.63,0.89,5.0,0.69,50.0,0.61,6.0,0.59,50.0,0.99,53.26,,,,,,,,,0.09,0.09,617.99163,1776164697000
1776164698.969,298.969,,,,,,,,,,,0.1,18.63,0.11,5.0,0.31,50.0,0.39,6.0,0.41,50.0,0.9,18.63,0.89,5.0,0.69,50.0,0.61,6.0,0.59,50.0,0.99,7.26,,,,,,,,,,0.09,617.99163,1776164697000
1776164699.291,299.291,,,,,,,,,,,0.1,18.63,0.11,5.0,0.31,50.0,0.39,6.0,0.41,50.0,0.9,18.63,0.89,5.0,0.69,50.0,0.61,6.0,0.59,50.0,,,,,,,,,,,,,618.00199,1776164698000
1776164699.82,299.82,,,,,,,,,,,0.01,1310.17,0.1,18.63,0.11,5.0,0.39,6.0,0.49,7.0,0.9,18.63,0.89,5.0,0.69,50.0,0.61,6.0,0.59,50.0,,,,,,,,,,,,,618.00199,1776164698000
1776164700.394,300.394,,,,,,,,,,,0.01,1824.55,0.1,18.63,0.19,8.0,0.28,12.0,0.35,125.0,0.99,1310.17,0.9,18.63,0.89,5.0,0.61,6.0,0.51,7.0,,,,,,,,,,,,,618.00199,1776164698000
1776164700.879,300.879,,,,,,,,,,,0.01,1824.55,0.1,18.63,0.19,8.0,0.28,12.0,0.35,125.0,0.99,1824.55,0.9,18.63,0.81,8.0,0.72,12.0,0.65,125.0,,,,,,,,,,,,,618.04152,1776164699000

# RESULT,winner=Down,slug=bnb-updown-5m-1776164400,ticks=323
