timestamp,elapsed_sec,up_bid_p1,up_bid_s1,up_bid_p2,up_bid_s2,up_ask_p1,up_ask_s1,up_ask_p2,up_ask_s2,down_bid_p1,down_bid_s1,down_bid_p2,down_bid_s2,down_ask_p1,down_ask_s1,down_ask_p2,down_ask_s2,up_spread,down_spread,bnb_price,bnb_oracle_ts
1776187811.291,11.291,,,,,,,,,,,,,,,,,,,619.090785,1776187810000
1776187811.903,11.903,0.49,2.78,0.42,5.0,0.5,30.0,0.51,10.0,0.5,30.0,0.49,10.0,0.51,2.78,0.58,5.0,0.01,0.01,619.090791,1776187811000
1776187812.205,12.205,0.39,5.0,0.38,13.0,0.5,30.0,0.51,5.0,0.5,35.0,0.47,7.96,0.51,2.78,0.62,13.0,0.11,0.01,619.090791,1776187811000
1776187813.086,13.086,0.39,5.0,0.38,13.0,0.5,30.0,0.51,5.0,0.5,30.0,0.49,5.0,0.61,5.0,0.62,13.0,0.11,0.11,619.091613,1776187812000
1776187813.496,13.496,0.39,5.0,0.38,13.0,0.49,5.0,0.5,25.0,0.5,30.0,0.49,5.0,0.61,5.0,0.62,13.0,0.1,0.11,619.091613,1776187812000
1776187814.106,14.106,0.39,5.0,0.38,13.0,0.49,5.0,0.5,25.0,0.51,5.0,0.5,25.0,0.61,5.0,0.62,13.0,0.1,0.1,619.045944,1776187813000
1776187814.648,14.648,0.39,5.0,0.38,13.0,0.49,4.5,0.5,30.0,0.51,5.0,0.5,25.0,0.61,5.0,0.62,13.0,0.1,0.1,619.045944,1776187813000
1776187815.221,15.221,0.39,5.0,0.38,13.0,0.49,4.5,0.5,30.0,0.51,4.5,0.5,30.0,0.61,5.0,0.62,13.0,0.1,0.1,619.047415,1776187814000
1776187816.354,16.354,0.39,5.0,0.38,13.0,0.49,4.5,0.5,30.0,0.51,4.5,0.5,30.0,0.61,5.0,0.62,13.0,0.1,0.1,619.047415,1776187815000
1776187816.947,16.947,0.39,5.0,0.38,13.0,0.49,4.5,0.5,30.0,0.51,4.5,0.5,30.0,0.61,5.0,0.62,13.0,0.1,0.1,619.047413,1776187816000
1776187818.106,18.106,0.39,5.0,0.38,13.0,0.49,4.5,0.5,30.0,0.51,4.5,0.5,30.0,0.61,5.0,0.62,13.0,0.1,0.1,619.047419,1776187817000
1776187819.089,19.089,0.4,9.71,0.21,23.0,0.45,61.0,0.49,14.0,0.51,4.5,0.5,30.0,0.61,5.0,0.62,13.0,0.05,0.1,619.047419,1776187817000
1776187819.575,19.575,0.2,10.0,0.19,4.85,0.26,18.0,0.29,10.0,0.59,50.0,0.55,61.0,0.81,4.85,0.83,5.0,0.06,0.22,619.086785,1776187818000
1776187820.245,20.245,0.2,10.0,0.19,4.85,0.26,18.0,0.29,10.0,0.74,18.0,0.71,10.0,0.8,10.0,0.81,4.85,0.06,0.06,619.110347,1776187819000
1776187821.39,21.39,0.21,48.0,0.2,10.0,0.26,18.0,0.29,10.0,0.74,18.0,0.71,10.0,0.79,48.0,0.8,10.0,0.05,0.05,618.742173,1776187820000
1776187822.422,22.422,0.21,48.0,0.2,10.0,0.26,18.0,0.29,10.0,0.74,18.0,0.71,10.0,0.79,48.0,0.8,10.0,0.05,0.05,618.629013,1776187821000
1776187823.15,23.15,0.21,48.0,0.2,10.0,0.26,18.0,0.29,10.0,0.74,18.0,0.71,10.0,0.79,48.0,0.8,10.0,0.05,0.05,618.626974,1776187822000
1776187824.387,24.387,0.21,48.0,0.2,10.0,0.26,18.0,0.29,10.0,0.74,18.0,0.71,10.0,0.79,48.0,0.8,10.0,0.05,0.05,618.502855,1776187823000
1776187825.123,25.123,0.21,48.0,0.2,10.0,0.26,18.0,0.29,10.0,0.74,18.0,0.71,10.0,0.79,48.0,0.8,10.0,0.05,0.05,618.499489,1776187824000
1776187826.433,26.433,0.21,48.0,0.2,10.0,0.26,18.0,0.29,10.0,0.74,18.0,0.71,10.0,0.79,48.0,0.8,10.0,0.05,0.05,618.496025,1776187825000
1776187827.108,27.108,0.21,48.0,0.2,10.0,0.26,18.0,0.29,10.0,0.74,18.0,0.71,10.0,0.79,48.0,0.8,10.0,0.05,0.05,618.495593,1776187826000
1776187828.503,28.503,0.21,48.0,0.2,10.0,0.26,18.0,0.29,10.0,0.74,18.0,0.71,10.0,0.79,48.0,0.8,10.0,0.05,0.05,618.498456,1776187827000
1776187829.188,29.188,0.21,48.0,0.2,10.0,0.26,18.0,0.29,10.0,0.74,18.0,0.71,10.0,0.79,48.0,0.8,10.0,0.05,0.05,618.49849,1776187828000
1776187830.529,30.529,0.21,48.0,0.2,10.0,0.26,18.0,0.29,10.0,0.74,18.0,0.71,10.0,0.79,48.0,0.8,10.0,0.05,0.05,618.498586,1776187829000
1776187831.266,31.266,0.21,48.0,0.2,10.0,0.26,18.0,0.29,10.0,0.74,18.0,0.71,10.0,0.79,48.0,0.8,10.0,0.05,0.05,618.498564,1776187830000
1776187832.643,32.643,0.21,48.0,0.2,10.0,0.26,18.0,0.29,10.0,0.74,18.0,0.71,10.0,0.79,48.0,0.8,10.0,0.05,0.05,618.490846,1776187831000
1776187833.604,33.604,0.21,48.0,0.2,10.0,0.26,18.0,0.29,10.0,0.74,18.0,0.71,10.0,0.79,48.0,0.8,10.0,0.05,0.05,618.490886,1776187832000
1776187834.731,34.731,0.21,48.0,0.2,10.0,0.26,18.0,0.29,10.0,0.74,18.0,0.71,10.0,0.79,48.0,0.8,10.0,0.05,0.05,618.490041,1776187833000
1776187835.455,35.455,0.21,48.0,0.2,10.0,0.26,18.0,0.29,10.0,0.74,18.0,0.71,10.0,0.79,48.0,0.8,10.0,0.05,0.05,618.488874,1776187834000
1776187836.133,36.133,0.21,48.0,0.2,10.0,0.26,18.0,0.29,10.0,0.74,18.0,0.71,10.0,0.79,48.0,0.8,10.0,0.05,0.05,618.488883,1776187835000
1776187837.505,37.505,0.21,48.0,0.2,10.0,0.26,18.0,0.29,10.0,0.74,18.0,0.71,10.0,0.79,48.0,0.8,10.0,0.05,0.05,618.456454,1776187836000
1776187838.164,38.164,0.21,48.0,0.2,10.0,0.26,18.0,0.29,10.0,0.74,18.0,0.71,10.0,0.79,48.0,0.8,10.0,0.05,0.05,618.457214,1776187837000
1776187839.999,39.999,0.21,48.0,0.2,10.0,0.26,18.0,0.29,10.0,0.74,18.0,0.71,10.0,0.79,48.0,0.8,10.0,0.05,0.05,618.458256,1776187838000
1776187840.59,40.59,0.21,48.0,0.2,10.0,0.26,18.0,0.29,10.0,0.74,18.0,0.71,10.0,0.79,48.0,0.8,10.0,0.05,0.05,618.458256,1776187839000
1776187841.1,41.1,0.21,48.0,0.2,10.0,0.26,18.0,0.29,10.0,0.74,18.0,0.71,10.0,0.79,48.0,0.8,10.0,0.05,0.05,618.458147,1776187840000
1776187842.162,42.162,0.21,48.0,0.2,10.0,0.26,18.0,0.29,10.0,0.74,18.0,0.71,10.0,0.79,48.0,0.8,10.0,0.05,0.05,618.458323,1776187841000
1776187843.193,43.193,0.21,48.0,0.2,10.0,0.26,18.0,0.29,10.0,0.74,18.0,0.71,10.0,0.79,48.0,0.8,10.0,0.05,0.05,618.458234,1776187842000
1776187844.219,44.219,0.21,48.0,0.2,10.0,0.26,18.0,0.29,10.0,0.74,18.0,0.71,10.0,0.79,48.0,0.8,10.0,0.05,0.05,618.454648,1776187843000
1776187845.287,45.287,0.21,48.0,0.2,10.0,0.26,18.0,0.29,10.0,0.74,18.0,0.71,10.0,0.79,48.0,0.8,10.0,0.05,0.05,618.37424,1776187844000
1776187846.306,46.306,0.21,48.0,0.2,10.0,0.26,18.0,0.29,10.0,0.74,18.0,0.71,10.0,0.79,48.0,0.8,10.0,0.05,0.05,618.368111,1776187845000
1776187847.384,47.384,0.21,48.0,0.2,10.0,0.26,18.0,0.29,10.0,0.74,18.0,0.71,10.0,0.79,48.0,0.8,10.0,0.05,0.05,618.366402,1776187846000
1776187848.436,48.436,0.21,48.0,0.2,10.0,0.26,18.0,0.29,10.0,0.74,18.0,0.71,10.0,0.79,48.0,0.8,10.0,0.05,0.05,618.366397,1776187847000
1776187848.845,48.845,0.21,48.0,0.2,10.0,0.26,18.0,0.29,10.0,0.74,18.0,0.71,10.0,0.79,48.0,0.8,10.0,0.05,0.05,618.36687,1776187848000
1776187849.968,49.968,0.21,48.0,0.2,10.0,0.26,18.0,0.29,10.0,0.74,18.0,0.71,10.0,0.79,48.0,0.8,10.0,0.05,0.05,618.36781,1776187849000
1776187851.043,51.043,0.21,48.0,0.2,10.0,0.26,18.0,0.29,10.0,0.74,18.0,0.71,10.0,0.79,48.0,0.8,10.0,0.05,0.05,618.37023,1776187850000
1776187852.07,52.07,0.21,48.0,0.2,10.0,0.26,18.0,0.29,10.0,0.74,18.0,0.71,10.0,0.79,48.0,0.8,10.0,0.05,0.05,618.367466,1776187851000
1776187853.965,53.965,0.21,48.0,0.2,10.0,0.26,18.0,0.29,10.0,0.74,18.0,0.71,10.0,0.79,48.0,0.8,10.0,0.05,0.05,618.366385,1776187852000
1776187854.566,54.566,0.21,48.0,0.2,10.0,0.26,18.0,0.29,10.0,0.74,18.0,0.71,10.0,0.79,48.0,0.8,10.0,0.05,0.05,618.362599,1776187853000
1776187855.228,55.228,0.21,48.0,0.2,10.0,0.26,18.0,0.29,10.0,0.74,18.0,0.71,10.0,0.79,48.0,0.8,10.0,0.05,0.05,618.358536,1776187854000
1776187856.417,56.417,0.21,48.0,0.2,10.0,0.26,18.0,0.29,10.0,0.74,18.0,0.71,10.0,0.79,48.0,0.8,10.0,0.05,0.05,618.358457,1776187855000
1776187857.026,57.026,0.21,48.0,0.2,10.0,0.26,18.0,0.29,10.0,0.74,18.0,0.71,10.0,0.79,48.0,0.8,10.0,0.05,0.05,618.358457,1776187856000
1776187858.27,58.27,0.21,48.0,0.2,10.0,0.26,18.0,0.29,10.0,0.74,18.0,0.71,10.0,0.79,48.0,0.8,10.0,0.05,0.05,618.361515,1776187857000
1776187858.916,58.916,0.21,48.0,0.2,10.0,0.26,18.0,0.29,10.0,0.74,18.0,0.71,10.0,0.79,48.0,0.8,10.0,0.05,0.05,618.361135,1776187858000
1776187860.086,60.086,0.21,48.0,0.2,10.0,0.26,18.0,0.29,10.0,0.74,18.0,0.71,10.0,0.79,48.0,0.8,10.0,0.05,0.05,618.360457,1776187859000
1776187861.499,61.499,0.21,48.0,0.2,10.0,0.26,18.0,0.29,10.0,0.74,18.0,0.71,10.0,0.79,48.0,0.8,10.0,0.05,0.05,618.35526,1776187860000
1776187862.406,62.406,0.21,48.0,0.2,10.0,0.26,18.0,0.29,10.0,0.74,18.0,0.71,10.0,0.79,48.0,0.8,10.0,0.05,0.05,618.351838,1776187861000
1776187862.996,62.996,0.21,48.0,0.2,10.0,0.26,18.0,0.29,10.0,0.74,18.0,0.71,10.0,0.79,48.0,0.8,10.0,0.05,0.05,618.355231,1776187862000
1776187864.08,64.08,0.21,48.0,0.2,10.0,0.26,18.0,0.29,10.0,0.74,18.0,0.71,10.0,0.79,48.0,0.8,10.0,0.05,0.05,618.355468,1776187863000
1776187865.238,65.238,0.21,48.0,0.2,10.0,0.26,18.0,0.29,10.0,0.74,18.0,0.71,10.0,0.79,48.0,0.8,10.0,0.05,0.05,618.360853,1776187864000
1776187866.499,66.499,0.12,10.0,0.11,26.6,0.15,12.0,0.16,5.0,0.85,12.0,0.84,5.0,0.88,10.0,0.89,26.6,0.03,0.03,618.358486,1776187865000
1776187867.036,67.036,0.12,10.0,0.11,26.6,0.15,12.0,0.16,5.0,0.85,12.0,0.84,5.0,0.88,10.0,0.89,26.6,0.03,0.03,618.355628,1776187866000
1776187868.18,68.18,0.12,10.0,0.11,26.6,0.15,12.0,0.16,5.0,0.85,12.0,0.84,5.0,0.88,10.0,0.89,26.6,0.03,0.03,618.351793,1776187867000
1776187869.147,69.147,0.12,10.0,0.11,26.6,0.15,12.0,0.16,5.0,0.85,12.0,0.84,5.0,0.88,10.0,0.89,26.6,0.03,0.03,618.325699,1776187868000
1776187870.295,70.295,0.12,10.0,0.11,26.6,0.15,12.0,0.16,5.0,0.85,12.0,0.84,5.0,0.88,10.0,0.89,26.6,0.03,0.03,618.329137,1776187869000
1776187871.302,71.302,0.12,10.0,0.11,26.6,0.15,12.0,0.16,5.0,0.85,12.0,0.84,5.0,0.88,10.0,0.89,26.6,0.03,0.03,618.325849,1776187870000
1776187872.331,72.331,0.12,10.0,0.11,26.6,0.15,12.0,0.16,5.0,0.85,12.0,0.84,5.0,0.88,10.0,0.89,26.6,0.03,0.03,618.324682,1776187871000
1776187873.316,73.316,0.12,10.0,0.11,26.6,0.15,12.0,0.16,5.0,0.85,12.0,0.84,5.0,0.88,10.0,0.89,26.6,0.03,0.03,618.308348,1776187872000
1776187873.911,73.911,0.12,10.0,0.11,26.6,0.15,12.0,0.16,5.0,0.85,12.0,0.84,5.0,0.88,10.0,0.89,26.6,0.03,0.03,618.32978,1776187873000
1776187874.963,74.963,0.12,10.0,0.11,26.6,0.15,12.0,0.16,5.0,0.85,12.0,0.84,5.0,0.88,10.0,0.89,26.6,0.03,0.03,618.34,1776187874000
1776187875.985,75.985,0.12,10.0,0.11,26.6,0.15,12.0,0.16,5.0,0.85,12.0,0.84,5.0,0.88,10.0,0.89,26.6,0.03,0.03,618.342,1776187875000
1776187877.063,77.063,0.12,10.0,0.11,26.6,0.15,12.0,0.16,5.0,0.85,12.0,0.84,5.0,0.88,10.0,0.89,26.6,0.03,0.03,618.297934,1776187876000
1776187878.135,78.135,0.12,10.0,0.11,26.6,0.15,12.0,0.16,5.0,0.85,12.0,0.84,5.0,0.88,10.0,0.89,26.6,0.03,0.03,618.298066,1776187877000
1776187879.16,79.16,0.12,10.0,0.11,26.6,0.15,12.0,0.16,5.0,0.85,12.0,0.84,5.0,0.88,10.0,0.89,26.6,0.03,0.03,618.29748,1776187878000
1776187880.235,80.235,0.12,10.0,0.11,26.6,0.15,12.0,0.16,5.0,0.85,12.0,0.84,5.0,0.88,10.0,0.89,26.6,0.03,0.03,618.298581,1776187879000
1776187881.219,81.219,0.12,10.0,0.11,26.6,0.15,12.0,0.16,5.0,0.85,12.0,0.84,5.0,0.88,10.0,0.89,26.6,0.03,0.03,618.308928,1776187880000
1776187882.718,82.718,0.12,10.0,0.11,26.6,0.15,12.0,0.16,5.0,0.85,12.0,0.84,5.0,0.88,10.0,0.89,26.6,0.03,0.03,618.333,1776187881000
1776187883.234,83.234,0.12,10.0,0.11,26.6,0.15,12.0,0.16,5.0,0.85,12.0,0.84,5.0,0.88,10.0,0.89,26.6,0.03,0.03,618.334458,1776187882000
1776187884.336,84.336,0.12,10.0,0.11,26.6,0.15,12.0,0.16,5.0,0.85,12.0,0.84,5.0,0.88,10.0,0.89,26.6,0.03,0.03,618.35,1776187883000
1776187885.414,85.414,0.12,10.0,0.11,26.6,0.15,12.0,0.16,5.0,0.85,12.0,0.84,5.0,0.88,10.0,0.89,26.6,0.03,0.03,618.351,1776187884000
1776187886.012,86.012,0.12,10.0,0.11,26.6,0.15,12.0,0.16,5.0,0.85,12.0,0.84,5.0,0.88,10.0,0.89,26.6,0.03,0.03,618.351,1776187885000
1776187887.03,87.03,0.12,10.0,0.11,26.6,0.15,12.0,0.16,5.0,0.85,12.0,0.84,5.0,0.88,10.0,0.89,26.6,0.03,0.03,618.33,1776187886000
1776187888.129,88.129,0.12,10.0,0.11,26.6,0.15,12.0,0.16,5.0,0.85,12.0,0.84,5.0,0.88,10.0,0.89,26.6,0.03,0.03,618.33,1776187887000
1776187889.215,89.215,0.12,10.0,0.11,26.6,0.15,12.0,0.16,5.0,0.85,12.0,0.84,5.0,0.88,10.0,0.89,26.6,0.03,0.03,618.325936,1776187888000
1776187890.28,90.28,0.12,10.0,0.11,26.6,0.15,12.0,0.16,5.0,0.85,12.0,0.84,5.0,0.88,10.0,0.89,26.6,0.03,0.03,618.345,1776187889000
1776187891.312,91.312,0.12,10.0,0.11,26.6,0.15,12.0,0.16,5.0,0.85,12.0,0.84,5.0,0.88,10.0,0.89,26.6,0.03,0.03,618.356,1776187890000
1776187892.443,92.443,0.12,10.0,0.11,26.6,0.15,12.0,0.16,5.0,0.85,12.0,0.84,5.0,0.88,10.0,0.89,26.6,0.03,0.03,618.323538,1776187891000
1776187892.908,92.908,0.12,10.0,0.11,26.6,0.15,12.0,0.16,5.0,0.85,12.0,0.84,5.0,0.88,10.0,0.89,26.6,0.03,0.03,618.31484,1776187892000
1776187893.976,93.976,0.12,10.0,0.11,26.6,0.15,12.0,0.16,5.0,0.85,12.0,0.84,5.0,0.88,10.0,0.89,26.6,0.03,0.03,618.314942,1776187893000
1776187895.027,95.027,0.12,10.0,0.11,26.6,0.15,12.0,0.16,5.0,0.85,12.0,0.84,5.0,0.88,10.0,0.89,26.6,0.03,0.03,618.316424,1776187894000
1776187896.718,96.718,0.12,10.0,0.11,26.6,0.15,12.0,0.16,5.0,0.85,12.0,0.84,5.0,0.88,10.0,0.89,26.6,0.03,0.03,618.324531,1776187895000
1776187897.251,97.251,0.12,10.0,0.11,26.6,0.15,12.0,0.16,5.0,0.85,12.0,0.84,5.0,0.88,10.0,0.89,26.6,0.03,0.03,618.324531,1776187896000
1776187898.253,98.253,0.12,10.0,0.11,26.6,0.15,12.0,0.16,5.0,0.85,12.0,0.84,5.0,0.88,10.0,0.89,26.6,0.03,0.03,618.32488,1776187897000
1776187899.372,99.372,0.12,10.0,0.11,26.6,0.15,12.0,0.16,5.0,0.85,12.0,0.84,5.0,0.88,10.0,0.89,26.6,0.03,0.03,618.32602,1776187898000
1776187900.387,100.387,0.11,1.32,0.1,5.0,0.14,5.0,0.15,11.0,0.86,5.0,0.85,11.0,0.89,1.32,0.9,5.0,0.03,0.03,618.332,1776187899000
1776187900.998,100.998,0.11,1.32,0.1,5.0,0.14,5.0,0.15,11.0,0.86,5.0,0.85,11.0,0.89,1.32,0.9,5.0,0.03,0.03,618.332,1776187900000
1776187901.344,101.344,0.1,5.0,0.08,35.29,0.13,12.0,0.15,20.39,0.86,5.0,0.85,11.0,0.89,1.32,0.9,5.0,0.03,0.03,618.332,1776187900000
1776187902.068,102.068,0.1,5.0,0.08,35.29,0.13,12.0,0.15,20.39,0.87,12.0,0.85,20.39,0.9,5.0,0.92,35.29,0.03,0.03,618.325533,1776187901000
1776187903.195,103.195,0.1,5.0,0.08,35.29,0.13,12.0,0.15,20.39,0.87,12.0,0.85,20.39,0.9,5.0,0.92,35.29,0.03,0.03,618.369237,1776187902000
1776187904.261,104.261,0.1,5.0,0.08,35.29,0.13,12.0,0.15,20.39,0.87,12.0,0.85,20.39,0.9,5.0,0.92,35.29,0.03,0.03,618.447787,1776187903000
1776187905.31,105.31,0.1,5.0,0.08,35.29,0.13,12.0,0.15,20.39,0.87,12.0,0.85,20.39,0.9,5.0,0.92,35.29,0.03,0.03,618.471023,1776187904000
1776187905.843,105.843,0.1,5.0,0.08,35.29,0.13,12.0,0.15,20.39,0.87,12.0,0.85,20.39,0.9,5.0,0.92,35.29,0.03,0.03,618.477946,1776187905000
1776187906.857,106.857,0.1,5.0,0.08,35.29,0.13,12.0,0.15,20.39,0.87,12.0,0.85,20.39,0.9,5.0,0.92,35.29,0.03,0.03,618.477884,1776187906000
1776187907.926,107.926,0.1,5.0,0.08,35.29,0.13,12.0,0.15,20.39,0.87,12.0,0.85,20.39,0.9,5.0,0.92,35.29,0.03,0.03,618.477905,1776187907000
1776187909.108,109.108,0.1,5.0,0.08,35.29,0.13,12.0,0.15,20.39,0.87,12.0,0.85,20.39,0.9,5.0,0.92,35.29,0.03,0.03,618.554984,1776187908000
1776187910.525,110.525,0.1,5.0,0.08,35.29,0.13,12.0,0.15,20.39,0.87,12.0,0.85,20.39,0.9,5.0,0.92,35.29,0.03,0.03,618.566845,1776187909000
1776187911.109,111.109,0.1,5.0,0.08,35.29,0.13,12.0,0.15,20.39,0.87,12.0,0.85,20.39,0.9,5.0,0.92,35.29,0.03,0.03,618.564838,1776187910000
1776187912.118,112.118,0.1,5.0,0.08,35.29,0.13,12.0,0.15,20.39,0.87,12.0,0.85,20.39,0.9,5.0,0.92,35.29,0.03,0.03,618.565862,1776187911000
1776187913.265,113.265,0.1,5.0,0.08,35.29,0.13,12.0,0.15,20.39,0.87,12.0,0.85,20.39,0.9,5.0,0.92,35.29,0.03,0.03,618.568603,1776187912000
1776187913.98,113.98,0.15,10.0,0.14,21.6,0.25,5.0,0.26,13.5,0.87,12.0,0.85,20.39,0.9,5.0,0.92,35.29,0.1,0.03,618.568603,1776187912000
1776187914.22,114.22,0.15,10.0,0.14,21.6,0.25,5.0,0.26,13.5,0.75,5.0,0.74,13.5,0.85,10.0,0.86,21.6,0.1,0.1,618.568505,1776187913000
1776187915.329,115.329,0.15,10.0,0.14,21.6,0.25,5.0,0.26,13.5,0.75,5.0,0.74,13.5,0.85,10.0,0.86,21.6,0.1,0.1,618.568612,1776187914000
1776187916.372,116.372,0.15,10.0,0.14,21.6,0.25,5.0,0.26,13.5,0.75,5.0,0.74,13.5,0.85,10.0,0.86,21.6,0.1,0.1,618.594209,1776187915000
1776187916.968,116.968,0.15,10.0,0.14,21.6,0.25,5.0,0.26,13.5,0.75,5.0,0.74,13.5,0.85,10.0,0.86,21.6,0.1,0.1,618.599686,1776187916000
1776187917.976,117.976,0.15,10.0,0.14,21.6,0.25,5.0,0.26,13.5,0.75,5.0,0.74,13.5,0.85,10.0,0.86,21.6,0.1,0.1,618.599751,1776187917000
1776187919.07,119.07,0.15,10.0,0.14,21.6,0.25,5.0,0.26,13.5,0.75,5.0,0.74,13.5,0.85,10.0,0.86,21.6,0.1,0.1,618.596258,1776187918000
1776187920.126,120.126,0.15,10.0,0.14,21.6,0.25,5.0,0.26,13.5,0.75,5.0,0.74,13.5,0.85,10.0,0.86,21.6,0.1,0.1,618.59609,1776187919000
1776187920.451,120.451,0.14,16.3,0.13,33.0,0.2,15.0,0.23,19.7,0.75,5.0,0.74,13.5,0.85,10.0,0.86,21.6,0.06,0.1,618.59609,1776187919000
1776187921.264,121.264,0.14,16.3,0.13,33.0,0.2,15.0,0.23,19.7,0.8,15.0,0.77,19.7,0.86,16.3,0.87,33.0,0.06,0.06,618.596351,1776187920000
1776187922.336,122.336,0.14,16.3,0.13,33.0,0.2,15.0,0.23,19.7,0.8,15.0,0.77,19.7,0.86,16.3,0.87,33.0,0.06,0.06,618.597142,1776187921000
1776187923.336,123.336,0.14,16.3,0.13,33.0,0.2,15.0,0.23,19.7,0.8,15.0,0.77,19.7,0.86,16.3,0.87,33.0,0.06,0.06,618.605706,1776187922000
1776187924.397,124.397,0.14,16.3,0.13,33.0,0.2,15.0,0.23,19.7,0.8,15.0,0.77,19.7,0.86,16.3,0.87,33.0,0.06,0.06,618.621855,1776187923000
1776187924.93,124.93,0.14,16.3,0.13,33.0,0.2,15.0,0.23,19.7,0.8,15.0,0.77,19.7,0.86,16.3,0.87,33.0,0.06,0.06,618.653944,1776187924000
1776187926.481,126.481,0.14,16.3,0.13,33.0,0.2,15.0,0.23,19.7,0.8,15.0,0.77,19.7,0.86,16.3,0.87,33.0,0.06,0.06,618.653342,1776187925000
1776187927.105,127.105,0.14,16.3,0.13,33.0,0.2,15.0,0.23,19.7,0.8,15.0,0.77,19.7,0.86,16.3,0.87,33.0,0.06,0.06,618.653406,1776187926000
1776187928.268,128.268,0.14,16.3,0.13,33.0,0.2,15.0,0.23,19.7,0.8,15.0,0.77,19.7,0.86,16.3,0.87,33.0,0.06,0.06,618.653393,1776187927000
1776187929.295,129.295,0.14,16.3,0.13,33.0,0.2,15.0,0.23,19.7,0.8,15.0,0.77,19.7,0.86,16.3,0.87,33.0,0.06,0.06,618.654294,1776187928000
1776187930.45,130.45,0.14,16.3,0.13,33.0,0.2,15.0,0.23,19.7,0.8,15.0,0.77,19.7,0.86,16.3,0.87,33.0,0.06,0.06,618.648577,1776187929000
1776187931.088,131.088,0.14,16.3,0.13,33.0,0.2,15.0,0.23,19.7,0.8,15.0,0.77,19.7,0.86,16.3,0.87,33.0,0.06,0.06,618.648625,1776187930000
1776187932.083,132.083,0.14,16.3,0.13,33.0,0.2,15.0,0.23,19.7,0.8,15.0,0.77,19.7,0.86,16.3,0.87,33.0,0.06,0.06,618.650638,1776187931000
1776187932.474,132.474,0.24,10.0,0.21,50.0,0.25,5.05,0.26,5.0,0.8,15.0,0.77,19.7,0.86,16.3,0.87,33.0,0.01,0.06,618.650638,1776187931000
1776187933.136,133.136,0.24,10.0,0.21,50.0,0.25,0.05,0.26,5.0,0.75,0.05,0.74,5.0,0.76,10.0,0.79,50.0,0.01,0.01,618.653483,1776187932000
1776187933.392,133.392,0.24,5.0,0.21,50.0,0.25,5.05,0.26,5.0,0.75,0.05,0.74,5.0,0.76,10.0,0.79,50.0,0.01,0.01,618.653483,1776187932000
1776187934.276,134.276,0.24,5.0,0.21,50.0,0.25,5.05,0.26,5.0,0.75,5.05,0.74,5.0,0.76,5.0,0.79,50.0,0.01,0.01,618.822602,1776187933000
1776187934.506,134.506,0.24,5.0,0.21,50.0,0.25,0.05,0.3,7.0,0.75,5.05,0.74,5.0,0.76,5.0,0.79,50.0,0.01,0.01,618.822602,1776187933000
1776187935.711,135.711,0.24,5.0,0.21,50.0,0.25,0.05,0.3,7.0,0.75,0.05,0.7,7.0,0.76,5.0,0.79,50.0,0.01,0.01,618.888829,1776187934000
1776187936.217,136.217,0.24,5.0,0.21,50.0,0.25,0.05,0.3,7.0,0.75,0.05,0.7,7.0,0.76,5.0,0.79,50.0,0.01,0.01,618.888668,1776187935000
1776187937.395,137.395,0.24,5.0,0.21,50.0,0.25,0.05,0.3,7.0,0.75,0.05,0.7,7.0,0.76,5.0,0.79,50.0,0.01,0.01,618.880884,1776187936000
1776187938.051,138.051,0.24,5.0,0.21,50.0,0.25,0.05,0.3,7.0,0.75,0.05,0.7,7.0,0.76,5.0,0.79,50.0,0.01,0.01,618.880253,1776187937000
1776187939.751,139.751,0.24,5.0,0.21,50.0,0.25,0.05,0.3,7.0,0.75,0.05,0.7,7.0,0.76,5.0,0.79,50.0,0.01,0.01,618.890085,1776187938000
1776187940.332,140.332,0.24,5.0,0.21,50.0,0.25,0.05,0.3,7.0,0.75,0.05,0.7,7.0,0.76,5.0,0.79,50.0,0.01,0.01,618.889971,1776187939000
1776187941.155,141.155,0.24,29.3,0.23,14.7,0.32,7.0,0.35,5.0,0.75,0.05,0.7,7.0,0.76,5.0,0.79,50.0,0.08,0.01,618.889971,1776187939000
1776187942.464,142.464,0.24,29.3,0.23,14.7,0.32,7.0,0.35,5.0,0.68,7.0,0.65,5.0,0.76,29.3,0.77,14.7,0.08,0.08,618.892999,1776187941000
1776187943.294,143.294,0.24,29.3,0.23,14.7,0.32,7.0,0.35,5.0,0.68,7.0,0.65,5.0,0.76,29.3,0.77,14.7,0.08,0.08,618.893047,1776187942000
1776187949.017,149.017,0.21,5.0,0.18,10.0,0.32,22.68,0.35,5.0,0.68,7.0,0.65,5.0,0.76,29.3,0.77,14.7,0.11,0.08,618.893047,1776187942000
1776187951.672,151.672,0.21,5.0,0.18,10.0,0.32,22.68,0.35,5.0,0.68,22.68,0.65,5.0,0.79,5.0,0.82,10.0,0.11,0.11,618.818448,1776187950000
1776187952.112,152.112,0.21,5.0,0.18,10.0,0.32,22.68,0.35,5.0,0.68,22.68,0.65,5.0,0.79,5.0,0.82,10.0,0.11,0.11,618.814909,1776187951000
1776187953.401,153.401,0.21,5.0,0.18,10.0,0.32,22.68,0.35,5.0,0.68,22.68,0.65,5.0,0.79,5.0,0.82,10.0,0.11,0.11,618.815041,1776187952000
1776187954.075,154.075,0.21,5.0,0.18,10.0,0.32,22.68,0.35,5.0,0.68,22.68,0.65,5.0,0.79,5.0,0.82,10.0,0.11,0.11,618.815126,1776187953000
1776187955.398,155.398,0.21,5.0,0.18,10.0,0.32,22.68,0.35,5.0,0.68,22.68,0.65,5.0,0.79,5.0,0.82,10.0,0.11,0.11,618.817285,1776187954000
1776187956.451,156.451,0.21,5.0,0.18,10.0,0.32,22.68,0.35,5.0,0.68,22.68,0.65,5.0,0.79,5.0,0.82,10.0,0.11,0.11,618.817305,1776187955000
1776187956.947,156.947,0.21,5.0,0.18,10.0,0.32,22.68,0.35,5.0,0.68,22.68,0.65,5.0,0.79,5.0,0.82,10.0,0.11,0.11,618.822544,1776187956000
1776187958.066,158.066,0.21,5.0,0.18,10.0,0.32,22.68,0.35,5.0,0.68,22.68,0.65,5.0,0.79,5.0,0.82,10.0,0.11,0.11,618.825729,1776187957000
1776187958.976,158.976,0.21,5.0,0.18,10.0,0.32,22.68,0.35,5.0,0.68,22.68,0.65,5.0,0.79,5.0,0.82,10.0,0.11,0.11,618.825281,1776187958000
1776187960.005,160.005,0.21,5.0,0.18,10.0,0.32,22.68,0.35,5.0,0.68,22.68,0.65,5.0,0.79,5.0,0.82,10.0,0.11,0.11,618.825281,1776187959000
1776187961.064,161.064,0.21,5.0,0.18,10.0,0.32,22.68,0.35,5.0,0.68,22.68,0.65,5.0,0.79,5.0,0.82,10.0,0.11,0.11,618.825315,1776187960000
1776187962.09,162.09,0.21,5.0,0.18,10.0,0.32,22.68,0.35,5.0,0.68,22.68,0.65,5.0,0.79,5.0,0.82,10.0,0.11,0.11,618.825278,1776187961000
1776187963.024,163.024,0.21,5.0,0.18,10.0,0.32,22.68,0.35,5.0,0.68,22.68,0.65,5.0,0.79,5.0,0.82,10.0,0.11,0.11,618.824656,1776187962000
1776187964.04,164.04,0.21,5.0,0.18,10.0,0.32,22.68,0.35,5.0,0.68,22.68,0.65,5.0,0.79,5.0,0.82,10.0,0.11,0.11,618.824703,1776187963000
1776187964.364,164.364,0.19,5.3,0.18,17.6,0.27,5.29,0.28,6.0,0.68,22.68,0.65,5.0,0.79,5.0,0.82,10.0,0.08,0.11,618.824703,1776187963000
1776187965.144,165.144,0.19,5.3,0.18,17.6,0.27,5.29,0.28,6.0,0.73,5.29,0.72,6.0,0.81,5.3,0.82,17.6,0.08,0.08,618.812342,1776187964000
1776187966.077,166.077,0.19,5.3,0.18,17.6,0.27,5.29,0.28,6.0,0.73,5.29,0.72,6.0,0.81,5.3,0.82,17.6,0.08,0.08,618.812328,1776187965000
1776187967.075,167.075,0.19,5.3,0.18,17.6,0.27,5.29,0.28,6.0,0.73,5.29,0.72,6.0,0.81,5.3,0.82,17.6,0.08,0.08,618.806365,1776187966000
1776187967.37,167.37,0.19,0.53,0.18,17.6,0.29,12.6,0.3,17.4,0.73,5.29,0.72,6.0,0.81,5.3,0.82,17.6,0.1,0.08,618.806365,1776187966000
1776187968.049,168.049,0.19,0.53,0.18,17.6,0.29,12.6,0.3,17.4,0.71,12.6,0.7,17.4,0.81,0.53,0.82,17.6,0.1,0.1,618.806365,1776187967000
1776187969.684,169.684,0.19,0.53,0.18,17.6,0.29,12.6,0.3,17.4,0.71,12.6,0.7,17.4,0.81,0.53,0.82,17.6,0.1,0.1,618.797572,1776187968000
1776187970.238,170.238,0.19,0.53,0.18,17.6,0.29,12.6,0.3,17.4,0.71,12.6,0.7,17.4,0.81,0.53,0.82,17.6,0.1,0.1,618.797572,1776187969000
1776187971.333,171.333,0.19,0.53,0.18,17.6,0.29,12.6,0.3,17.4,0.71,12.6,0.7,17.4,0.81,0.53,0.82,17.6,0.1,0.1,618.797488,1776187970000
1776187971.92,171.92,0.19,0.53,0.18,17.6,0.29,12.6,0.3,17.4,0.71,12.6,0.7,17.4,0.81,0.53,0.82,17.6,0.1,0.1,618.799516,1776187971000
1776187973.063,173.063,0.19,0.53,0.18,17.6,0.29,12.6,0.3,17.4,0.71,12.6,0.7,17.4,0.81,0.53,0.82,17.6,0.1,0.1,618.801513,1776187972000
1776187974.143,174.143,0.19,0.53,0.18,17.6,0.29,12.6,0.3,17.4,0.71,12.6,0.7,17.4,0.81,0.53,0.82,17.6,0.1,0.1,618.814412,1776187973000
1776187975.144,175.144,0.19,0.53,0.18,17.6,0.29,12.6,0.3,17.4,0.71,12.6,0.7,17.4,0.81,0.53,0.82,17.6,0.1,0.1,618.814372,1776187974000
1776187976.256,176.256,0.19,0.53,0.18,17.6,0.29,12.6,0.3,17.4,0.71,12.6,0.7,17.4,0.81,0.53,0.82,17.6,0.1,0.1,618.811411,1776187975000
1776187977.324,177.324,0.19,0.53,0.18,17.6,0.29,12.6,0.3,17.4,0.71,12.6,0.7,17.4,0.81,0.53,0.82,17.6,0.1,0.1,618.812585,1776187976000
1776187978.452,178.452,0.19,0.53,0.18,17.6,0.29,12.6,0.3,17.4,0.71,12.6,0.7,17.4,0.81,0.53,0.82,17.6,0.1,0.1,618.812172,1776187977000
1776187978.986,178.986,0.19,0.53,0.18,17.6,0.29,12.6,0.3,17.4,0.71,12.6,0.7,17.4,0.81,0.53,0.82,17.6,0.1,0.1,618.812172,1776187978000
1776187980.091,180.091,0.19,0.53,0.18,17.6,0.29,12.6,0.3,17.4,0.71,12.6,0.7,17.4,0.81,0.53,0.82,17.6,0.1,0.1,618.781394,1776187979000
1776187981.136,181.136,0.19,0.53,0.18,17.6,0.29,12.6,0.3,17.4,0.71,12.6,0.7,17.4,0.81,0.53,0.82,17.6,0.1,0.1,618.776773,1776187980000
1776187981.65,181.65,0.1,28.9,0.09,53.92,0.23,14.7,0.24,34.3,0.71,12.6,0.7,17.4,0.81,0.53,0.82,17.6,0.13,0.1,618.776773,1776187980000
1776187982.36,182.36,0.1,28.9,0.09,53.92,0.23,14.7,0.24,34.3,0.77,14.7,0.76,34.3,0.9,28.9,0.91,53.92,0.13,0.13,618.77628,1776187981000
1776187983.817,183.817,0.1,28.9,0.09,53.92,0.23,14.7,0.24,34.3,0.77,14.7,0.76,34.3,0.9,28.9,0.91,53.92,0.13,0.13,618.728,1776187982000
1776187984.608,184.608,0.1,28.9,0.09,53.92,0.23,14.7,0.24,34.3,0.77,14.7,0.76,34.3,0.9,28.9,0.91,53.92,0.13,0.13,618.701845,1776187983000
1776187985.156,185.156,0.1,28.9,0.09,53.92,0.23,14.7,0.24,34.3,0.77,14.7,0.76,34.3,0.9,28.9,0.91,53.92,0.13,0.13,618.716,1776187984000
1776187986.497,186.497,0.1,28.9,0.09,53.92,0.23,14.7,0.24,34.3,0.77,14.7,0.76,34.3,0.9,28.9,0.91,53.92,0.13,0.13,618.676,1776187985000
1776187987.153,187.153,0.1,28.9,0.09,53.92,0.23,14.7,0.24,34.3,0.77,14.7,0.76,34.3,0.9,28.9,0.91,53.92,0.13,0.13,618.676,1776187986000
1776187988.39,188.39,0.1,28.9,0.09,53.92,0.23,14.7,0.24,34.3,0.77,14.7,0.76,34.3,0.9,28.9,0.91,53.92,0.13,0.13,618.675069,1776187987000
1776187989.473,189.473,0.1,28.9,0.09,53.92,0.23,14.7,0.24,34.3,0.77,14.7,0.76,34.3,0.9,28.9,0.91,53.92,0.13,0.13,618.619078,1776187988000
1776187990.002,190.002,0.1,28.9,0.09,53.92,0.23,14.7,0.24,34.3,0.77,14.7,0.76,34.3,0.9,28.9,0.91,53.92,0.13,0.13,618.618969,1776187989000
1776187991.264,191.264,0.1,28.9,0.09,53.92,0.23,14.7,0.24,34.3,0.77,14.7,0.76,34.3,0.9,28.9,0.91,53.92,0.13,0.13,618.615212,1776187990000
1776187992.96,192.96,0.1,28.9,0.09,53.92,0.23,14.7,0.24,34.3,0.77,14.7,0.76,34.3,0.9,28.9,0.91,53.92,0.13,0.13,618.587142,1776187991000
1776187993.589,193.589,0.1,28.9,0.09,53.92,0.23,14.7,0.24,34.3,0.77,14.7,0.76,34.3,0.9,28.9,0.91,53.92,0.13,0.13,618.588033,1776187992000
1776187994.373,194.373,0.1,28.9,0.09,53.92,0.23,14.7,0.24,34.3,0.77,14.7,0.76,34.3,0.9,28.9,0.91,53.92,0.13,0.13,618.588033,1776187993000
1776187995.697,195.697,0.1,28.9,0.09,53.92,0.23,14.7,0.24,34.3,0.77,14.7,0.76,34.3,0.9,28.9,0.91,53.92,0.13,0.13,618.583,1776187994000
1776187996.357,196.357,0.1,28.9,0.09,53.92,0.23,14.7,0.24,34.3,0.77,14.7,0.76,34.3,0.9,28.9,0.91,53.92,0.13,0.13,618.583,1776187995000
1776187997.087,197.087,0.05,53.64,0.04,83.7,0.1,28.9,0.11,26.6,0.9,28.9,0.89,26.6,0.95,53.64,0.96,83.7,0.05,0.05,618.583,1776187996000
1776187998.446,198.446,0.05,53.64,0.04,83.7,0.1,28.9,0.11,26.6,0.9,28.9,0.89,26.6,0.95,53.64,0.96,83.7,0.05,0.05,618.593,1776187997000
1776187998.714,198.714,0.03,52.23,0.02,137.69,0.09,31.7,0.1,28.9,0.91,31.7,0.9,28.9,0.97,54.3,0.98,137.69,0.06,0.06,618.593,1776187997000
1776187999.121,199.121,0.03,52.23,0.02,137.69,0.09,31.7,0.1,28.9,0.91,31.7,0.9,28.9,0.97,52.23,0.98,137.69,0.06,0.06,618.593,1776187998000
1776188000.143,200.143,0.03,47.23,0.02,137.69,0.06,46.1,0.07,39.9,0.91,31.7,0.9,28.9,0.97,52.23,0.98,137.69,0.03,0.06,618.593,1776187998000
1776188000.402,200.402,0.03,47.23,0.02,137.69,0.06,46.1,0.07,39.9,0.94,46.1,0.93,39.9,0.97,47.23,0.98,137.69,0.03,0.03,618.597,1776187999000
1776188001.461,201.461,0.03,47.23,0.02,137.69,0.06,46.1,0.07,39.9,0.94,46.1,0.93,39.9,0.97,47.23,0.98,137.69,0.03,0.03,618.520743,1776188000000
1776188001.882,201.882,0.02,135.64,0.01,5552.6,0.04,67.7,0.05,54.7,0.94,46.1,0.93,39.9,0.97,47.23,0.98,137.69,0.02,0.03,618.520743,1776188000000
1776188002.91,202.91,0.02,135.64,0.01,5552.6,0.04,67.7,0.05,54.7,0.96,67.7,0.95,54.7,0.98,135.64,0.99,5552.6,0.02,0.02,618.439159,1776188002000
1776188003.806,203.806,0.02,135.64,0.01,5552.6,0.04,67.7,0.05,54.7,0.96,67.7,0.95,54.7,0.98,135.64,0.99,5552.6,0.02,0.02,618.376957,1776188003000
1776188004.822,204.822,0.02,135.64,0.01,5552.6,0.04,67.7,0.05,54.7,0.96,67.7,0.95,54.7,0.98,135.64,0.99,5552.6,0.02,0.02,618.37312,1776188004000
1776188005.414,205.414,0.02,2.95,0.01,552.6,0.03,64.59,0.04,72.7,0.96,67.7,0.95,54.7,0.98,135.64,0.99,5552.6,0.01,0.02,618.37312,1776188004000
1776188005.847,205.847,0.02,2.95,0.01,552.6,0.03,64.59,0.04,72.7,0.97,64.59,0.96,72.7,0.98,2.95,0.99,552.6,0.01,0.01,618.353066,1776188005000
1776188007.301,207.301,0.02,2.95,0.01,552.6,0.03,64.59,0.04,72.7,0.97,64.59,0.96,72.7,0.98,2.95,0.99,552.6,0.01,0.01,618.203834,1776188006000
1776188008.023,208.023,0.02,0.9,0.01,290.0,0.03,64.59,0.04,72.7,0.97,64.59,0.96,72.7,0.98,2.95,0.99,552.6,0.01,0.01,618.203834,1776188006000
1776188009.18,209.18,0.02,0.9,0.01,290.0,0.03,64.59,0.04,72.7,0.97,64.59,0.96,72.7,0.98,0.9,0.99,290.0,0.01,0.01,618.1589,1776188008000
1776188010.092,210.092,0.02,0.9,0.01,290.0,0.03,64.59,0.04,72.7,0.97,64.59,0.96,72.7,0.98,0.9,0.99,290.0,0.01,0.01,618.174827,1776188009000
1776188011.066,211.066,0.02,0.9,0.01,290.0,0.03,64.59,0.04,72.7,0.97,64.59,0.96,72.7,0.98,0.9,0.99,290.0,0.01,0.01,618.221373,1776188010000
1776188012.018,212.018,0.02,0.9,0.01,290.0,0.03,64.59,0.04,72.7,0.97,64.59,0.96,72.7,0.98,0.9,0.99,290.0,0.01,0.01,618.29058,1776188011000
1776188012.993,212.993,0.02,0.9,0.01,290.0,0.03,64.59,0.04,72.7,0.97,64.59,0.96,72.7,0.98,0.9,0.99,290.0,0.01,0.01,618.302,1776188012000
1776188014.083,214.083,0.02,0.9,0.01,290.0,0.03,64.59,0.04,72.7,0.97,64.59,0.96,72.7,0.98,0.9,0.99,290.0,0.01,0.01,618.300382,1776188013000
1776188015.078,215.078,0.02,0.9,0.01,290.0,0.03,64.59,0.04,72.7,0.97,64.59,0.96,72.7,0.98,0.9,0.99,290.0,0.01,0.01,618.336712,1776188014000
1776188016.201,216.201,0.02,0.9,0.01,290.0,0.03,64.59,0.04,72.7,0.97,64.59,0.96,72.7,0.98,0.9,0.99,290.0,0.01,0.01,618.333359,1776188015000
1776188017.212,217.212,0.02,0.9,0.01,290.0,0.03,64.59,0.04,72.7,0.97,64.59,0.96,72.7,0.98,0.9,0.99,290.0,0.01,0.01,618.333359,1776188016000
1776188018.299,218.299,0.02,0.9,0.01,290.0,0.03,64.59,0.04,72.7,0.97,64.59,0.96,72.7,0.98,0.9,0.99,290.0,0.01,0.01,618.333959,1776188017000
1776188019.381,219.381,0.02,0.9,0.01,290.0,0.03,64.59,0.04,72.7,0.97,64.59,0.96,72.7,0.98,0.9,0.99,290.0,0.01,0.01,618.363427,1776188018000
1776188019.913,219.913,0.02,0.9,0.01,290.0,0.03,64.59,0.04,72.7,0.97,64.59,0.96,72.7,0.98,0.9,0.99,290.0,0.01,0.01,618.363427,1776188019000
1776188020.988,220.988,0.02,0.9,0.01,290.0,0.03,64.59,0.04,72.7,0.97,64.59,0.96,72.7,0.98,0.9,0.99,290.0,0.01,0.01,618.382491,1776188020000
1776188021.923,221.923,0.02,0.9,0.01,290.0,0.03,64.59,0.04,72.7,0.97,64.59,0.96,72.7,0.98,0.9,0.99,290.0,0.01,0.01,618.384481,1776188021000
1776188022.957,222.957,0.02,0.9,0.01,290.0,0.03,64.59,0.04,72.7,0.97,64.59,0.96,72.7,0.98,0.9,0.99,290.0,0.01,0.01,618.371099,1776188022000
1776188024.041,224.041,0.02,0.9,0.01,290.0,0.03,64.59,0.04,72.7,0.97,64.59,0.96,72.7,0.98,0.9,0.99,290.0,0.01,0.01,618.378044,1776188023000
1776188025.144,225.144,0.02,0.9,0.01,290.0,0.03,64.59,0.04,72.7,0.97,64.59,0.96,72.7,0.98,0.9,0.99,290.0,0.01,0.01,618.412426,1776188024000
1776188026.128,226.128,0.02,0.9,0.01,290.0,0.03,64.59,0.04,72.7,0.97,64.59,0.96,72.7,0.98,0.9,0.99,290.0,0.01,0.01,618.442334,1776188025000
1776188027.755,227.755,0.02,0.9,0.01,290.0,0.03,64.59,0.04,72.7,0.97,64.59,0.96,72.7,0.98,0.9,0.99,290.0,0.01,0.01,618.444192,1776188026000
1776188028.97,228.97,0.02,0.9,0.01,290.0,0.03,64.59,0.04,72.7,0.97,64.59,0.96,72.7,0.98,0.9,0.99,290.0,0.01,0.01,618.444387,1776188027000
1776188029.516,229.516,0.02,0.9,0.01,290.0,0.03,64.59,0.04,72.7,0.97,64.59,0.96,72.7,0.98,0.9,0.99,290.0,0.01,0.01,618.44444,1776188028000
1776188030.529,230.529,0.02,0.9,0.01,290.0,0.03,64.59,0.04,72.7,0.97,64.59,0.96,72.7,0.98,0.9,0.99,290.0,0.01,0.01,618.392718,1776188029000
1776188031.157,231.157,0.02,0.9,0.01,290.0,0.03,64.59,0.04,72.7,0.97,64.59,0.96,72.7,0.98,0.9,0.99,290.0,0.01,0.01,618.391418,1776188030000
1776188032.712,232.712,0.02,0.9,0.01,290.0,0.03,64.59,0.04,72.7,0.97,64.59,0.96,72.7,0.98,0.9,0.99,290.0,0.01,0.01,618.364509,1776188031000
1776188033.51,233.51,0.02,0.9,0.01,290.0,0.03,64.59,0.04,72.7,0.97,64.59,0.96,72.7,0.98,0.9,0.99,290.0,0.01,0.01,618.364551,1776188032000
1776188034.299,234.299,0.02,0.9,0.01,290.0,0.03,64.59,0.04,72.7,0.97,64.59,0.96,72.7,0.98,0.9,0.99,290.0,0.01,0.01,618.364551,1776188033000
1776188035.061,235.061,0.02,0.9,0.01,290.0,0.03,64.59,0.04,72.7,0.97,64.59,0.96,72.7,0.98,0.9,0.99,290.0,0.01,0.01,618.364845,1776188034000
1776188036.583,236.583,0.02,0.9,0.01,290.0,0.03,64.59,0.04,72.7,0.97,64.59,0.96,72.7,0.98,0.9,0.99,290.0,0.01,0.01,618.420351,1776188035000
1776188037.314,237.314,0.02,0.9,0.01,290.0,0.03,64.59,0.04,72.7,0.97,64.59,0.96,72.7,0.98,0.9,0.99,290.0,0.01,0.01,618.446937,1776188036000
1776188038.747,238.747,0.02,0.9,0.01,290.0,0.03,64.59,0.04,72.7,0.97,64.59,0.96,72.7,0.98,0.9,0.99,290.0,0.01,0.01,618.447912,1776188037000
1776188039.466,239.466,0.02,0.9,0.01,290.0,0.03,64.59,0.04,72.7,0.97,64.59,0.96,72.7,0.98,0.9,0.99,290.0,0.01,0.01,618.447946,1776188038000
1776188040.124,240.124,0.02,0.9,0.01,290.0,0.03,64.59,0.04,72.7,0.97,64.59,0.96,72.7,0.98,0.9,0.99,290.0,0.01,0.01,618.444712,1776188039000
1776188041.359,241.359,0.01,285.8,,,0.03,99.3,0.04,67.7,0.97,64.59,0.96,72.7,0.98,0.9,0.99,290.0,0.02,0.01,618.444712,1776188039000
1776188042.352,242.352,0.01,285.8,,,0.03,99.3,0.04,67.7,0.97,99.3,0.96,67.7,0.99,285.8,,,0.02,0.02,618.444862,1776188041000
1776188043.48,243.48,0.01,280.8,,,0.02,137.69,0.03,99.3,0.97,99.3,0.96,67.7,0.99,285.8,,,0.01,0.02,618.444862,1776188041000
1776188044.382,244.382,0.01,280.8,,,0.02,137.69,0.03,99.3,0.98,137.69,0.97,99.3,0.99,280.8,,,0.01,0.01,618.445171,1776188043000
1776188045.099,245.099,0.01,280.8,,,0.02,137.69,0.03,99.3,0.98,137.69,0.97,99.3,0.99,280.8,,,0.01,0.01,618.443156,1776188044000
1776188046.929,246.929,0.01,280.8,,,0.02,137.69,0.03,99.3,0.98,137.69,0.97,99.3,0.99,280.8,,,0.01,0.01,618.435447,1776188045000
1776188047.468,247.468,0.01,280.8,,,0.02,137.69,0.03,99.3,0.98,137.69,0.97,99.3,0.99,280.8,,,0.01,0.01,618.366702,1776188046000
1776188047.923,247.923,0.01,280.8,,,0.02,137.69,0.03,99.3,0.98,137.69,0.97,99.3,0.99,280.8,,,0.01,0.01,618.368397,1776188047000
1776188048.266,248.266,,,,,0.01,770.0,0.02,137.69,0.98,137.69,0.97,99.3,0.99,280.8,,,,0.01,618.368397,1776188047000
1776188048.597,248.597,,,,,0.01,1032.08,0.02,137.69,0.99,770.0,0.98,137.69,,,,,,,618.368397,1776188047000
1776188048.984,248.984,,,,,0.01,1032.08,0.02,137.69,0.99,1032.08,0.98,137.69,,,,,,,618.36321,1776188048000
1776188050.141,250.141,,,,,0.01,1032.08,0.02,137.69,0.99,1032.08,0.98,137.69,,,,,,,618.362578,1776188049000
1776188051.141,251.141,,,,,0.01,1032.08,0.02,137.69,0.99,1032.08,0.98,137.69,,,,,,,618.298971,1776188050000
1776188052.226,252.226,,,,,0.01,1032.08,0.02,137.69,0.99,1032.08,0.98,137.69,,,,,,,618.29483,1776188051000
1776188053.259,253.259,,,,,0.01,1032.08,0.02,137.69,0.99,1032.08,0.98,137.69,,,,,,,618.252855,1776188052000
1776188054.327,254.327,,,,,0.01,1032.08,0.02,137.69,0.99,1032.08,0.98,137.69,,,,,,,618.249321,1776188053000
1776188054.926,254.926,,,,,0.01,1032.08,0.02,137.69,0.99,1032.08,0.98,137.69,,,,,,,618.249321,1776188054000
1776188055.907,255.907,,,,,0.01,1032.08,0.02,137.69,0.99,1032.08,0.98,137.69,,,,,,,618.176531,1776188055000
1776188057.052,257.052,,,,,0.01,1032.08,0.02,137.69,0.99,1032.08,0.98,137.69,,,,,,,618.174937,1776188056000
1776188058.147,258.147,,,,,0.01,1032.08,0.02,137.69,0.99,1032.08,0.98,137.69,,,,,,,618.17486,1776188057000
1776188059.198,259.198,,,,,0.01,1032.08,0.02,137.69,0.99,1032.08,0.98,137.69,,,,,,,618.100534,1776188058000
1776188060.562,260.562,,,,,0.01,1032.08,0.02,137.69,0.99,1032.08,0.98,137.69,,,,,,,618.094869,1776188059000
1776188061.058,261.058,,,,,0.01,1032.08,0.02,137.69,0.99,1032.08,0.98,137.69,,,,,,,618.085166,1776188060000
1776188062.172,262.172,,,,,0.01,1032.08,0.02,137.69,0.99,1032.08,0.98,137.69,,,,,,,617.903619,1776188061000
1776188063.121,263.121,,,,,0.01,1032.08,0.02,137.69,0.99,1032.08,0.98,137.69,,,,,,,617.868786,1776188062000
1776188064.105,264.105,,,,,0.01,1032.08,0.02,137.69,0.99,1032.08,0.98,137.69,,,,,,,617.870669,1776188063000
1776188065.171,265.171,,,,,0.01,1032.08,0.02,137.69,0.99,1032.08,0.98,137.69,,,,,,,617.87036,1776188064000
1776188066.209,266.209,,,,,0.01,1032.08,0.02,137.69,0.99,1032.08,0.98,137.69,,,,,,,617.87049,1776188065000
1776188067.269,267.269,,,,,0.01,1032.08,0.02,137.69,0.99,1032.08,0.98,137.69,,,,,,,617.938495,1776188066000
1776188068.23,268.23,,,,,0.01,1032.08,0.02,137.69,0.99,1032.08,0.98,137.69,,,,,,,617.947488,1776188067000
1776188069.254,269.254,,,,,0.01,1032.08,0.02,137.69,0.99,1032.08,0.98,137.69,,,,,,,617.868439,1776188068000
1776188070.188,270.188,,,,,0.01,1032.08,0.02,137.69,0.99,1032.08,0.98,137.69,,,,,,,617.777,1776188069000
1776188071.265,271.265,,,,,0.01,1032.08,0.02,137.69,0.99,1032.08,0.98,137.69,,,,,,,617.74261,1776188070000
1776188072.293,272.293,,,,,0.01,1032.08,0.02,137.69,0.99,1032.08,0.98,137.69,,,,,,,617.546913,1776188071000
1776188073.857,273.857,,,,,0.01,1032.08,0.02,137.69,0.99,1032.08,0.98,137.69,,,,,,,616.860647,1776188072000
1776188074.366,274.366,,,,,0.01,1032.08,0.02,137.69,0.99,1032.08,0.98,137.69,,,,,,,616.855034,1776188073000
1776188075.459,275.459,,,,,0.01,1032.08,0.02,137.69,0.99,1032.08,0.98,137.69,,,,,,,616.850566,1776188074000
1776188076.129,276.129,,,,,0.01,1032.08,0.02,137.69,0.99,1032.08,0.98,137.69,,,,,,,616.818513,1776188075000
1776188077.177,277.177,,,,,0.01,1032.08,0.02,137.69,0.99,1032.08,0.98,137.69,,,,,,,616.688962,1776188076000
1776188078.332,278.332,,,,,0.01,1032.08,0.02,137.69,0.99,1032.08,0.98,137.69,,,,,,,616.687713,1776188077000
1776188079.473,279.473,,,,,0.01,1032.08,0.02,137.69,0.99,1032.08,0.98,137.69,,,,,,,616.680126,1776188078000
1776188079.927,279.927,,,,,0.01,1032.08,0.02,137.69,0.99,1032.08,0.98,137.69,,,,,,,616.622356,1776188079000
1776188081.091,281.091,,,,,0.01,1032.08,0.02,137.69,0.99,1032.08,0.98,137.69,,,,,,,616.570862,1776188080000
1776188082.128,282.128,,,,,0.01,1032.08,0.02,137.69,0.99,1032.08,0.98,137.69,,,,,,,616.547,1776188081000
1776188083.523,283.523,,,,,0.01,1032.08,0.02,137.69,0.99,1032.08,0.98,137.69,,,,,,,616.506261,1776188082000
1776188083.998,283.998,,,,,0.01,1032.08,0.02,137.69,0.99,1032.08,0.98,137.69,,,,,,,616.489487,1776188083000
1776188085.139,285.139,,,,,0.01,1032.08,0.02,137.69,0.99,1032.08,0.98,137.69,,,,,,,616.514318,1776188084000
1776188086.221,286.221,,,,,0.01,1032.08,0.02,137.69,0.99,1032.08,0.98,137.69,,,,,,,616.608,1776188085000
1776188087.335,287.335,,,,,0.01,1032.08,0.02,137.69,0.99,1032.08,0.98,137.69,,,,,,,616.601776,1776188086000
1776188088.456,288.456,,,,,0.01,1032.08,0.02,137.69,0.99,1032.08,0.98,137.69,,,,,,,616.584174,1776188087000
1776188088.992,288.992,,,,,0.01,1032.08,0.02,137.69,0.99,1032.08,0.98,137.69,,,,,,,616.55889,1776188088000
1776188090.073,290.073,,,,,0.01,1032.08,0.02,137.69,0.99,1032.08,0.98,137.69,,,,,,,616.520231,1776188089000
1776188091.457,291.457,,,,,0.01,1032.08,0.02,137.69,0.99,1032.08,0.98,137.69,,,,,,,616.537,1776188090000
1776188092.037,292.037,,,,,0.01,1032.08,0.02,137.69,0.99,1032.08,0.98,137.69,,,,,,,616.53,1776188091000
1776188093.108,293.108,,,,,0.01,1032.08,0.02,137.69,0.99,1032.08,0.98,137.69,,,,,,,616.547,1776188092000
1776188094.244,294.244,,,,,0.01,1032.08,0.02,137.69,0.99,1032.08,0.98,137.69,,,,,,,616.55,1776188093000
1776188095.342,295.342,,,,,0.01,1032.08,0.02,137.69,0.99,1032.08,0.98,137.69,,,,,,,616.571,1776188094000
1776188095.915,295.915,,,,,0.01,1032.08,0.02,137.69,0.99,1032.08,0.98,137.69,,,,,,,616.578107,1776188095000
1776188097.022,297.022,,,,,0.01,1032.08,0.02,137.69,0.99,1032.08,0.98,137.69,,,,,,,616.629,1776188096000
1776188098.32,298.32,,,,,0.01,1032.08,0.02,137.69,0.99,1032.08,0.98,137.69,,,,,,,616.681,1776188097000
1776188099.075,299.075,,,,,0.01,1032.08,0.02,137.69,0.99,1032.08,0.98,137.69,,,,,,,616.638652,1776188098000
1776188100.377,300.377,,,,,0.01,1032.08,0.02,137.69,0.99,1032.08,0.98,137.69,,,,,,,616.582,1776188099000

# RESULT,winner=Down,slug=bnb-updown-5m-1776187800,ticks=302
